1842 3193
240 189 298 230 64
692 200 767 230 cn.
799 199 1086 231 anumANi
1122 199 1153 228 1.

241 294 441 344 Floreat,
463 299 510 336 et
529 295 651 336 claro
675 294 874 347 cingatur
895 293 1045 334 Roma
1067 292 1249 341 Senatu,

242 361 301 403 Se
328 361 500 415 jactare
519 375 696 415 parem:
731 361 823 409 sed,
859 361 1004 413 prima
1026 359 1134 399 sede
1158 358 1313 399 relicta

240 428 505 479 Aucheniis,
530 430 583 469 de
608 430 704 482 jure
726 427 831 466 licet
851 433 1020 467 certare
1045 425 1260 466 secundo.

242 495 381 537 Haud
404 510 537 538 secus
560 509 612 536 ac
635 494 818 535 tacitam
839 493 964 533 Luna
987 497 1201 544 regnante
1221 505 1302 545 per
1320 490 1491 533 Arcton

243 563 439 605 Sidereae
464 563 625 603 cedunt
646 561 785 610 acies,
809 573 911 601 cum
933 560 1064 600 fratre
1084 563 1232 600 retuso

243 630 453 672 AEmulus
474 630 671 671 adversis
692 627 943 680 flagraverit
963 627 1140 679 ignibus
1163 627 1300 667 orbis.

242 697 366 739 Tunc
392 699 528 752 jubar
549 697 728 738 Arcturi
749 696 957 748 languet:
990 698 1093 734 tunc
1125 693 1252 735 fulva
1274 693 1440 734 Leonis

1645 359 1704 400 20

1642 692 1701 733 25

241 842 382 882 quamvis
408 842 583 873 illustretur
605 840 743 881 antiquis
766 838 968 879 imaginibus
990 837 1092 876 cereis,
1108 840 1138 868 et
1166 837 1265 868 Roma
1289 836 1479 875 compleatur
1504 832 1708 865 Senatoribus

242 885 427 922 illustribus,
449 885 541 915 audet
565 884 698 923 gloriari
722 893 753 913 se
772 892 845 913 esse
871 882 1039 921 oequalem:
1060 884 1093 911 at
1114 879 1311 920 permittitur
1331 879 1382 908 his
1405 877 1585 907 contendere
1601 878 1637 907 de
1663 886 1708 907 se·

241 929 341 958 cunda
355 928 523 966 dignitate,
543 927 645 966 primo
658 927 762 964 gradu.
785 934 920 955 concesso
935 923 1113 954 Aucheuiis.
1159 922 1422 957 Quemadmodum
1445 920 1534 959 ignes
1548 919 1708 950 stellarum

242 971 353 1000 cedunt
384 970 482 1000 Lunoe
507 969 680 999 dominanti
702 978 758 1008 per
787 967 986 1006 tranquillum
1017 965 1279 1005 Septentrionem,
1299 973 1366 994 cum
1400 962 1473 1003 ejus
1500 962 1583 992 orbis
1611 962 1709 993 velut

241 1012 370 1052 aequalis
395 1012 587 1042 illuminatur
603 1010 746 1050 flammis
759 1010 905 1050 oppositis
932 1009 1004 1039 solis
1026 1007 1210 1048 repercussi.
1241 1007 1324 1037 Tunc
1350 1007 1406 1036 lux
1428 1005 1559 1036 Arcturi
1581 1004 1705 1046 deficit:

858 1117 1093 1128 eeeeeeeeeeee

242 1190 282 1218 21
307 1185 476 1217 Aucheniis
489 1184 617 1215 Moret.
635 1181 732 1213 Leid.
747 1191 800 1222 pr.
818 1185 853 1212 et
877 1181 930 1212 ed.
954 1180 1070 1212 Vicet.
1087 1180 1257 1212 Ancheniis
1272 1180 1348 1210 Pal.
1362 1180 1458 1210 Med.
1484 1188 1535 1219 pr.
1551 1178 1713 1210 Alcheniis

241 1229 318 1261 cod.
329 1229 415 1269 Gyr.
431 1228 512 1258 Vat.
529 1231 602 1266 opt.
619 1226 720 1257 Farn.
737 1226 821 1256 Exc.
834 1225 980 1255 Lucens.
996 1223 1145 1255 Acheniis
1161 1224 1253 1254 Pric.
1270 1222 1408 1254 Anehez's
1417 1223 1499 1253 Vat.
1516 1222 1625 1262 quint.
1641 1221 1709 1252 An-

234 1272 360 1303 themiis
375 1270 471 1301 Med.
490 1273 601 1310 quart.
619 1278 696 1298 mox
721 1278 758 1297 ne
770 1277 831 1307 pro
846 1269 884 1297 de
900 1267 1064 1297 Par—22
1084 1266 1177 1297 Hanc
1193 1276 1220 1296 s.
1238 1266 1316 1296 hanc
1334 1265 1407 1295 Pal.
1422 1266 1462 1295 ad
1477 1264 1573 1296 Med.
1590 1268 1704 1305 quart.

241 1318 297 1345 aut
310 1314 438 1345 tacitam
455 1317 490 1343 et
506 1311 638 1342 emend.
650 1310 815 1341 Ati-nciam
826 1309 921 1340 Leid.
939 1319 991 1350 pr.
1007 1309 1174 1340 Abraciam
1188 1312 1362 1339 corrector
1375 1307 1495 1348 aliquis
1513 1317 1567 1347 ap.
1584 1306 1708 1338 Heius.

243 1359 328 1388 —23
340 1359 441 1386 retuso
456 1355 538 1385 vat.
552 1353 618 1384 dno
635 1354 735 1384 Farn.
762 1353 881 1383 Petav.
899 1361 949 1392 pr.
966 1352 1060 1382 Med.
1077 1356 1189 1392 quart.
1205 1351 1259 1382 ed.
1276 1351 1392 1382 Parni.
1408 1354 1444 1381 et
1460 1350 1573 1381 Vicet.
1586 1352 1709 1380 retruso

243 1399 331 1438 conj.
348 1399 436 1429 scal.
449 1397 548 1428 reviso
563 1397 645 1427 Vat.
662 1396 770 1436 quint.
786 1404 905 1426 recusso
919 1395 1005 1426 Mss.
1022 1395 1142 1425 Barth.
1157 1394 1231 1424 Pal.
1250 1393 1372 1424 Petav.
1390 1402 1442 1433 pr.
1459 1392 1555 1423 Med.
1568 1402 1620 1432 pr.
1634 1392 1710 1423 Mo-

244 1448 308 1474 ret.
324 1445 359 1473 et
374 1440 469 1472 Leid.
486 1448 671 1481 pr.recurso
683 1438 864 1469 Pric.—25
882 1441 1020 1468 attractu
1034 1437 1127 1468 Prie.
1143 1438 1293 1476 languens
1308 1436 1466 1467 Pal.-—27
1480 1435 1549 1474 regi
1566 1444 1627 1476 pro
1644 1434 1711 1474 tegi

910 1501 1051 1533 NOTAE

286 1589 328 1617 19
352 1584 493 1624 Floreat]
517 1585 648 1615 Statuae
677 1583 882 1614 dicabantur
910 1583 948 1613 il-

244 1636 458 1668 lustrioribus
474 1635 568 1673 viris,
593 1635 649 1675 qui
665 1635 754 1665 inter
776 1634 872 1672 alios,
888 1632 948 1664 flo-

243 1697 315 1719 rum
332 1688 453 1726 instar,
469 1686 676 1717 enituerunt.

288 1738 447 1777 cingatur
460 1737 560 1767 Roma
573 1735 705 1776 Senatu]
721 1736 829 1766 Roma
844 1734 949 1765 abnn-

242 1787 302 1818 det
325 1786 518 1819 clarissimis
546 1790 648 1827 atque
664 1785 878 1826 amplissimis
894 1786 949 1816 Se-

241 1836 510 1878 natoribus,qui,
520 1846 594 1867 cum
609 1836 718 1867 varias
729 1836 819 1867 urbis
830 1840 946 1876 partes

241 1888 400 1920 habitent
438 1888 715 1927 compleantque,
739 1896 812 1916 eam
842 1886 948 1916 veluti

242 1938 381 1979 cingere
398 1938 465 1969 dici
484 1941 624 1978 queant.

283 1991 326 2019 22
351 1988 450 2018 Haud
462 1988 563 2028 secus]
584 1986 778 2017 Similitudo
790 1986 874 2017 duas
892 1986 948 2017 ha-

241 2038 300 2069 bet
316 2042 433 2079 partes
449 2048 458 2076 ;
497 2042 546 2077 ut,
569 2037 658 2068 sicut
679 2037 730 2068 sol
749 2046 883 2077 semper
900 2037 948 2067 lu-

243 2092 312 2126 cet,
328 2088 378 2119 ita
402 2092 437 2118 et
464 2088 585 2119 virtus.
630 2086 679 2118 At
695 2087 816 2118 Poe'tae
845 2096 946 2117 unam

242 2142 375 2179 partem
392 2146 485 2177 saepe
500 2138 659 2176 reticent,
674 2142 712 2168 nt
727 2138 761 2168 in
776 2138 839 2168 hac
858 2146 948 2167 com-

242 2187 433 2228 paratione,
458 2196 532 2227 quae
558 2187 695 2226 integra
720 2187 768 2217 sic
795 2187 948 2217 breviter

240 2236 373 2268 institui
408 2240 537 2276 potest.
597 2236 691 2266 Sicut
729 2236 796 2266 alia
834 2236 947 2267 sidera

242 2286 369 2319 cedunt
397 2287 503 2317 Lunae
542 2291 707 2327 tanquam
734 2285 875 2325 regim,
900 2286 949 2316 sic

242 2343 367 2369 ceterae
385 2337 524 2368 familiae
542 2337 671 2368 cedunt
699 2337 793 2377 genti
816 2335 950 2367 Auche-

241 2387 373 2419 niorum
390 2392 550 2428 tanquam
562 2387 744 2427 primariae.

285 2439 426 2469 Tacitum
443 2448 500 2478 per
526 2437 661 2477 Arcton]
687 2437 858 2477 Intelligit
875 2447 950 2477 par-

243 2494 311 2521 tem
342 2489 458 2519 mundi
480 2488 807 2528 Septentrionalem,
832 2488 867 2518 in
883 2498 948 2528 qua

241 2545 294 2571 est
310 2539 435 2571 Arctos
459 2549 516 2570 sen
533 2539 633 2577 Ursa,
649 2539 778 2578 signum
796 2539 947 2570 coeleste.

241 2590 377 2621 Dicitur
407 2594 520 2620 antem
559 2587 683 2619 Arctos
714 2588 832 2626 tacita,
869 2598 946 2619 cum

241 2642 362 2673 coelum
387 2651 543 2672 serenum
568 2646 634 2679 est,
649 2645 685 2671 et
702 2641 794 2671 venti
818 2640 929 2673 silent.

285 2691 374 2722 Luna
385 2691 551 2731 regnante]
567 2691 608 2721 In
623 2690 867 2730 Septentrione
882 2691 946 2722 Lu-

243 2750 287 2772 na
304 2741 448 2773 lucidior
465 2745 625 2784 apparet,
646 2740 791 2782 ideoque
811 2740 857 2772 ibi
873 2750 947 2782 reg-

1002 1599 1081 1620 num
1099 1588 1262 1620 illustrius
1277 1588 1417 1627 habere,
1434 1597 1494 1618 seu
1510 1586 1616 1627 magis
1632 1595 1709 1627 reg·

1002 1649 1083 1670 nare
1100 1639 1242 1677 dicitnr,
1264 1638 1353 1679 quod
1371 1637 1480 1677 magis
1503 1637 1650 1669 accedat
1665 1635 1709 1667 ad

1002 1694 1155 1719 nostrum
1171 1688 1298 1719 Zenz'th.

1045 1742 1086 1769 23
1112 1739 1247 1769 Siderece
1259 1739 1370 1768 cedunt
1383 1736 1476 1777 acies]
1493 1737 1631 1769 Cedunt
1645 1737 1711 1769 Lu-

1003 1799 1056 1820 nae
1075 1789 1169 1819 velut
1187 1788 1327 1829 reginae,
1358 1788 1496 1819 ordines
1511 1788 1711 1827 stellarum3

1003 1845 1061 1871 aut
1092 1841 1183 1871 acies
1209 1839 1356 1879 intelligi
1383 1839 1487 1870 debet
1511 1830 1624 1879 fulgor
1653 1839 1712 1871 ille

1002 1891 1228 1929 acuminatus,
1245 1890 1301 1931 qui
1317 1890 1349 1920 in
1366 1889 1536 1920 sideribus
1551 1894 1710 1929 apparet.

1047 1942 1164 1972 Fratre
1189 1941 1306 1981 retuso]
1328 1940 1369 1971 Id
1393 1944 1458 1978 est,
1486 1939 1566 1970 Sole
1594 1948 1711 1979 reper-

1003 2002 1123 2024 cusso:
1148 1991 1275 2022 etenim
1300 1990 1385 2021 radii
1398 1990 1486 2021 Solis
1509 1995 1633 2020 contra
1646 1989 1711 2020 Lu·

1002 2053 1055 2074 nae
1073 2052 1197 2082 corpus
1221 2040 1454 2072 retunduntur
1476 2044 1579 2081 atque
1595 2049 1710 2080 reper-

1002 2092 1190 2131 cutiuntur,
1213 2095 1248 2122 et
1264 2090 1306 2122 ab
1329 2091 1393 2122 hoc
1409 2089 1576 2121 radiorum
1594 2099 1710 2130 reper-

1002 2152 1102 2174 cussu
1118 2143 1224 2180 Luna,
1237 2141 1343 2171 instar
1357 2140 1502 2180 speculi,
1518 2140 1712 2181 verberata,

1002 2191 1131 2222 emittit
1166 2191 1279 2220 lucem
1315 2187 1493 2230 reflexam,
1530 2189 1710 2232 minusque

1002 2241 1113 2271 vivam
1136 2249 1235 2280 quam
1260 2239 1358 2279 Solis,
1385 2240 1466 2280 quia
1493 2239 1580 2271 radii
1601 2241 1709 2272 retusi

1003 2294 1081 2321 sunt
1097 2294 1202 2330 atque
1217 2288 1403 2320 debilitati.

1045 2342 1088 2371 24
1120 2340 1264 2370 AEmulus
1304 2338 1403 2379 orbis]
1449 2339 1554 2372 Quasi
1590 2349 1707 2380 parem

1003 2389 1221 2430 splendorem
1231 2389 1499 2430 dignitatemque
1509 2388 1708 2422 affectaret:

1003 2443 1039 2470 et
1057 2443 1126 2469 tum
1140 2438 1242 2478 plena
1258 2439 1352 2469 Luna
1368 2439 1595 2479 intelligenda
1611 2444 1676 2479 est.

1046 2492 1086 2520 25
1111 2489 1258 2529 Arcturi]
1307 2490 1442 2520 Dicitur
1474 2489 1587 2530 ἄρκτου
1623 2490 1709 2532 οὐρὰ,

1007 2540 1096 2571 Ursoe
1116 2541 1215 2570 cauda
1227 2550 1237 2575 ;
1261 2545 1314 2571 est
1331 2541 1420 2571 enim
1443 2541 1612 2573 Arcturus
1628 2551 1707 2582 pars

1001 2591 1119 2622 caudae
1140 2591 1276 2631 majoris
1293 2592 1404 2624 Ursae.

1047 2642 1175 2682 Leonis]
1198 2643 1259 2673 Est
1272 2642 1406 2683 signum
1432 2642 1574 2673 coeleste
1592 2642 1626 2673 in
1642 2643 1707 2674 Zo-

1000 2691 1110 2731 diaco,
1139 2692 1222 2723 alias
1250 2693 1320 2724 Leo
1346 2693 1509 2725 Nemaeus
1533 2692 1646 2725 victus
1662 2692 1706 2725 ab

1000 2743 1167 2775 Hercule.
