1857 3177
512 210 563 240 ιΝ
600 208 675 238 cr...
708 206 1063 238 CLAUDIANUM.
1455 198 1512 240 23

53 306 320 349 Pollentiam
361 306 579 360 praelium,
615 304 733 358 quod
775 316 868 356 prse-
905 302 1064 343 ceteris
1101 300 1333 342 debuisset
1362 305 1511 346 verbis

53 388 282 424 exornare,
306 376 458 415 leviter
476 379 648 414 tantum
672 373 829 423 attigit.
893 370 1063 410 Forsan
1085 369 1331 410 consultius
1355 372 1513 411 existi-

52 443 204 490 mavit,
233 442 388 494 paucis
410 442 453 480 in
475 441 552 480 illa
574 453 619 480 re
639 437 924 479 describenda
947 437 1134 490 defungi,
1171 450 1271 490 quae
1308 442 1512 478 accurate

52 510 260 562 exposita
281 509 464 560 gloriam
487 508 743 547 Stilichonis
770 506 840 545 vel
871 505 1098 545 minuisset
1120 504 1189 544 vel
1212 505 1513 545 obscurasset.

53 576 204 631 Hujus
225 576 283 615 rci
308 577 610 626 suspicionem
633 575 778 627 ipsum
795 586 972 626 quoquc
990 571 1138 624 po'otae
1159 571 1351 611 studium
1364 574 1516 612 movet.

49 645 94 685 in
112 643 334 684 laudando
358 643 616 683 Stilichonis
639 643 826 682 consilio
846 640 908 695 (v.
928 640 998 680 90.
1023 638 1188 692 seqq),
1212 652 1300 692 quo
1339 639 1515 693 pulsum

52 711 297 759 Alaricum,
318 724 460 763 quem,
486 711 524 750 si
557 710 780 750 adulatori
814 708 923 748 fides
956 712 1040 756 est,
1072 708 1145 747 vel
1176 707 1326 746 vivum
1358 719 1516 759 capere

50 779 121 819 vel
141 779 319 831 penitus
343 778 482 817 delere
503 778 741 830 potuisset,
765 777 938 816 salvum
960 780 1002 815 et
1026 775 1290 816 incolumem
1313 788 1369 814 ex
1385 774 1517 814 Italia

53 845 264 887 decedere
307 858 471 899 passus
509 851 588 886 cst.
651 843 923 899 Hujusmodi
971 843 1234 895 eloquentiae
1272 842 1519 894 specimina

52 914 220 967 saepius
242 918 396 954 nostra
415 914 624 953 memoria
655 914 698 953 in
719 926 770 952 eo
800 912 917 952 bello
950 915 1054 950 sunt
1075 911 1211 958 edita,
1232 924 1319 963 quo
1336 910 1519 950 Germa-

53 981 144 1031 nia,
167 995 251 1022 non
274 981 426 1022 virtuti
462 986 509 1021 et
546 981 694 1030 armis,
718 979 794 1019 sed
818 979 1078 1032 Principum
1112 977 1338 1018 discordia
1370 977 1520 1029 prodi-

51 1049 165 1090 tioni
197 1054 239 1090 ct
266 1049 465 1103 perfidiae
498 1050 650 1090 cessit.
713 1047 916 1088 Ceterum
956 1060 1058 1087 cum
1085 1045 1252 1086 indoles
1286 1049 1330 1084 et
1360 1051 1520 1084 natura

49 1116 176 1171 hujus
198 1118 366 1169 generis
388 1117 628 1156 carminum
649 1129 676 1154 a
692 1116 912 1167 prioribus
932 1127 1019 1153 non
1038 1125 1301 1165 magnopere
1323 1111 1519 1160 abludat,

53 1197 193 1237 eaque
214 1184 334 1232 vitia,
358 1197 456 1236 quae
477 1196 606 1236 supra
627 1187 774 1222 notata
796 1185 910 1230 sunt,
945 1180 1047 1220 huic
1068 1193 1245 1233 quoque
1272 1179 1431 1229 insint3
1464 1177 1521 1218 ad

53 1265 105 1292 ca
126 1264 426 1304 propcreinuS,
451 1263 549 1302 quae
573 1253 753 1289 restant.

111 1318 326 1368 Quartum
367 1330 514 1369 gemm,
552 1316 670 1369 quod
708 1315 904 1355 carmina
947 1314 991 1353 in
1039 1313 1217 1366 nuptias
1259 1311 1450 1351 Honorii
1482 1315 1524 1351 et,

54 1385 214 1426 Mariae
234 1390 365 1438 atque
389 1384 578 1424 Palladii
603 1387 645 1423 ct
666 1382 879 1423 Celerinae
900 1380 1219 1434 complectitur,
1253 1392 1352 1419 cum
1386 1382 1522 1418 mate-

51 1454 119 1495 ria
157 1453 257 1507 ipsa
296 1457 389 1493 tum
426 1452 686 1492 tractatione
726 1450 938 1504 majorem
979 1448 1213 1489 lectoribus
1252 1447 1523 1499 voluptatem

53 1521 326 1575 praebebunt.
388 1519 441 1560 In
462 1520 547 1560 hoc
569 1518 774 1560 videmus
805 1517 1000 1571 poetam,
1038 1528 1290 1569 quanquam
1321 1514 1407 1554 illis
1429 1513 1523 1553 vin-

55 1589 166 1630 culis
187 1588 381 1629 nondum
414 1588 541 1641 plane
575 1587 842 1635 exsolutum,
864 1586 1026 1638 quibus
1057 1597 1156 1624 eum
1188 1581 1523 1623 consuetudinis

51 1655 121 1697 vis
153 1656 509 1709 existimatioque
545 1655 731 1708 publica
764 1654 816 1694 de
855 1653 1038 1707 pulchro
1070 1655 1113 1692 et
1144 1650 1344 1698 honesto,
1376 1647 1524 1702 qualis

52 1726 153 1764 tunc
175 1724 382 1777 temporis
415 1729 520 1773 crat,
554 1724 762 1764 innexum
791 1723 985 1771 tenebat,
1018 1719 1198 1761 liberius
1231 1723 1376 1759 tamen
1407 1716 1524 1756 ince-

56 1790 169 1840 dere,
188 1795 230 1833 et
260 1805 317 1832 ex
353 1805 433 1832 suo
467 1791 608 1845 ipsius
636 1791 811 1845 ingenio
846 1789 1074 1831 materiam
1110 1790 1273 1841 petere,
1306 1797 1440 1838 quam
1481 1784 1526 1823 in

52 1858 270 1912 prioribus
306 1859 376 1900 vel
408 1859 596 1900 virtutes
635 1861 876 1901 amicorum
917 1858 987 1898 vel
1024 1857 1137 1898 vitia
1177 1851 1524 1895 adversariorum

52 1927 344 1979 praebuerant.
404 1926 518 1967 Cum
539 1928 652 1968 enim
682 1927 836 1969 laudes
865 1926 1050 1980 alicujus
1081 1922 1288 1978 persequi
1321 1923 1397 1962 aut
1417 1919 1525 1960 vitia
1557 1959 1560 1963 ,

56 1997 131 2034 aut
158 2007 248 2034 rem
278 1995 473 2048 aliquam
505 2000 674 2047 gestam
714 2007 940 2048 exponere
978 1992 1119 2043 magis
1151 1992 1210 2030 sit
1242 1987 1430 2029 oratoris
1454 1985 1527 2025 vel

55 2060 252 2101 historici
273 2074 404 2114 quam
424 2062 586 2114 poetae,
611 2062 718 2115 quia
744 2064 810 2101 tot
836 2065 1016 2112 tamque
1048 2058 1237 2105 diversa,
1261 2068 1362 2108 quae
1395 2051 1526 2093 simul

55 2127 342 2181 praedicanda
384 2133 502 2177 sunt,
543 2129 623 2169 vix
660 2130 721 2169 ita
758 2131 947 2180 possunt
987 2124 1206 2177 componi,
1244 2125 1293 2161 ut
1331 2121 1526 2161 membra

56 2196 183 2248 quasi
205 2195 334 2235 unius
355 2195 525 2249 pulchri
547 2195 746 2249 corporis
765 2193 1008 2241 videantur,
1025 2203 1169 2244 neque
1201 2201 1342 2229 rerum
1379 2186 1526 2228 delec-

55 2265 126 2302 tus
146 2262 252 2303 liber
273 2268 355 2311 est,
377 2276 516 2316 neque
548 2263 668 2303 omni
686 2261 917 2303 verborum
950 2262 995 2300 et
1021 2257 1329 2299 sententiarum
1359 2267 1527 2309 pompa

55 2330 125 2370 ille
167 2330 294 2370 ardor
324 2331 513 2372 excitari
553 2333 713 2384 potest,
737 2343 825 2383 quo
861 2328 989 2369 liberi
1022 2325 1198 2379 ingenii,
1224 2336 1444 2364 ¹sensuum
1483 2326 1527 2363 et

55 2397 292 2451 imaginum
313 2399 497 2439 veritate
518 2397 711 2446 accensi,
733 2397 870 2438 foetus
888 2398 1188 2448 agnoscuntur
1206 2405 1214 2432 :
1247 2390 1337 2431 noli
1362 2390 1525 2440 mirari,

58 2465 178 2517 quod
194 2466 240 2506 in
261 2466 482 2519 prioribus
505 2466 840 2506 declamatorem
862 2467 1028 2505 tantum
1059 2461 1220 2503 sentias
1247 2457 1426 2511 poetico
1456 2470 1526 2498 or-

56 2535 161 2573 natu
179 2533 465 2582 incedentem,
488 2538 618 2587 teque
637 2535 781 2588 ipsum
802 2534 846 2574 in
877 2537 1004 2574 tanto
1037 2531 1144 2572 artis
1174 2529 1392 2581 apparatu
1419 2524 1526 2565 nihil

60 2604 336 2643 commotum.
398 2601 666 2655 Nuptiarum
688 2602 901 2654 cogitatio
924 2601 1104 2654 copiam
1124 2608 1265 2638 rerum
1293 2598 1334 2635 et
1368 2593 1523 2644 imagi-

60 2677 159 2707 num
190 2671 476 2709 venustarum
508 2668 655 2722 poetae
685 2670 820 2710 menti
852 2668 1089 2722 suggessit,
1128 2676 1240 2719 quas
1278 2659 1526 2703 inventione

62 2730 289 2785 ingeniosa
320 2737 382 2778 ita
407 2738 653 2792 conjunxit,
676 2741 724 2779 ut
755 2737 944 2779 naturali
961 2734 1138 2779 vinculo
1166 2732 1280 2772 inter
1309 2741 1357 2771 se
1379 2727 1526 2770 cohae-
