1857 3177
562 218 622 247 ΠΕ
658 218 717 248 lv.

760 219 898 250 cons.
932 219 1117 250 nouon.
1482 212 1565 254 293

106 310 331 365 Quicquid
349 313 391 353 in
419 314 524 353 orbe
546 314 627 354 fuit
651 328 876 367 procerum
895 330 904 357 :
938 317 1100 369 quibus
1120 320 1272 357 auctor
1294 316 1468 358 lionoris

104 376 190 418 Vel
212 384 270 428 tu,
295 380 361 419 vel
380 381 563 432 genitor.

628 381 873 422 Numeroso
896 382 1090 423 Consule
1111 382 1277 423 Consul

103 444 314 497 Cingeris,
338 452 379 487 ct
404 448 550 487 socios
568 449 731 500 gaudes
749 449 969 489 admittere
996 450 1162 490 Patres.

103 511 268 553 Illustri
291 518 329 554 tc
352 514 473 567 prole
495 515 658 567 Tagus,
681 520 720 555 tc
744 515 894 555 Gallia
916 515 1058 555 doctis

102 577 302 630 Civibus,
324 587 366 622 ct
387 586 477 622 toto
501 584 681 635 stipavit
699 582 846 622 Roma
869 582 1048 624 Senatu.

101 644 308 688 Portatur
323 649 535 702 juvenum
558 650 808 690 cervicibus
830 662 962 689 aurea
984 650 1125 699 sedes,

101 712 358 768 Ornatuque
380 728 496 756 novo
519 717 692 768 gravior
714 716 852 756 Deus.

914 714 1108 768 Asperat
1131 717 1270 757 ludus

98 778 361 821 Velamenta
381 782 512 834 lapis,
546 782 831 835 pretiosaque
853 781 927 822 fila
947 784 1197 835 smaragdis

99 847 247 888 Ducta
267 848 420 888 virent.

482 847 769 902 Amethystus
787 850 932 900 inest3
965 855 1007 891 et
1029 850 1172 903 fulgor
1192 850 1387 892 Hiberus

95 913 330 967 Temperat
350 915 520 956 arcanis
542 915 763 970 hyacinthi
786 917 953 957 caerula
973 918 1180 959 flammis.

97 980 197 1022 Nec
218 981 338 1022 rudis
359 982 403 1022 in
425 982 503 1022 tali
525 981 693 1022 suffecit
711 984 853 1035 gratia
875 988 1020 1025 textu:

93 1106 313 1142 congregatum
329 1107 373 1133 est
391 1103 420 1133 in
440 1114 530 1134 annm
559 1105 682 1142 locum,
697 1105 805 1144 quibus
824 1106 1008 1137 I'roceribas
1031 1107 1078 1136 rel
1091 1110 1123 1136 ta
1141 1107 1253 1137 ‹lcdisti
1272 1107 1497 1145 Magistratus,
1512 1109 1558 1137 rel

89 1148 183 1184 pater
198 1151 274 1176 tuus
289 1146 509 1176 Theodosius

555 1148 608 1176 'l'u
639 1148 751 1178 Consul
773 1149 903 1188 stiparis=
930 1159 948 1179 a
977 1150 1081 1179 inullis
1107 1149 1297 1186 comunibus,
1320 1153 1348 1179 et
1374 1150 1560 1179 loetarisaa-

89 1187 217 1219 sciscere
232 1188 396 1218 Senatores
411 1190 518 1220 socias.
550 1190 707 1228 Hispania
724 1191 925 1222 circumdedit
942 1195 972 1221 te
986 1192 1096 1222 accolis
1110 1192 1174 1221 suis
1189 1191 1382 1229 clarissimis,
1401 1192 1507 1221 Gallia
1525 1195 1556 1222 te

90 1229 198 1260 incolis
224 1232 369 1267 eraditis,
386 1235 414 1262 et
435 1232 533 1262 Roma
558 1232 785 1263 circumdedit
810 1238 843 1263 te
873 1233 989 1264 Senatu
1018 1235 1165 1264 universo.
1210 1234 1293 1264 Sclla
1309 1234 1433 1263 curulis
1448 1240 1559 1264 auram

83 1272 196 1309 sertui·
211 1273 345 1304 tanneris
359 1273 520 1312 juri-nuni,
536 1278 565 1304 et
585 1274 708 1305 Manen
723 1275 928 1306 venerabilius
953 1276 1141 1306 ornamentis
1163 1276 1259 1306 noris.
1312 1276 1412 1306 Vcstis
1428 1276 1558 1313 rigescit

89 1315 222 1352 gemmis
236 1316 369 1352 Indicis,
384 1317 480 1357 ctfila
497 1317 576 1347 (litia
593 1317 743 1347 rirescant
759 1318 888 1348 deducta
905 1327 923 1348 e
941 1318 1135 1356 Sinaragdis.
1181 1318 1382 1357 Amethystns
1397 1318 1558 1356 inseritur,

91 1361 122 1387 ct
144 1359 287 1396 splendor
313 1359 474 1398 Hispana«
500 1360 680 1390 nioderatnr
704 1360 906 1400 hyacinthum
927 1360 1111 1399 subnigram
1126 1360 1249 1398 ignibus
1270 1360 1405 1390 secretis.
1455 1360 1558 1399 Neque

91 1403 235 1431 venustas
249 1401 390 1442 impolita
405 1402 482 1432 sacis
498 1401 566 1440 fait
583 1402 615 1432 in
631 1402 685 1432 hoc
708 1412 812 1443 opere
829 1406 991 1434 contexto.-
1014 1412 1086 1434 acns
1108 1402 1251 1442 adjungit
1262 1402 1411 1442 pretium,
1427 1406 1456 1432 et
1474 1402 1558 1432 labor

711 1496 946 1509 eeeeeeeeeeee

89 1561 120 1591 in
137 1570 188 1591 ore
214 1561 298 1593 Exc.
314 1563 411 1593 Voss.
428 1566 515 1593 actor
530 1563 653 1593 honoris
670 1563 745 1594 Pal.
764 1563 870 1594 Oisel.
891 1563 987 1594 Med.
1006 1573 1057 1603 pr.
1074 1563 1138 1594 inc.
1154 1563 1271 1594 Heins.
1290 1563 1421 1593 Bonon.
1440 1561 1556 1592 Ambr.

91 1612 144 1643 pr.
162 1603 228 1634 duo
257 1604 379 1635 l'etav.
407 1605 461 1637 ed.
478 1605 701 1636 Vicet.—-584
716 1605 842 1643 jnrenis
865 1606 1056 1637 Pan—586
1084 1606 1275 1636 Vestimenta
1302 1606 1354 1635 vel
1382 1605 1560 1635 Velamenta

91 1645 205 1677 Oxou.
223 1655 289 1677 sec.
305 1647 394 1686 signa
413 1648 541 1687 profila
558 1648 625 1678 inc.
645 1648 764 1679 Heius.
779 1649 944 1687 smaragdo
961 1648 1053 1679 Pric.
1071 1658 1112 1679 m.
1131 1658 1180 1687 pr.
1199 1649 1381 1687 smaragdus
1395 1647 1472 1677 Vat.
1489 1656 1557 1676 sec.

88 1697 132 1719 m.
149 1697 216 1720 sec.
235 1689 442 1721 Fara—587
467 1691 571 1722 Busta
589 1690 685 1721 Leid.
703 1700 755 1730 pr.
772 1700 816 1721 m.
838 1701 886 1730 pr.
907 1692 1017 1722 Ducla
1033 1691 1087 1722 vel
1105 1690 1234 1721 Structa
1251 1690 1360 1721 Oisel.
1380 1690 1485 1720 Ducta
1502 1690 1553 1718 vol

90 1730 200 1762 Misia
217 1731 329 1762 Oxou.
348 1741 417 1763 sec.
446 1733 545 1764 nitent
570 1734 652 1763 Exc.
672 1733 768 1763 Voss.
790 1733 902 1773 fulgor
924 1733 1068 1764 hibernus
1083 1734 1163 1764 Var.
1191 1733 1256 1764 LL.
1272 1732 1327 1763 ed.
1346 1731 1557 1762 Amvswsss

89 1773 290 1814 Hyacinthus
306 1775 384 1806 Vat.
402 1776 510 1817 quint.
526 1775 708 1816 hyacinthia
725 1776 813 1816 conj.
843 1776 1075 1807 Heius—589
1100 1776 1226 1807 Gra’cia
1253 1776 1330 1806 Put.
1347 1775 1555 1805 Voss.—500

751 1876 895 1908 NOTAE

849 1956 946 1986 violae
964 1955 1088 1992 colore,
1112 1958 1147 1985 et
1174 1954 1286 1985 colore
1308 1952 1410 1983 etiam
1429 1961 1553 1992 purpu-

848 2015 895 2036 1·ae
914 2015 980 2035 nou
998 2014 1135 2044 prorsus
1154 2004 1266 2043 igneo,
1285 2002 1343 2033 sed
1362 2002 1395 2032 in
1413 2001 1480 2032 vini
1497 2012 1553 2032 co-

847 2055 952 2085 lorem
990 2055 1181 2085 desinente.
1225 2053 1344 2083 Gra‘ce
1382 2050 1553 2088 ἀμέθυστος

130 1957 191 1985 581
217 1955 336 1995 Socios]
373 1956 414 1986 In
446 1955 635 1987 Consulatu
660 1955 793 1995 codem,

88 2011 122 2037 et
139 2006 234 2036 simul
252 2007 284 2036 in
303 2007 435 2037 incessu
454 2006 606 2036 comites.

130 2059 193 2087 582
230 2056 354 2096 Gallia]
390 2057 561 2097 Cisalpina
585 2056 728 2094 scilicet,
757 2056 791 2086 in

87 2115 154 2147 qua
179 2106 426 2145 Mediolanum,
443 2116 510 2147 qua
533 2106 616 2136 urbe
641 2106 792 2137 delecta-

88 2156 188 2187 batur
204 2156 390 2195 Houorius,
407 2161 442 2187 et
460 2161 539 2187 ante
562 2157 669 2196 ipsum
686 2156 793 2186 Theo-

86 2206 213 2244 dusius,
230 2211 314 2246 puto
339 2207 382 2237 ol)
408 2207 627 2246 praesentiarn
651 2206 792 2237 sanctis-

87 2256 161 2287 simi
177 2256 341 2287 Praesulis
359 2256 538 2288 Ambrosii.

129 2308 191 2337 584
215 2307 322 2337 Aurea
347 2307 447 2346 sedes]
483 2307 572 2337 Sella
598 2307 722 2338 curulis
749 2316 790 2337 ex
812 2327 815 2329 >

86 2356 202 2397 ebore,
219 2356 278 2387 sed
297 2367 377 2387 auro
395 2357 495 2388 variis
519 2357 551 2387 in
575 2357 658 2388 locis
675 2357 790 2388 mixto.

86 2406 126 2437 In
155 2406 218 2437 hac
244 2408 449 2446 conspicuus
478 2407 674 2448 Imperator
699 2416 791 2438 more

86 2458 252 2497 majorum
270 2459 425 2489 sedebat.

128 2511 189 2539 585
214 2508 317 2549 Deus]
344 2509 517 2540 Honorius
547 2509 650 2541 instar
675 2510 792 2541 Numi-

86 2557 134 2588 nis
149 2557 360 2598 gestabatur.

91 2638 94 2640 ,
127 2607 279 2648 Asperat]
317 2608 399 2648 Ipsa
428 2608 562 2640 Trabea
596 2619 655 2641 seu
686 2611 790 2641 vestis

84 2658 280 2697 consularis,
308 2660 448 2700 gemmis
471 2666 644 2702 contexta,
669 2671 792 2703 aspera

86 2711 151 2746 est,
168 2707 318 2747 rigescit.

128 2760 189 2790 587
214 2757 433 2802 Amethystus]
457 2760 603 2794 Gemma
615 2767 666 2794 est
681 2763 791 2795 diluto

848 2105 889 2136 ab
922 2117 941 2135 α
973 2105 1140 2145 privante,
1171 2107 1207 2133 et
1237 2101 1388 2140 μεθύσκω,
1421 2101 1554 2140 inebria,

848 2155 937 2197 quod
955 2154 1117 2185 ebrietati
1136 2153 1297 2184 credatur
1318 2153 1486 2182 resistere.

894 2206 1012 2245 fulgor
1048 2203 1201 2242 Hiberus]
1247 2202 1404 2233 Innuitur
1443 2200 1554 2242 fulgor

849 2255 1172 2292 Carcliedoniomm,
1184 2263 1242 2283 seu
1261 2252 1554 2292 carbunculosum,

848 2306 904 2347 qui
922 2306 969 2336 sic
983 2305 1064 2336 dicti
1082 2309 1159 2335 sunt
1176 2314 1194 2334 a
1209 2303 1414 2342 Carthagine
1431 2312 1552 2342 magna

848 2356 1090 2397 Hispaniarum
1103 2354 1282 2385 domitrice
1296 2364 1303 2383 z
1328 2358 1363 2383 et
1379 2362 1436 2384 eos
1451 2357 1552 2384 vocat

849 2409 1023 2449 Hispanos
1040 2408 1072 2438 in
1090 2406 1232 2447 gratiam
1250 2404 1300 2434 sui
1319 2403 1490 2444 Principis
1507 2413 1550 2435 cx

849 2458 1019 2500 Hispania
1036 2456 1181 2488 oriundi.
1224 2454 1288 2485 Vel
1319 2454 1434 2492 Fulgor
1451 2453 1550 2485 Hibe-

848 2519 910 2548 rus,
927 2508 958 2539 id
976 2513 1041 2547 est,
1058 2506 1170 2546 fulgor
1195 2504 1265 2535 auri
1282 2512 1300 2533 e
1317 2504 1422 2544 Tago,
1445 2510 1480 2536 et
1505 2514 1545 2534 ex

848 2559 1018 2600 Hispania
1035 2558 1141 2589 allati.

889 2615 952 2643 588
990 2608 1181 2651 Hyacinthi]
1218 2607 1361 2639 Gemma
1399 2605 1546 2637 colorem

846 2661 974 2692 habens
991 2660 1180 2699 amethysto
1195 2667 1261 2688 non
1276 2656 1472 2694 absimilem,
1487 2657 1546 2687 sed

846 2717 961 2744 tamen
978 2710 1183 2742 dilatiorem.

890 2764 953 2793 589
976 2759 1094 2800 Rudis]
1118 2756 1311 2797 Naturalis5
1335 2757 1496 2798 impolita.
