1852 3193
227 205 313 246 306
723 216 795 244 CL.
831 212 1111 244 CIJAUDIANI
1148 211 1198 242 x.

892 338 1031 369 NOTAE

229 446 324 470 mons
341 439 393 468 est
410 434 591 467 altissimus
607 432 802 472 Thessaliae,
828 432 930 474 sylvis
986 433 1073 464 loco.

228 486 467 520 frondentibus
484 484 583 516 variis
610 483 644 514 in
670 484 753 514 locis
769 484 929 516 consitus.
1028 485 1070 513 22
1097 483 1216 523 Othrys
1227 484 1257 512 et
1276 479 1370 520 Ossa]
1407 480 1494 511 Sunt
1506 479 1688 511 Thessaliae

229 538 410 577 Virgilius:
436 538 445 553 ‘
461 534 671 567 Frondosum
688 534 899 575 Olympum.’
986 537 1131 572 montes,
1145 532 1201 573 qui
1215 531 1338 572 saepius
1365 531 1398 561 in
1413 531 1476 561 hac
1493 530 1688 571 nuptiarum

273 586 482 628 Hymenceus]
530 586 595 617 Vel
632 584 781 626 Hymen,
833 585 930 615 Deus
986 583 1202 623 celebritate,
1217 587 1379 613 resonant
1396 582 1530 613 nomine
1549 580 1689 621 Reginae

231 638 450 679 Nuptiarum,
481 638 533 668 vel
560 636 731 676 Hymnus,
755 634 811 676 qui
843 634 932 665 cani·
985 632 1150 673 Thetidis,
1167 642 1242 674 quae
1270 636 1435 673 nupserat
1459 631 1567 662 Peleo
1587 630 1692 661 Thes·

234 693 290 721 tur
307 688 340 720 in
357 688 492 720 laudem
514 687 722 728 nuptiarum,
746 689 784 716 ut
809 685 843 716 in
869 685 931 716 hoc
988 684 1080 716 saliae
1098 683 1196 724 Regi.

916 979 995 1027 X.

391 1151 502 1201 CL.
541 1149 940 1199 CLAUDIANI
995 1147 1559 1197 EPITHALAMIUM

605 1223 924 1272 HONORII
955 1223 1048 1270 ET
1074 1222 1349 1270 MARIAE.

743 1379 1194 1412 ARGUMENTUM.

281 1454 477 1487 Honomvs
502 1456 605 1492 amat,
622 1451 782 1492 suspirat,
810 1451 923 1491 poscit
942 1450 1086 1481 Mariam
1104 1449 1165 1480 sibi
1184 1449 1394 1490 promissam,
1420 1449 1642 1490 conqueritur
1657 1449 1700 1481 de

238 1518 348 1541 mora.
392 1506 554 1539 Subridet
570 1505 718 1546 Cupido,
735 1505 827 1535 volat
840 1503 882 1534 ad
899 1507 1047 1534 montem
1066 1502 1244 1543 Cyprium,
1258 1503 1359 1534 matri
1376 1502 1503 1534 Veneri
1519 1502 1701 1534 denuntiat

237 1572 333 1594 suum
347 1560 578 1600 Triumphum.
623 1560 739 1590 Venus
757 1557 896 1598 gaudet,
912 1556 1065 1594 festinat,
1094 1560 1128 1586 et
1153 1555 1228 1587 Diis
1254 1556 1354 1587 maris
1372 1555 1609 1596 plaudentibus
1624 1555 1701 1586 Tri-

238 1620 321 1647 tone
335 1615 485 1653 invecta,
500 1612 752 1652 Amoribusque
771 1610 949 1649 comitata,
962 1609 1198 1639 Mediolanum
1216 1609 1322 1649 petit:
1349 1609 1420 1649 ejus
1438 1608 1589 1639 adventu
1603 1617 1698 1639 rece-

238 1668 325 1699 dunt
348 1666 468 1706 nubes,
494 1675 603 1704 arma;
631 1664 819 1696 succedunt
853 1662 1030 1701 serenitas,
1055 1662 1151 1701 lyrae,
1181 1660 1305 1699 fiores3
1340 1664 1483 1701 paratur
1509 1660 1700 1692 Thalamus.

238 1722 331 1753 Hinc
347 1720 493 1751 Mariam
506 1718 624 1757 vestit,
641 1721 751 1756 ornat,
768 1725 910 1756 eamque
923 1714 1019 1745 ducit
1042 1714 1194 1744 venienti
1210 1714 1343 1744 obviam
1358 1713 1522 1744 Honorio.
1548 1713 1634 1751 Post
1646 1722 1702 1744 ex-

239 1774 366 1806 ercitus
383 1773 574 1814 gratulatur
589 1770 836 1810 Theodosiique
852 1768 1028 1807 Manibus,
1056 1772 1091 1798 et
1114 1767 1308 1807 stilichoni,
1340 1767 1435 1807 cujus
1462 1765 1580 1798 laudes
1612 1767 1700 1798 cele·

238 1827 404 1859 brantur:
431 1829 613 1865 votumque
631 1823 769 1855 additur
786 1823 819 1852 in
835 1822 979 1862 gratiam
993 1825 1167 1861 nepotum.

243 2070 547 2127 HAUSERAT
570 2085 770 2125 insolitos
792 2085 1024 2138 promissae
1046 2084 1227 2137 virginis
1249 2084 1369 2137 ignes

242 2153 489 2206 Augustus,
512 2166 738 2205 pronoque
758 2152 879 2193 rudis
900 2152 1162 2204 flagraverat
1184 2157 1317 2193 aestu.

286 2282 447 2313 Honorius
462 2283 636 2323 Imperator
650 2284 827 2322 conceperat
842 2291 977 2312 amorem
991 2281 1145 2313 insuetum
1161 2282 1279 2312 Paelloe
1295 2280 1358 2312 sibi
1373 2281 1578 2321 desponsam,
1601 2284 1632 2313 et
1654 2281 1704 2312 iu-

855 2377 1089 2389 eeeeeeeeeeee

289 2445 306 2474 l
323 2443 503 2482 Progressoe
516 2443 598 2474 Lov.
610 2452 653 2474 m.
666 2445 781 2482 pr.—2
794 2451 948 2481 pronoque
963 2441 1045 2472 Cod.
1060 2441 1178 2472 Ursini
1196 2445 1231 2471 et
1242 2440 1379 2481 plurimi
1395 2440 1463 2480 alii,
1478 2440 1560 2471 Exc.
1572 2438 1705 2473 Schott.

900 2548 1040 2580 NOTAE

289 2616 307 2644 1
348 2612 526 2652 Hauserat]
573 2612 747 2643 Honorius
791 2612 950 2643 hauserat
1005 2611 1068 2643 hoc
1087 2614 1150 2651 est,
1175 2620 1218 2641 ex
1250 2609 1364 2650 puella
1381 2608 1530 2640 omnium
1556 2609 1703 2642 maxime

248 2672 395 2694 amorem
433 2673 476 2694 ex
508 2663 622 2694 Maria
647 2663 840 2694 Stilichonis
867 2662 950 2701 filia,
1005 2662 1151 2693 amabili.

249 2714 344 2745 velut
367 2722 410 2745 ex
441 2712 537 2745 fonte
569 2723 718 2746 amorum
741 2713 950 2754 plenissimo,
1047 2715 1067 2743 2
1093 2713 1197 2743 Prono
1223 2710 1317 2751 oestu]
1351 2710 1477 2743 Amore
1501 2714 1638 2752 promto
1668 2713 1704 2742 et
