1852 3193
242 195 328 238 296

241 303 404 347 Ebrius
424 307 578 349 hostili
600 310 770 349 velatur
791 308 974 360 palmite
992 308 1186 363 Ganges.

238 371 438 426 Auspice
457 389 561 416 mox
582 377 729 416 lectum
747 376 891 416 sonuit
909 377 1103 418 clamore
1125 378 1328 429 tribunal,

238 438 304 479 Te
323 440 464 481 fastos
485 443 655 482 ineunte
675 445 854 495 quater:
886 444 1086 485 solennia
1106 445 1220 487 ludit

239 504 404 549 Omina
424 509 602 549 libertas
620 523 629 550 t
663 509 900 551 deductum
921 510 1114 553 Vindice
1137 526 1302 555 morem

237 572 334 614 Lex
357 576 559 627 celebrat,
580 577 856 632 famulusque
873 579 983 633 jugo
1004 580 1183 622 laxatus
1205 582 1329 623 herili

236 641 442 693 Ducitur,
473 649 515 685 et
535 649 658 697 grato
680 651 846 688 remeat
868 649 1059 689 securior
1080 650 1187 691 ictu.

234 708 395 752 Tristis
417 713 608 754 conditio
628 715 806 768 pulsata
826 714 962 756 fronte
983 717 1160 759 recedit.

706 214 782 244 CL.
815 213 1098 244 CLAUDIANI
1140 215 1246 245 VIII.

1619 317 1705 358 610

1618 652 1705 694 615

232 836 366 866 sparsos,
392 829 610 869 constringunt
637 831 731 862 Indos
755 832 878 864 hederis
903 833 1152 873 triumphalibus.
1212 835 1338 874 Ganges
1368 835 1540 867 inebriatus
1563 835 1705 875 cingitur

232 870 334 900 ramis
358 870 457 902 vinea>
479 873 627 905 inimicoe.
660 875 781 906 Solium
808 876 992 907 Consulare
1006 880 1135 915 gratum
1150 878 1287 908 resonuit
1310 879 1418 908 statim
1433 879 1706 910 acclamationibus

231 913 413 952 auspicatis,
428 918 459 944 tc
474 916 614 946 intrante
630 921 774 957 quartum
787 917 902 955 fastos.
946 918 1092 950 Libertas
1104 920 1228 950 exhibet
1245 921 1437 951 coerimonias
1452 922 1596 953 solennes.
1633 922 1704 952 Lex

222 952 409 994 frequentat
425 959 673 989 consuetudinem
689 961 865 990 derivatam
878 971 897 990 a
915 961 1057 1001 Vindice,
1082 965 1111 993 et
1133 972 1239 993 servus
1252 964 1368 994 solutus
1385 974 1402 994 e
1413 968 1570 1004 potestate
1585 965 1703 995 domini

230 997 280 1028 sui
293 999 467 1039 adducitur,
477 1003 508 1029 et
520 1001 602 1030 redit
613 1002 723 1042 tutior,
735 1002 778 1032 ob
790 1003 913 1042 alapam
920 1003 1103 1041 jucundam.
1130 1004 1273 1035 Conditio
1284 1006 1478 1037 moestissima
1488 1008 1702 1047 extinguitur,

844 1098 1081 1110 eeeeeeeeeee

226 1169 291 1198 608
306 1167 401 1198 Jubis
414 1169 543 1201 Moret.
558 1180 608 1211 pr.
625 1172 721 1211 tigris
736 1172 854 1206 Arnbr.
872 1178 1049 1207 sem—610
1071 1176 1179 1207 hastili
1196 1186 1258 1217 pro
1275 1176 1380 1208 hostili
1396 1176 1491 1208 Med.
1507 1181 1670 1209 tem—61
1681 1183 1697 1210 1

225 1210 361 1250 Auspice
373 1211 512 1244 Tholos.
530 1213 647 1247 Ambr.
665 1225 714 1256 pr.
732 1217 816 1249 Exc.
834 1217 979 1250 Lucens.
996 1228 1062 1250 sec.
1087 1223 1192 1260 atque
1209 1220 1259 1250 ita
1272 1221 1306 1250 in
1324 1221 1405 1251 Exc.
1430 1219 1568 1251 Schotti
1584 1230 1698 1251 emen-

226 1252 373 1285 daverat
389 1255 593 1288 Gronovius.
617 1258 731 1298 Aspice
744 1269 860 1291 omnes
873 1262 970 1293 Vatt.
984 1262 1059 1294 Pal.
1087 1263 1188 1294 Farn.
1207 1262 1301 1294 Prie.
1318 1263 1414 1294 Rott.
1433 1262 1539 1295 Oisel.
1553 1264 1699 1303 clangore

225 1296 321 1327 Med.
338 1302 557 1337 quam—612
585 1300 738 1337 Tesasces
754 1303 838 1334 Exc.
856 1304 940 1336 Cod.
967 1305 1088 1336 Rhem.
1104 1306 1193 1336 ludus
1208 1306 1286 1337 Pat.
1303 1306 1384 1336 ludit
1400 1306 1485 1337 Exc.
1502 1306 1650 1346 Schotti,
1664 1306 1699 1337 in

224 1338 345 1378 quibus
357 1340 548 1372 Gronovius
561 1344 767 1383 ascripserat
783 1346 895 1377 locum
909 1345 1020 1379 Amm.
1032 1348 1189 1380 Marcell.
1206 1349 1229 1379 l.
1244 1357 1339 1380 xxn.
1353 1359 1387 1388 p.
1398 1351 1472 1380 226.
1484 1353 1519 1380 et
1532 1348 1651 1380 Claud.
1663 1349 1699 1380 in

224 1380 369 1422 Eun-op.
387 1392 409 1414 1.
424 1386 498 1415 310.
513 1386 592 1416 ludit
608 1387 662 1417 vel
688 1388 774 1418 dedit
786 1389 865 1420 Vat.
882 1390 1097 1431 quint.——613
1125 1392 1240 1422 Omnia
1257 1396 1326 1423 tres
1341 1392 1436 1423 Vatt.
1452 1392 1561 1423 Oisel.
1581 1392 1699 1423 Omina

223 1424 389 1455 tredecim
407 1427 540 1466 scripti,
556 1429 639 1460 Exc.
658 1430 800 1462 Lucens.
827 1442 894 1465 sec.
918 1432 997 1465 Ald.
1026 1434 1079 1465 ed.
1106 1434 1221 1466 Parm.
1246 1435 1329 1466 Exc.
1357 1434 1488 1466 Schott.
1503 1440 1538 1465 et
1557 1435 1699 1466 Gevart.

221 1464 306 1497 item
319 1467 440 1500 Sched.
457 1470 547 1501 Gud.
559 1472 673 1503 ,Iudice
689 1483 749 1513 pro
771 1474 897 1506 Vindice
912 1476 992 1508 Vat.
1009 1486 1078 1508 sec.
1107 1477 1201 1508 Med.
1227 1481 1307 1509 tert.
1320 1478 1431 1518 pollice
1446 1477 1567 1509 Ambr.
1584 1487 1633 1518 pr.
1651 1487 1698 1509 m.

222 1512 383 1548 pr.—-614
420 1521 584 1553 servusque
604 1515 687 1547 Exc.
711 1517 809 1548 VOSS.
841 1518 1058 1559 famulumque
1085 1518 1204 1551 Ambr.
1233 1525 1315 1552 tert.
1340 1522 1477 1560 lapsatus
1500 1521 1584 1551 Lov.
1613 1520 1698 1551 Exc.

223 1551 368 1584 Gevart.
397 1555 526 1586 laxatur
551 1557 616 1588 duo
640 1559 737 1590 Vatt.
763 1560 863 1593 Farn.
892 1561 989 1593 Rott.
1018 1561 1113 1593 Med.
1141 1568 1252 1604 quart.
1282 1564 1415 1594 lassatus
1443 1564 1528 1604 Reg.
1556 1573 1598 1594 m.
1625 1572 1698 1594 sec.

222 1593 355 1626 Bouon.
381 1596 509 1628 Moret.
539 1609 605 1631 sec.
621 1600 734 1632 Oxon.
764 1612 833 1633 sec.
849 1604 916 1634 duo
944 1604 1068 1635 Petav.
1094 1605 1163 1636 duo
1192 1605 1312 1637 Ambr.
1328 1607 1413 1636 Var.
1443 1606 1513 1636 LL.
1542 1615 1560 1636 e
1587 1615 1696 1645 marg.

221 1635 339 1668 Parm.
366 1642 402 1669 et
425 1640 479 1670 ed.
496 1640 603 1672 Antv.
629 1642 727 1673 hur-ili
743 1645 824 1676 Var.
851 1646 919 1677 LL.
942 1647 998 1678 ed.
1017 1647 1232 1678 Antv.—616
1254 1648 1369 1679 resedit
1397 1649 1476 1679 Vat.
1502 1657 1552 1688 pr.
1568 1647 1696 1679 recedit.

222 1687 300 1711 cum
315 1680 423 1723 τελείᾳ
436 1685 554 1725 στιγμῇ
570 1684 650 1716 Put.
665 1685 794 1722 Thr-an.
815 1687 881 1719 duo
905 1688 1030 1720 Petav.
1053 1689 1154 1721 ambo
1181 1690 1436 1721 Moreti.—617
1461 1690 1500 1721 In
1516 1690 1624 1721 civem.
1641 1689 1696 1722 hic

884 1789 1032 1821 NOTAE

1030 1863 1342 1907 Vindice]'Vindex
1372 1875 1490 1898 servus
1519 1867 1694 1909 Aquileio-

983 1924 1070 1956 rum,
1085 1916 1142 1956 qui
1159 1925 1234 1948 cum
1261 1915 1485 1957 patefecisset
1509 1918 1695 1958 conjurati-

261 1861 325 1890 610
359 1849 502 1901 Ganges]
537 1861 676 1903 Ganges
707 1863 781 1904 ipse
811 1864 927 1896 ebrius

217 1908 368 1950 cingitur
384 1911 528 1951 palmite
555 1913 597 1944 ab
624 1914 793 1954 hostibus,
809 1920 845 1946 et
862 1920 930 1947 tra-

215 1959 309 1991 hitur
332 1960 365 1991 in
390 1961 611 2003 triumphum.
658 1964 755 1996 Adeo
780 1966 862 1997 nihil
877 1977 928 1998 re-

216 2010 309 2041 sistit
326 2011 468 2052 Bacchi,
483 2022 542 2044 seu
559 2014 640 2052 vini,
656 2016 839 2054 potentiae!

259 2063 322 2092 611
355 2062 506 2103 Auspice]
542 2063 701 2097 Clamore
728 2076 788 2097 seu
815 2068 927 2099 accla-

213 2111 365 2142 matione
394 2111 518 2152 fausta,
550 2114 637 2146 bene
664 2117 776 2148 omnia
814 2119 929 2160 auspi-

214 2165 328 2201 cante,
343 2161 540 2202 incipiente.

258 2213 321 2242 612
348 2211 389 2242 Te
403 2211 508 2250 fastos
520 2213 646 2245 ineunte
661 2216 785 2257 quater]
808 2218 859 2249 Te
876 2218 924 2249 in-

214 2265 317 2292 eunte
327 2266 486 2302 quartum
499 2263 731 2305 Consulatum,
744 2271 778 2297 et
788 2268 922 2299 nomine

213 2316 273 2343 tuo
288 2312 322 2343 in
337 2313 448 2343 Fastis
465 2317 623 2354 quartum
640 2314 816 2356 inscripto.

256 2362 371 2403 Ludit]
394 2363 553 2395 Libertas
575 2365 714 2396 exhibet
730 2367 825 2398 velut
840 2368 919 2399 ludo

211 2413 358 2455 quodam
374 2414 606 2454 caerimonias3
641 2417 694 2446 vel
712 2417 918 2450 caerimoniae

210 2465 430 2497 celebrantur
445 2466 480 2497 in
495 2466 606 2497 danda
616 2466 787 2507 libertate,
802 2468 837 2498 in
852 2479 919 2509 qua

210 2516 435 2548 manumissus
464 2519 616 2558 tangitur
641 2518 751 2559 alapa,
774 2518 918 2560 virgula,

211 2575 287 2607 quae
306 2567 421 2598 omnia
445 2567 545 2599 ludus
562 2568 697 2610 quidam
712 2569 918 2609 gratissimus

207 2615 315 2648 videri
334 2616 476 2657 possint.

249 2669 313 2698 613
355 2668 469 2699 Omina
505 2668 658 2709 solennia]
695 2669 915 2702 FeIIcitatem

208 2716 395 2750 solennem.
420 2718 489 2750 Alii
505 2719 638 2760 legunt,
653 2720 754 2753 omnia
767 2721 915 2764 solennia,

206 2766 242 2797 id
258 2772 323 2808 est,
340 2769 498 2802 solennes
514 2780 631 2803 omnes
648 2771 870 2805 caerimonias.

981 1974 1080 1995 onem
1107 1971 1229 1998 contra
1253 1967 1417 2007 populum
1446 1968 1649 2008 Romanum,
1675 1979 1694 2000 a

982 2016 1114 2056 Regum
1127 2015 1320 2048 fautoribus
1334 2017 1464 2056 initam,
1480 2018 1609 2058 primus
1624 2019 1694 2050 vin-

979 2066 1074 2097 dicta
1100 2067 1237 2107 publice
1264 2068 1484 2098 manumissus
1501 2072 1563 2100 est.
1609 2069 1693 2100 vin-

979 2116 1074 2147 dicta
1091 2121 1207 2148 autem
1223 2117 1478 2158 manumittere,
1489 2122 1542 2149 est
1558 2118 1692 2158 virgula

980 2167 1126 2208 quadam
1143 2169 1252 2199 amice
1278 2173 1472 2209 percutere,
1493 2169 1527 2199 in
1555 2169 1688 2210 signum

979 2217 1069 2249 datae
1087 2218 1276 2258 libertatis,
1303 2219 1392 2260 quod
1410 2224 1481 2250 tum
1508 2229 1625 2250 servus
1641 2220 1692 2251 ul-

978 2267 1061 2298 timo
1078 2268 1126 2299 sic
1142 2269 1370 2309 percutiatur,
1397 2274 1518 2310 postea
1534 2270 1622 2302 liber
1638 2270 1690 2302 fu-

977 2321 1088 2358 turus,
1103 2323 1138 2350 et
1156 2329 1175 2349 a
1192 2319 1334 2351 verbere
1358 2320 1527 2352 immunis.
1572 2321 1614 2352 ld
1633 2331 1689 2352 au-

977 2372 1046 2398 tern
1064 2378 1082 2399 e
1104 2369 1224 2400 Servio
1241 2369 1347 2401 fiebat
1371 2370 1404 2401 in
1431 2372 1560 2411 templo
1584 2371 1689 2402 Fero-

974 2418 1052 2457 niae,
1071 2419 1271 2450 libertorum
1292 2421 1391 2451 Deae.

1017 2470 1156 2510 Morem]
1179 2471 1246 2503 Qui
1262 2480 1281 2501 a
1294 2470 1440 2501 Vindice
1457 2469 1500 2500 ad
1525 2475 1684 2511 posteros

972 2520 1139 2550 manavit.

1015 2572 1076 2600 615
1104 2570 1207 2601 Grato
1223 2571 1304 2611 ictu]
1348 2570 1460 2611 Alapa
1477 2571 1687 2615 gratissima,

973 2630 1038 2661 qua
1051 2620 1311 2661 percutiebatur
1327 2622 1354 2652 is
1379 2621 1435 2663 qui
1463 2623 1683 2654 manumitte-

970 2670 1090 2702 batur:
1108 2675 1145 2702 ut
1161 2671 1304 2712 scilicet,
1320 2678 1424 2703 exuta
1452 2673 1567 2703 servili
1578 2672 1687 2714 impu-

970 2721 1100 2762 dentia,
1131 2722 1280 2754 disceret
1319 2723 1546 2765 indueretque
1580 2724 1682 2756 rubo-

967 2781 1039 2804 rem
1056 2773 1255 2814 ingenuum.
