1852 3193
185 203 269 246 462
625 210 700 240 cr..
733 205 1015 238 CLAUDIANI
1050 201 1201 235 xvim.

187 307 390 358 Crimine,
411 306 628 362 procedat
646 307 803 346 laxata
824 301 1041 356 compede
1063 300 1254 342 Consul:

187 377 345 431 Rupta
367 375 613 427 Quirinales
635 375 811 413 sumant
832 371 1049 424 ergastula
1070 371 1256 410 cinctus.

187 444 260 486 Da
280 445 434 485 saltem
454 453 774 496 quemcumque
793 440 949 480 virum.
1013 437 1285 478 Discrimina
1305 434 1511 490 quaedam

188 513 299 553 Sunt
318 511 510 558 stimulis,
531 507 822 562 splendorque
842 519 968 556 suus;
1000 504 1303 558 maculamque
1323 503 1534 543 minorem
1591 498 1650 540 30

190 579 468 621 Conditionis
489 577 632 625 habet,
656 575 830 615 domino
851 575 925 628 qui
950 574 1108 614 vixerit
1128 572 1219 612 uni.

190 648 238 688 Si
260 647 401 700 pelagi
423 645 596 693 fluctus,
620 644 774 697 Libyae
797 644 835 683 si
855 643 994 683 discis
1017 654 1186 690 arenas,

190 715 390 768 Eutropii
412 713 659 754 numerabis
681 713 821 752 heros.
883 710 1002 760 Quot
1017 710 1133 764 jura,
1157 713 1265 763 quot
1287 708 1359 748 ille

192 782 386 823 Mutavit
406 782 598 830 tabulas,
621 781 690 820 vel
712 784 874 833 quanta
895 779 1115 819 vocabula
1134 776 1283 817 vertit!

193 850 398 891 Nudatus
419 850 605 903 quoties,
627 848 844 889 medicum
869 848 972 887 dum
996 847 1180 887 consulit
1202 848 1355 894 emtor,

192 917 264 959 Ne
284 931 371 972 qua
390 931 467 971 per
489 917 727 964 occultum,
749 916 883 955 lateat
896 915 1073 968 jactura
1093 914 1284 953 dolorem
1303 912 1311 952 ἒ

1599 840 1657 882 35

190 1034 319 1066 vinculis
343 1033 464 1063 solutis,
513 1032 768 1068 Carcersractus
790 1031 925 1071 excipiat
945 1040 1116 1070 purpuram
1146 1029 1356 1059 Consularem.
1401 1027 1521 1057 Saltem
1538 1029 1656 1066 praesta

190 1079 289 1108 virum
311 1076 454 1115 aliquem.
502 1074 697 1114 Differentiu
721 1075 824 1114 aliqua
846 1077 890 1103 ist
917 1074 1026 1111 servis,
1050 1076 1079 1103 et
1107 1073 1173 1102 laus
1199 1081 1277 1106 sua,·
1300 1074 1329 1101 et
1356 1070 1412 1100 ille
1438 1069 1490 1108 qui
1512 1070 1657 1100 servierit

191 1124 323 1151 tantum
335 1118 387 1149 uni
399 1118 519 1148 domino
530 1117 657 1156 suscipit
674 1118 817 1147 leviorem
829 1116 992 1154 infamiam
1003 1115 1190 1146 conditionis
1205 1124 1285 1144 suae.
1333 1113 1371 1143 Si
1387 1121 1544 1142 recenseas
1557 1113 1657 1142 undas

191 1163 297 1199 maris,
314 1165 344 1192 et
359 1171 470 1191 arenas
484 1161 604 1201 Libyas,
623 1161 750 1199 poteri-
767 1169 924 1190 recensere
936 1160 1074 1190 dominos
1095 1158 1252 1197 Eutropii.
1300 1156 1383 1191 Quot
1398 1156 1449 1185 ille
1462 1155 1660 1195 permutavit

191 1205 339 1242 dominia,
354 1208 427 1244 quot
443 1203 577 1239 taluam,
600 1207 670 1243 quot
687 1202 834 1234 nomina?
861 1202 1045 1242 Eutropius
1063 1202 1180 1241 quoties
1196 1200 1370 1239 expositus
1387 1203 1438 1229 est
1455 1198 1564 1235 nudus,
1587 1198 1660 1227 dum

193 1251 290 1279 emtor
305 1247 435 1278 consulit
451 1247 611 1286 medicum,
634 1256 672 1276 ue
693 1247 772 1286 quod
795 1247 940 1276 damnum
955 1245 1115 1276 delitescat
1128 1254 1185 1284 per
1201 1242 1338 1274 morbum
1354 1245 1469 1273 tectum
1484 1250 1494 1276 ,·
1512 1241 1659 1280 poenituit

808 1328 1048 1339 eeeeeeeeeeee

194 1379 279 1407 ——26
292 1376 406 1406 curulis
416 1376 632 1406 Bonon.—27
657 1375 764 1404 laxato
779 1374 890 1405 Oxon.
906 1383 956 1413 pr.
981 1373 1094 1404 lassata
1107 1371 1200 1403 Med.
1214 1373 1379 1402 tem—28
1398 1370 1565 1410 Ruptaque
1577 1368 1662 1399 riva-

197 1420 240 1450 les
255 1419 382 1450 Moret.
402 1421 542 1458 piu—29
570 1418 623 1448 Du
638 1418 746 1447 saltem
763 1418 841 1447 Vat.
861 1426 909 1456 pr.
927 1421 962 1446 et
980 1421 1055 1447 tert.
1074 1417 1156 1455 Reg.
1171 1416 1297 1445 Thuan.
1315 1415 1443 1444 Mazar.
1461 1412 1538 1443 Vat.
1553 1411 1661 1442 Livin.

198 1463 267 1493 Das
283 1462 376 1492 Rott.
402 1460 481 1492 Ald.
519 1461 583 1491 Des
605 1461 672 1491 (luo
691 1461 785 1492 Vatt.
812 1460 888 1490 Pal.
906 1460 1008 1489 Farn.
1027 1459 1120 1489 Prie.
1139 1459 1248 1489 Vicet.
1266 1458 1381 1488 Parm.
1400 1456 1523 1496 Isingr.
1553 1454 1663 1486 Colin.

198 1504 331 1545 Grypli.
352 1504 494 1544 Raphel.
511 1504 593 1534 Var.
612 1503 680 1534 LL.
709 1502 761 1533 ed.
791 1502 893 1533 Antv.
931 1503 999 1533 Des
1015 1502 1111 1533 alium
1139 1511 1243 1539 marg.
1270 1501 1476 1539 Jungr.—31
1502 1498 1555 1528 uni
1571 1496 1664 1528 Prie.

200 1547 507 1587 Oise1.ch.Pat.
536 1557 595 1577 uuo
624 1551 692 1577 tres
708 1546 804 1576 Vatt.
828 1545 901 1576 Pal.
928 1545 1031 1576 Farn.
1059 1545 1156 1575 Rott.
1184 1545 1292 1574 Uisel.
1319 1543 1423 1573 Gesn.
1453 1541 1506 1572 ed.
1524 1541 1664 1580 Bipont.

200 1590 337 1629 Koenig.
364 1591 419 1621 uni
435 1590 487 1619 vel
510 1599 568 1619 uno
588 1589 736 1619 Florem.
752 1589 834 1619 Vat.
859 1592 939 1618 tert.
967 1588 1062 1619 Med.
1081 1597 1148 1618 sec.
1174 1587 1254 1618 Put.
1274 1587 1386 1618 Oxou.
1413 1594 1480 1615 sec.
1500 1583 1664 1615 Heinsius

200 1632 408 1672 ascripserat
423 1632 535 1662 locum
552 1631 680 1662 Auson.
699 1631 815 1670 Epigr.
832 1634 885 1661 91.
911 1632 919 1647 ‘
938 1631 1218 1669 Jurisronsultus,
1234 1629 1288 1660 eui
1312 1628 1395 1658 vivit
1418 1627 1574 1658 adultera
1590 1634 1667 1656 con—

195 1674 366 1715 qu.'—34
392 1673 532 1704 Mutabit
549 1674 628 1704 Vat.
646 1683 695 1712 pr.
716 1674 861 1702 llIutubut
881 1673 966 1711 Reg.
983 1674 1096 1703 Oxon.
1115 1682 1164 1711 pr.
1186 1672 1307 1702 tubulas
1322 1670 1416 1701 Med.
1436 1671 1572 1709 pr.—35
1592 1667 1666 1697 Mu-

200 1721 285 1756 tatus
301 1717 394 1747 Prie.
413 1716 478 1746 duo
492 1715 587 1746 Med.
603 1715 736 1745 Thuan.
752 1715 876 1745 Petav.
894 1724 962 1745 sec.
979 1715 1105 1745 Moret.
1125 1723 1192 1744 sec.
1207 1714 1343 1743 Tliolos.
1361 1720 1430 1742 tres
1450 1711 1568 1741 Ambr.
1588 1709 1667 1740 Ald.

201 1761 284 1791 Exc.
301 1759 444 1790 Gevart.
462 1757 586 1788 Selied.
603 1758 694 1788 Gud.
710 1757 790 1786 Var.
808 1758 875 1787 LL.
894 1766 911 1786 e
929 1767 1033 1796 marg.
1052 1757 1167 1786 Parni.
1188 1756 1334 1786 Nudatus
1351 1755 1403 1785 vel
1425 1754 1566 1784 Mutatus
1583 1753 1666 1784 Lov.

202 1803 329 1833 Moret.
349 1811 399 1842 pr.
419 1800 515 1831 Leid.
533 1809 602 1831 sec.
618 1799 713 1830 Med.
728 1808 794 1829 sec.
810 1799 876 1829 duo
895 1799 1017 1830 Petav.
1036 1799 1127 1829 toties
1140 1798 1233 1829 Prie.
1251 1798 1378 1828 Moret.
1392 1799 1548 1827 see—36
1562 1795 1669 1834 jaceat

863 1893 1001 1925 NOTAE

203 1974 262 1995 seu
280 1963 380 1994 sellas
397 1962 566 1993 eburneas
584 1960 804 1999 dedecorare,
830 1970 907 2001 pro-

203 2016 284 2046 deat
301 2015 427 2046 Consul
455 2014 575 2054 aliquis
592 2023 634 2043 ex
661 2013 821 2049 metallis,
851 2012 906 2052 qui

204 2067 325 2102 saltem
342 2066 386 2096 sit
403 2065 464 2103 vir⁷
480 2074 545 2095 non
570 2064 764 2094 Eunuchus.
810 2062 907 2093 Servi

206 2116 429 2157 compedibus
460 2115 565 2146 vincti
604 2115 845 2146 retinebantur
875 2113 908 2143 in

206 2166 343 2198 fodinis.

248 2219 290 2247 28
317 2215 513 2255 Quirinales]
538 2215 674 2254 Vestes,
700 2225 757 2246 seu
785 2225 910 2256 purpu-

206 2276 277 2298 ram
302 2266 527 2304 consularem,
550 2275 569 2295 a
595 2265 738 2297 Quirino
765 2274 825 2294 seu
844 2265 910 2295 Ro-

207 2319 298 2350 mulo
313 2318 516 2348 institutam.

251 2371 383 2402 Sumant
400 2367 574 2409 ergastula]
606 2368 685 2399 Non
699 2377 830 2406 carcer,
854 2368 912 2398 sed

207 2432 323 2454 servus
361 2421 482 2462 aliquis
512 2419 544 2450 in
576 2428 718 2449 carcere
747 2418 910 2449 inclusus:

210 2474 389 2505 continens
421 2481 482 2511 pro
514 2474 687 2501 contento.
751 2470 913 2510 Ergastu-

210 2525 276 2554 lum
295 2532 396 2563 porro
412 2527 464 2552 est
492 2522 597 2558 locus,
622 2521 655 2550 in
680 2519 804 2561 quoad
830 2529 914 2560 opus

209 2573 401 2604 faciendum
429 2572 515 2602 servi
544 2572 755 2602 vinciuntur:
780 2569 840 2600 ἀπὸ
859 2571 916 2600 τοῦ

211 2623 409 2664 ἐργάζεσθαι,
425 2623 558 2663 operari.
605 2622 707 2652 Forte
726 2622 847 2652 alludit
872 2621 914 2652 ad

214 2676 413 2715 Spartacum
427 2674 650 2713 gladiatorem
667 2672 844 2712 insignem,
856 2672 912 2713 qui

213 2723 356 2756 effracto
373 2724 508 2755 Lentuli
525 2723 603 2753 ludo
620 2722 731 2754 fasces
749 2722 914 2754 Praetoris

213 2775 406 2814 occupavit.
452 2774 505 2805 De
521 2773 585 2805 hoc
602 2773 693 2806 alibi.

1005 1962 1043 1991 31
1075 1959 1199 1991 Vixerit
1212 1958 1280 1998 uni]
1299 1957 1424 1988 Procul
1438 1955 1540 1987 dubio
1553 1955 1672 1985 hones-

963 2011 1030 2042 tior
1044 2015 1078 2042 et
1094 2011 1211 2041 melior
1223 2013 1383 2040 censetur
1398 2007 1452 2038 ille
1467 2015 1597 2045 servus,
1610 2003 1669 2046 qui

963 2062 1121 2093 addictus
1140 2061 1244 2092 fuerit
1262 2061 1317 2091 uni
1336 2059 1483 2090 domino.
1529 2057 1670 2097 Quippe

964 2113 1052 2144 servi
1065 2122 1209 2153 nequam
1220 2121 1313 2152 saepe
1323 2108 1671 2148 vendebantur‚saepe

964 2163 1144 2195 mutabant
1161 2163 1326 2194 dominos.

1008 2218 1048 2246 33
1072 2215 1170 2255 Jura]
1194 2213 1339 2247 Quoties
1353 2211 1498 2243 mutavit
1510 2208 1673 2249 dominia,

967 2265 1100 2307 quoties
1116 2265 1149 2295 in
1166 2264 1229 2304 his,
1250 2264 1283 2294 in
1300 2263 1364 2294 illis
1382 2261 1532 2302 scriptus
1555 2263 1607 2290 est
1625 2262 1674 2289 ta-

968 2316 1067 2354 bulis,
1093 2316 1171 2346 dum
1189 2315 1281 2354 huic,
1308 2314 1362 2345 vel
1379 2313 1427 2344 illi
1445 2310 1671 2348 venderetur3

968 2367 1102 2408 quoties
1128 2365 1272 2397 mutavit
1297 2364 1446 2402 nomina,
1470 2362 1549 2392 dum
1575 2359 1674 2399 hujus

967 2419 1022 2449 vel
1039 2418 1179 2449 alterius
1196 2425 1313 2448 servus
1332 2424 1405 2445 esse
1423 2413 1608 2444 diceretur.

1012 2471 1051 2499 35
1078 2466 1240 2505 Nudatus]
1274 2464 1387 2496 Servis
1418 2460 1590 2493 venalibus
1617 2458 1674 2490 ‹le-

970 2523 1082 2549 tracta
1099 2517 1313 2554 vestimenta,
1326 2519 1363 2544 ut
1380 2521 1504 2552 eorpus
1520 2520 1587 2541 non
1602 2514 1674 2540 tan-

971 2573 1041 2599 tum
1059 2568 1100 2598 ab
1118 2571 1263 2604 emtore,
1290 2564 1348 2595 sed
1367 2568 1403 2594 et
1419 2562 1553 2593 medico
1570 2560 1676 2602 inspi-

970 2624 1107 2650 ceretur
1125 2620 1412 2655 tractareturque.
1461 2612 1547 2643 Rem
1576 2621 1677 2652 paga-

970 2677 1089 2699 norum
1115 2667 1205 2706 olim,
1231 2670 1266 2696 et
1290 2664 1391 2695 hodie
1417 2663 1600 2694 Turcarum
1625 2661 1675 2692 in-

969 2718 1073 2750 famia
1088 2717 1223 2758 dignam
1237 2716 1242 2745 !

1013 2771 1055 2801 36
1078 2768 1191 2799 Latent
1210 2766 1353 2807 jactura]
1390 2765 1516 2797 Lateat
1544 2761 1674 2801 vitium,
