1852 3193
247 227 301 266 84
749 231 825 262 cn.
858 227 1140 261 CLAUDIAM
1175 226 1207 255 1.

1625 315 1710 358 230

252 330 343 371 Hic
362 330 499 378 stetit,
524 334 570 370 ct
592 327 786 369 subitum
803 323 1042 380 prospexit
1064 321 1120 362 ab
1149 329 1307 371 aggere
1329 319 1496 366 votum,

255 398 496 439 Unanimes
526 396 699 444 fratres,
716 395 875 448 juncto
898 392 1093 444 stipante
1125 387 1307 434 Senatu,

251 465 320 507 lre
341 465 496 513 forum,
519 463 787 513 strictasque
814 458 970 512 procul
992 456 1164 497 radiare
1185 464 1382 501 secures,

250 532 401 584 Atque
423 544 507 572 uno
529 531 698 584 bijuges
730 527 826 568 tolli
848 526 903 566 de
924 524 1072 565 limine
1092 522 1257 563 fasces.

251 599 495 652 Obstupuit
525 599 638 646 visu,
666 606 976 648 suspensaque
1000 591 1160 644 gaudia
1176 601 1336 630 vocem

252 666 528 720 Oppressum
545 669 724 706 tenuere
744 663 818 704 diu
837 676 848 713 ;
880 674 984 702 mox
1006 659 1186 700 inchoat
1203 670 1279 698 ore
1303 669 1313 695 ε

311 733 525 787 Respice,
549 732 587 772 si
615 731 726 771 tales
743 730 894 784 jactas
913 729 1073 769 aluisse
1089 726 1280 774 fluentis,

250 800 417 841 Eurota
438 799 666 852 Spartane,
684 799 801 838 tuis:
825 796 933 850 quid
956 794 1140 848 protulit
1161 805 1339 846 aequum

252 867 411 907 Falsus
428 867 539 915 olor,
556 866 708 906 valido
732 865 931 918 quamvis
944 863 1180 903 decernere
1197 864 1319 902 cestu

249 933 424 983 Norint,
457 938 499 974 et
528 934 698 973 ratibus
721 944 867 973 saevas
889 943 1036 971 arcere
1058 928 1279 982 procellas
1300 928 1318 967 i

249 1001 318 1041 En
351 1013 465 1041 nova
493 999 674 1040 Ledaeis
704 1000 883 1039 soboles
904 998 1135 1049 fulgentior
1158 995 1306 1036 astris.
1625 991 1712 1034 240

249 1101 334 1131 stitit
363 1099 412 1130 hic
438 1098 562 1137 Tibris,
591 1101 621 1129 et
650 1108 667 1128 e
696 1098 771 1128 colle
801 1097 925 1136 aspexit
949 1097 1058 1127 statim
1084 1095 1271 1125 desiderium
1298 1103 1408 1132 suum,
1434 1093 1558 1131 fratres
1581 1093 1716 1125 scilicet

246 1141 445 1172 amicissimos
462 1141 602 1171 incedere
630 1140 664 1170 in
678 1139 798 1177 forum,
812 1139 929 1169 Senatu
951 1138 1107 1176 conjuncto
1123 1138 1301 1175 comitante,
1315 1147 1351 1167 ac
1366 1137 1454 1175 longe
1465 1146 1584 1167 secures
1592 1137 1716 1167 distric-

247 1189 297 1215 tas
305 1183 493 1222 fulgescere,
517 1186 547 1213 et
554 1182 661 1219 fasces
685 1182 858 1221 geminatos
878 1180 991 1221 afferri
1014 1191 1054 1210 ezr
1083 1189 1145 1210 una
1160 1180 1248 1209 domo
1265 1189 1275 1209 .·
1295 1179 1470 1209 admiratus
1483 1182 1529 1209 est
1543 1179 1662 1217 videns,
1684 1181 1716 1209 et

248 1227 364 1257 loetitia
390 1227 509 1257 incerta
524 1225 659 1256 cohibuit
677 1225 802 1263 longum
829 1234 929 1254 vocem
945 1232 1172 1263 compressam;
1198 1225 1263 1252 tum
1285 1222 1396 1261 incipit
1412 1221 1513 1261 loqui:
1541 1220 1572 1251 Ο
1593 1221 1716 1252 Eurota

247 1269 555 1305 Lacedaemoniensis‚
577 1268 646 1298 tide
660 1277 701 1297 an
722 1267 870 1306 glorieris
892 1266 998 1297 tulisse
1013 1266 1127 1295 similes
1142 1265 1230 1295 viros
1248 1273 1355 1304 prope
1362 1265 1498 1305 flurium
1513 1266 1612 1295 tuum.
1637 1264 1718 1305 Cyc-

250 1321 306 1342 nus
328 1312 494 1342 simulatus
519 1310 592 1350 quid
615 1310 732 1350 (equale
759 1307 884 1341 edidit?
909 1309 982 1338 Etsi
1011 1307 1072 1338 filii
1100 1308 1174 1348 ejus
1190 1307 1290 1337 sciant
1304 1316 1443 1346 pugnare
1467 1310 1551 1337 cestu
1566 1307 1658 1345 duro,
1684 1309 1716 1338 et

248 1363 400 1385 removere
425 1356 623 1393 tempestates
650 1351 839 1392 perniciosas
869 1361 889 1381 a
918 1350 1063 1381 nat-ibus.-
1093 1359 1158 1380 ecce
1182 1350 1286 1390 proles
1308 1359 1424 1389 recens,
1438 1349 1550 1380 clarior
1563 1348 1718 1381 sideribus

866 1424 1099 1436 eeeeeeeeeeee

251 1470 413 1503 Heinsius
431 1469 591 1500 emendat
604 1468 868 1500 interluit—230
893 1467 1051 1507 conspexit
1076 1466 1172 1498 Leid.
1188 1477 1239 1506 pr.
1256 1467 1383 1498 Moret.
1398 1467 1589 1499 Jun.—231
1604 1466 1716 1505 juncto

249 1515 376 1546 Moret.
406 1512 529 1543 Petav.
567 1521 618 1551 pr.
650 1521 668 1542 a
699 1521 744 1543 m.
774 1521 843 1542 sec.
873 1510 967 1541 Med.
1006 1520 1055 1550 pr.
1096 1510 1150 1541 ed.
1183 1510 1297 1540 Parin.
1328 1516 1362 1540 et
1394 1510 1509 1540 Vicet.
1538 1510 1636 1547 juxta
1661 1510 1718 1541 vel

242 1557 368 1595 junctos
396 1556 474 1585 Vat.
500 1554 609 1595 quint.
636 1555 779 1592 junctum
813 1554 1010 1593 conjecerat
1041 1553 1215 1583 Heinsius.
1264 1556 1370 1583 cuncto
1400 1553 1630 1583 Barth—233
1653 1552 1716 1583 imo

252 1600 330 1629 Vat.
356 1608 407 1638 pr.
438 1598 552 1628 Vicet.
590 1607 648 1627 uno
666 1598 750 1627 Exc.
770 1596 865 1627 Laeti.
905 1596 1025 1634 bijuges
1042 1596 1093 1626 vel
1111 1596 1197 1626 binas
1213 1596 1293 1626 Vat.
1312 1596 1420 1636 quint.
1459 1595 1574 1626 lumine
1589 1595 1716 1627 Moret-

252 1641 349 1673 Med.
367 1650 416 1681 pr.
434 1640 637 1671 Prie—234
663 1639 823 1679 Obstipuit
840 1638 932 1669 Prie.
961 1638 1082 1669 Petav.
1101 1648 1153 1678 pr.
1170 1638 1226 1678 qni
1243 1643 1357 1669 tamen
1382 1647 1402 1668 a
1426 1647 1470 1669 m.
1494 1647 1562 1669 sec.
1599 1637 1717 1668 obstre-

247 1685 319 1724 puit
351 1684 467 1714 habet.
504 1692 664 1722 suppressa
693 1692 777 1712 unus
818 1682 936 1712 Barth.
990 1685 1110 1711 ostensa
1153 1681 1362 1712 alten—236
1384 1681 1523 1721 fluentes
1556 1680 1718 1711 Vicet.-—

249 1729 312 1758 237
342 1727 475 1756 Eurotas
502 1725 596 1755 Med.
627 1730 738 1765 quart.
778 1725 915 1755 Eurotas
945 1724 1112 1763 Spartasre
1139 1723 1233 1754 Med.
1252 1733 1304 1764 pr.
1329 1723 1405 1754 Pal.
1428 1723 1556 1754 Moret.
1594 1723 1718 1754 Eurota

251 1769 332 1799 Ald.
365 1769 519 1808 Spartace
546 1767 612 1797 duo
640 1769 718 1798 Vnt.
752 1767 926 1806 Sparteque
952 1766 1044 1797 Pric.
1082 1766 1233 1806 Sparteve
1265 1767 1366 1797 Farn.
1405 1766 1543 1797 Eurotas
1566 1765 1718 1806 Sparteve

250 1811 348 1842 Leid.
361 1821 413 1851 pr.
430 1809 516 1841 Cod.
533 1810 631 1842 Junt.
649 1810 762 1840 Vicet.
779 1809 904 1849 Isingr.
919 1810 1033 1840 Parm.
1054 1808 1242 1840 Δῃὼ-239
1262 1808 1381 1839 Norint
1395 1808 1478 1839 Exc.
1496 1808 1594 1839 Laeti.
1635 1808 1719 1839 Hor-

250 1854 317 1884 ruit
335 1854 401 1884 duo
418 1853 511 1884 Med.
529 1858 563 1883 et
578 1852 631 1883 ed.
648 1853 761 1883 Vicet.
802 1853 897 1882 Norit
914 1855 943 1882 et
960 1862 977 1881 α
992 1855 1055 1882 rat.
1067 1851 1162 1882 Leid.
1180 1861 1229 1891 pr.
1269 1851 1401 1882 Noverit
1419 1851 1499 1881 Vat.
1517 1851 1596 1889 duo,
1612 1851 1717 1882 Farn.

251 1896 346 1927 Prie.
387 1895 519 1926 Noverit
532 1905 551 1925 a
565 1894 684 1925 ratibus
701 1895 829 1925 Moret.
869 1895 966 1925 Not-it
993 1898 1023 1924 et
1045 1904 1064 1924 a
1081 1893 1164 1925 Cod.
1181 1894 1262 1925 Jun.
1298 1896 1409 1924 norunt
1425 1897 1454 1924 et
1472 1894 1558 1924 Exc.
1574 1894 1718 1923 Voss.—

250 1940 314 1969 240
339 1939 390 1969 En
406 1939 490 1969 Exc.
505 1937 603 1968 Laeti.
635 1938 679 1967 Et
693 1937 760 1968 duo
778 1937 871 1968 Med.
899 1937 944 1967 Tu
957 1937 1041 1967 edit.
1056 1937 1170 1968 Vicet.
1188 1936 1390 1976 fulgentibus
1404 1936 1604 1967 Pria—241
1628 1938 1718 1977 aptat

920 2010 1060 2042 NOTAE

293 2079 357 2107 230
386 2075 512 2115 Votum]
537 2074 682 2115 Aspexit
698 2073 824 2105 fratres
838 2076 956 2106 unani·

251 2137 335 2165 mes,
364 2126 420 2166 qui
449 2130 548 2156 erant
574 2135 675 2155 causa
703 2130 856 2157 votorum
882 2135 956 2157 suo-

252 2187 340 2215 rum,
358 2187 417 2207 seu
433 2176 593 2206 desiderii
611 2177 675 2207 sui·
734 2182 740 2188 '

295 2231 360 2259 232
385 2228 523 2264 Secures,
546 2229 598 2266 ᾄτ.
621 2225 737 2265 fasces,
762 2227 832 2266 δῖα]
871 2227 958 2257 Sunt

251 2279 395 2319 insignia
408 2278 621 2315 Consulatus,
644 2287 719 2317 quae
745 2287 764 2307 a
780 2277 956 2308 lictoribus

252 2336 332 2363 ante
351 2331 513 2362 Consules
532 2329 764 2370 gestabantur.

296 2383 358 2412 233
394 2380 543 2420 Bijuges]
581 2380 705 2410 Fasces
742 2379 929 2419 geminatos
948 2389 956 2416 ;

254 2442 315 2464 sex
331 2432 465 2463 scilicet
496 2441 558 2471 pro
583 2440 648 2461 uno
672 2430 831 2469 Consule,
846 2434 881 2460 et
898 2439 957 2460 sex

254 2493 317 2524 pro
347 2483 470 2519 altero,
501 2481 558 2522 qui
586 2485 700 2512 tamen
717 2490 757 2511 ex
775 2490 842 2511 una
859 2479 957 2511 domo

254 2534 515 2570 attollebantur,
534 2532 623 2573 quod
641 2542 764 2563 rarum.

297 2589 360 2617 234
383 2585 535 2625 Suspenso
549 2583 682 2624 gaudia]
727 2583 879 2622 Incerta,
903 2592 956 2613 res

257 2636 345 2667 enim
363 2640 457 2666 tanta
475 2640 609 2675 tamque
625 2633 804 2673 singularis
817 2637 904 2672 erat,
920 2637 957 2663 ut

258 2685 432 2716 dubitaret
451 2695 492 2715 au
511 2694 546 2714 re
574 2694 654 2715 vera
681 2683 746 2714 duo
764 2681 890 2713 fratres
908 2692 959 2713 es-

256 2741 332 2767 sent
347 2736 443 2765 simul
460 2735 636 2766 Consules.

300 2787 362 2816 237
388 2785 523 2825 Eurota]
540 2785 608 2816 Hic
622 2788 722 2816 notus
735 2788 788 2815 est
799 2783 956 2815 Lacouiae

1010 2075 1147 2114 fluvius,
1164 2086 1264 2116 quem
1290 2076 1423 2107 Tiberis
1439 2074 1638 2116 alloquitur,
1657 2073 1718 2105 flu-

1012 2127 1084 2158 vius
1101 2126 1240 2158 fluvium
1256 2138 1264 2165 ;
1281 2128 1453 2158 Romanus
1470 2126 1641 2157 Graecum.

1054 2180 1117 2208 238
1141 2177 1252 2207 Falsus
1267 2176 1346 2215 olor]
1377 2176 1560 2215 Jupiterin
1574 2175 1716 2206 Olorem

1012 2236 1194 2257 conversus
1209 2235 1285 2256 cum
1302 2226 1395 2256 Leda
1404 2225 1552 2265 Tyndari
1568 2225 1716 2266 conjuge

1012 2275 1211 2313 concubuit,
1236 2279 1272 2305 et
1304 2274 1383 2306 inde
1412 2276 1481 2306 nati
1514 2275 1650 2306 Helena
1679 2280 1716 2307 et

1011 2325 1136 2355 Pollux
1160 2323 1270 2355 frater
1297 2326 1464 2365 Castoris,
1488 2325 1638 2367 quiinde
1653 2326 1716 2358 Le-

1011 2376 1075 2407 da‘i
1094 2376 1267 2406 dicuntur.

1055 2426 1228 2456 Decernere
1255 2430 1338 2457 cestu
1367 2426 1488 2467 norint]
1536 2428 1658 2459 Castor
1681 2430 1718 2459 et

1011 2477 1149 2516 Pollux,
1166 2478 1221 2518 qui
1233 2478 1346 2518 magni
1363 2479 1496 2518 pugiles
1513 2471 1678 2509 extitere

1055 2531 1119 2559 239
1143 2528 1278 2558 Rulibus
1301 2538 1404 2558 arcere
1428 2527 1590 2568 procellas]
1625 2528 1717 2558 Non-

1012 2588 1184 2618 nunquam
1202 2578 1233 2607 in
1247 2577 1329 2607 mari
1350 2582 1519 2617 apparent
1531 2576 1596 2607 duo
1608 2577 1718 2618 ignes,

1012 2630 1069 2670 qni
1107 2634 1274 2659 vocantur
1302 2629 1424 2659 Castor
1450 2632 1486 2658 et
1515 2627 1650 2666 Pollux,
1679 2633 1717 2660 et

1013 2679 1093 2710 inde
1119 2682 1232 2709 nautae
1261 2678 1471 2719 praesagiunt
1493 2682 1717 2719 tempestates

1015 2729 1169 2761 sedatum
1187 2729 1239 2760 iri.

1055 2784 1118 2813 240
1141 2780 1264 2813 Ledoeis
1278 2778 1388 2819 astris]
1425 2779 1568 2811 Castore
1585 2783 1622 2812 et
1636 2778 1716 2812 Pol-
