1857 3177
517 199 579 229 nn
614 199 760 231 NUPT.
791 200 980 231 HONOR.
1016 200 1076 230 Εἰ·
1108 201 1231 233 MAR.
1513 192 1599 235 3:39

140 292 242 334 Stes
261 293 362 334 licet
382 293 423 333 in
441 294 632 346 populo;
665 295 843 344 clamat,
866 296 1133 349 quicumque
1152 295 1338 344 videbit,

140 359 230 400 llic
251 365 329 409 est,
352 361 420 401 hic
444 361 670 402 Stilichon.
732 363 806 403 Sic
825 376 871 402 sc
891 366 1074 404 testatur
1095 368 1139 403 et
1159 362 1283 404 offert

139 426 271 467 Celsa
293 428 525 480 potestatis
555 430 752 482 species;
784 441 870 469 non
887 441 996 469 voce
1016 429 1166 479 feroci,
1512 428 1598 470 3⁶20

139 494 243 535 Non
266 494 352 534 alto
374 494 583 535 simulata
605 495 755 545 gradu,
777 507 863 535 non
892 495 1090 547 improba
1112 498 1251 548 gestu.

137 560 357 602 Affectunt
379 561 452 601 alii
473 562 703 615 quicquid,
722 561 913 614 fingique
933 561 1152 612 laborant,

136 627 240 668 Hoc
258 628 390 668 donat
412 628 586 670 Natura
605 629 696 668 tibi.
756 628 905 668 Pudor
927 629 1088 669 emicat
1110 642 1213 680 una,

139 695 467 749 Formosusque
489 697 632 748 rigor:
664 696 896 748 vultusque
921 700 1108 736 auctura
1126 697 1336 738 verendos

137 761 330 803 Canities
351 764 506 803 festina
529 763 656 803 venit.
682 776 684 778 ’
718 762 931 802 Consorte
957 766 1138 812 remota,
1510 763 1597 805 325

132 896 194 923 stes
212 892 296 923 inter
316 893 442 927 vulgum
465 893 643 932 quicumque
663 893 805 932 aspiciet,
828 892 1027 931 exclamabit,
1042 892 1108 924 Hic
1123 895 1169 923 est
1192 892 1241 922 hic
1263 891 1405 923 Stilicho.
1452 891 1504 922 lm
1531 893 1596 922 alla

132 936 275 974 majestas
287 936 450 974 potcstatis
460 937 592 965 ostendit
610 939 638 965 et
653 936 777 966 exhibet
797 946 871 974 sese,
889 946 949 965 uon
961 935 1110 976 affectata
1127 945 1263 966 sermone
1279 934 1419 974 superbo,
1435 945 1494 965 non
1510 945 1596 964 arro-

128 978 220 1016 ganta·
231 987 333 1018 passu,
346 988 404 1007 non
416 979 529 1008 lasciva
542 982 644 1017 gestu.
692 979 849 1018 Quicquid
864 978 920 1008 ulii
934 979 1112 1018 exquirunt,
1133 981 1163 1008 et
1183 980 1305 1008 tentant
1319 977 1468 1013 formari,
1481 981 1595 1007 natura

129 1020 240 1051 tribuit
256 1019 311 1050 hoc
323 1020 392 1050 tibi.
440 1021 546 1050 Pudor
561 1024 591 1051 et
605 1021 733 1060 pulchra
745 1021 891 1060 gravitas
905 1021 997 1051 simut
1012 1021 1112 1051 nitent
1129 1020 1161 1050 in
1181 1027 1214 1050 te
1230 1031 1239 1059 3
1267 1023 1297 1050 et
1311 1020 1380 1050 cani
1395 1020 1488 1050 citius
1503 1021 1594 1050 ‹alve-

130 1063 232 1105 uiunt,
247 1063 369 1094 auctari
392 1064 617 1094 venerationem
632 1063 696 1094 oris
713 1064 773 1095 tui.
820 1064 970 1103 Expulsae
988 1062 1062 1102 suto
1075 1073 1132 1103 pro
1154 1063 1226 1093 aliis
1240 1065 1311 1093 suut
1334 1062 1393 1092 tibi
1409 1066 1439 1093 et
1452 1063 1596 1102 gravitas

744 1174 781 1185 Ν
785 1174 979 1185 eeeeeeeeee

130 1251 209 1283 Jun.
235 1261 287 1291 pr.
311 1251 366 1282 Sis·
381 1251 434 1282 vel
453 1251 525 1282 Stes
549 1251 628 1282 Vat.
645 1254 757 1290 quart.
781 1254 816 1280 et
833 1250 942 1291 quint.
965 1249 1088 1280 Petav.
1117 1257 1166 1287 pr.
1187 1247 1310 1287 populis
1331 1246 1464 1278 Tliolos.
1480 1248 1594 1278 clamat

130 1300 198 1324 tres
215 1295 310 1325 Vatt.
326 1294 400 1325 Pal.
419 1295 515 1324 Farn.
533 1294 624 1323 Prie.
649 1294 742 1323 Rott.
770 1293 876 1323 Oisel.
898 1293 1029 1322 clament
1047 1297 1080 1321 et
1096 1289 1241 1320 ridebunt
1258 1290 1382 1319 Movet.
1399 1299 1467 1320 sec.
1483 1291 1594 1321 clamet

129 1337 181 1368 ed.
199 1336 338 1376 Bipont.
355 1341 392 1367 et
408 1335 511 1367 Gesn.
527 1340 629 1375 atquc
649 1335 696 1365 ita
719 1336 784 1374 leg.
802 1334 1031 1365 Heius-319
1055 1333 1120 1363 Hic
1131 1336 1189 1371 est,
1212 1331 1263 1362 hic
1278 1331 1390 1362 Stilico
1414 1331 1593 1363 duodecim

129 1379 246 1418 scripti
263 1383 297 1409 ot
313 1378 436 1409 Sclied.
453 1378 545 1409 Gud.
562 1378 628 1408 Hic
643 1378 694 1408 vel
713 1378 783 1408 Hoc
800 1377 923 1408 Petav.
940 1387 990 1417 pr.
1006 1375 1072 1406 Hic
1088 1376 1139 1406 ille
1155 1377 1201 1406 est
1217 1379 1288 1405 tres
1305 1375 1399 1405 Vatt.
1416 1374 1512 1405 Rott.
1527 1375 1593 1405 Hic

128 1425 173 1452 est
185 1422 234 1452 hic
248 1421 361 1452 Stilico
374 1431 439 1452 sese
450 1422 528 1452 Vat.
541 1421 648 1452 Livin.
665 1421 717 1460 qni
732 1420 776 1451 sic
792 1420 884 1452 Med.
900 1425 979 1451 tert.
994 1419 1039 1450 sic
1051 1428 1082 1449 se
1094 1419 1195 1449 Farn.
1212 1422 1314 1457 atque
1330 1417 1377 1447 ita
1394 1417 1458 1456 leg.
1473 1417 1593 1449 Heius.

127 1474 190 1495 sese
206 1464 299 1496 Leid.
318 1474 367 1504 pr.
382 1469 417 1495 et
435 1463 600 1494 tredecim
619 1464 685 1502 alii,
702 1464 783 1494 item
799 1463 919 1493 Sched.
937 1462 1027 1494 Gud.
1049 1461 1102 1492 Sic
1115 1465 1145 1492 te
1161 1461 1212 1491 vel
1230 1460 1273 1491 sic
1288 1470 1320 1490 se
1335 1461 1412 1490 vat.
1430 1469 1480 1499 pr.
1499 1460 1593 1491 Rott.

128 1507 223 1538 Med.
240 1517 306 1538 see.
323 1506 415 1547 effert
433 1501 544 1537 Oxou.
558 1516 625 1537 sec.
641 1506 802 1537 Heinsius
816 1506 1018 1546 ascripserat
1032 1505 1142 1535 locum
1157 1512 1206 1534 vl.
1219 1504 1317 1534 (ons.
1333 1502 1463 1533 Honor.
1481 1512 1528 1533 vs.
1541 1505 1593 1533 ll.

126 1552 134 1565 ‘
155 1559 253 1590 quem
271 1559 364 1580 mons
382 1549 573 1580 Evandrius
590 1547 711 1580 effert!
730 1554 765 1579 ut
792 1548 839 1579 ibi
857 1549 889 1579 in
908 1548 989 1579 Cod.
1004 1547 1116 1578 Oxon.
1128 1547 1422 1586 comparet.—320
1441 1545 1591 1584 potestati

127 1593 190 1623 inc.
215 1592 334 1623 Heius.
357 1602 410 1623 nec
424 1602 495 1623 voce
512 1592 605 1622 Rott.
624 1592 707 1630 Reg.
725 1591 842 1622 Ambr.
860 1601 910 1631 pr.
935 1591 1066 1621 Bonon.
1085 1590 1323 1620 Tliolos.—321
1348 1588 1510 1617 stimulata
1525 1586 1591 1617 duo

127 1635 222 1666 Vatt.
237 1635 359 1665 Petav.
376 1644 444 1666 sec.
461 1644 504 1665 m.
521 1644 571 1674 pr.
588 1635 668 1664 Var.
688 1634 755 1664 LL.
773 1633 827 1664 ed.
842 1633 1054 1664 Antv.——323
1077 1632 1149 1662 Hoc
1165 1633 1258 1661 donat
1275 1630 1415 1669 triginta
1432 1629 1540 1660 Codd.
1557 1635 1593 1660 et

125 1678 206 1709 Var.
219 1678 287 1709 LL.
305 1687 323 1707 e
340 1687 445 1717 marg.
461 1677 576 1708 Parin.
595 1677 675 1707 Ham·
687 1678 781 1706 donat
797 1676 880 1707 Cod.
894 1675 1012 1715 Epigr.
1026 1674 1249 1705 Amba—321
1264 1673 1488 1711 Formosusque
1499 1672 1593 1703 rubor

125 1720 259 1752 Thuan.
275 1721 376 1750 vultus
390 1722 520 1750 auctura
531 1719 610 1751 Jun.
629 1729 678 1759 pr.
698 1720 773 1750 vat.
791 1728 857 1750 see.
874 1718 970 1750 Med.
988 1722 1102 1758 quart.
1120 1717 1207 1757 Reg.
1230 1716 1358 1746 Mazar.
1376 1715 1459 1746 Cod.
1477 1715 1591 1747 Ursin.

125 1767 248 1794 auctore
265 1763 387 1794 Petav.
405 1766 484 1793 tert.
498 1763 643 1802 ‘cultuque
657 1765 767 1792 actura
782 1763 913 1793 *verendo
929 1762 1010 1792 Var.
1028 1761 1098 1792 LL.
1117 1759 1169 1790 ed.
1185 1760 1288 1789 Antv.
1304 1758 1447 1797 rulcuque
1462 1761 1592 1788 auctura

125 1808 254 1838 verendo
267 1806 363 1837 Med.
381 1816 431 1846 pr.
446 1808 549 1836 actore
564 1806 694 1835 verendo
711 1803 794 1835 Cod.
820 1805 936 1843 Epigr.
954 1803 1072 1834 Ambr.
1094 1807 1200 1833 actore
1224 1803 1353 1831 verendo
1383 1800 1434 1830 vel
1461 1803 1592 1831 auctura

124 1851 269 1880 verendos
285 1849 407 1880 Petav.
421 1858 490 1879 sec.
508 1849 652 1878 verendos
672 1849 789 1877 Petav.
809 1849 984 1877 seen—325
1002 1844 1122 1882 festiva
1137 1845 1219 1874 Exc.
1237 1843 1381 1873 Gevart.
1401 1842 1522 1879 festina
1537 1843 1591 1873 vel

115 1891 237 1927 festiva
265 1892 389 1923 Petav.
418 1900 485 1921 sec.
505 1889 629 1928 festiva
656 1889 739 1920 venit
767 1889 821 1919 vel
849 1889 933 1919 canit
948 1889 1029 1918 Vat.
1057 1887 1165 1928 quint.
1194 1885 1355 1916 Heinsius
1384 1884 1591 1924 ascripserat

126 1935 235 1965 locum
252 1935 342 1965 Plin.
360 1934 393 1964 in
410 1932 638 1973 Panegyrico.
663 1932 720 1962 ubi
742 1932 750 1947 ‘
770 1931 942 1962 t'estinatae
970 1930 1157 1961 senectutis
1185 1926 1340 1968 insignia’
1369 1933 1469 1957 vocat
1495 1927 1590 1957 Coni-

124 1978 211 2015 ΐὶειη,
227 1987 326 2017 quam
343 1977 376 2007 in
390 1976 537 2015 Trajano
554 1974 782 2013 commendat,
800 1984 874 2014 quae
891 1973 1096 2005 Claudianus
1113 1971 1247 2001 videtur
1268 1969 1458 2010 respexisse
1476 1979 1484 1998 :
1511 1969 1589 2000 vide

127 2020 238 2049 locum
254 2018 343 2059 apud
361 2018 505 2049 Casaub.
523 2018 565 2047 ad
583 2016 673 2047 Hist.
690 2016 777 2056 Aug.
795 2026 828 2056 p.
853 2018 926 2047 239.
953 2025 1020 2046 cum
1044 2017 1126 2045 sorte
1151 2013 1248 2044 Leid.
1273 2022 1322 2052 pr.
1348 2016 1383 2042 et
1409 2010 1590 2042 duodecim

125 2062 193 2099 alii,
221 2061 303 2092 item
332 2062 415 2091 Exc.
440 2061 582 2091 Lucens.
608 2068 675 2089 sec.
704 2069 764 2089 non
788 2061 869 2089 sorte
893 2058 985 2089 Prie.
1008 2068 1076 2088 cum
1101 2059 1182 2087 sorte
1206 2057 1330 2085 remotae
1351 2053 1404 2084 ed.
1431 2053 1534 2084 Gesn.
1553 2059 1590 2085 et

125 2105 264 2144 Bipont.
279 2107 419 2134 consorte
434 2105 550 2133 remoto
567 2102 633 2131 duo
650 2102 729 2132 Vat.
746 2101 825 2133 Jun.
849 2111 901 2141 pr-
919 2101 985 2131 duo
1003 2100 1116 2131 Oxon.
1133 2098 1214 2129 Cod.
1229 2097 1342 2128 Ursin.
1360 2097 1440 2126 item
1458 2096 1535 2127 Ald.
1552 2101 1590 2127 et

126 2147 173 2178 sic
191 2147 255 2187 leg.
272 2146 414 2178 Gevart.
430 2144 588 2177 Rufinum
605 2144 813 2185 intelligens,
827 2144 862 2174 in
879 2143 989 2184 Epist.
1006 2143 1049 2174 ad
1066 2141 1256 2173 Heinsium.
1272 2141 1391 2170 remota
1405 2138 1460 2169 vel
1475 2142 1591 2170 remoto

784 2263 925 2295 NOTAE

166 2341 230 2371 319
264 2338 329 2369 Hic
358 2337 419 2378 est]
452 2337 613 2369 Persius:
649 2337 658 2354 ‘
685 2336 733 2368 At
757 2329 831 2378 pul·>
884 2337 993 2378 gravi,
1009 2337 1081 2368 sine
1099 2336 1166 2367 ulla
1182 2332 1416 2365 affectatione.

123 2391 239 2423 chrum
256 2394 310 2421 est
325 2389 434 2430 digito
454 2387 648 2428 monstrari,
669 2392 704 2419 ct
719 2387 830 2419 dicier
926 2390 988 2419 321
1013 2385 1172 2428 Improba]
1195 2382 1426 2420 Effoeminata‚
1450 2379 1589 2420 lasciva,

125 2442 193 2473 Hic
209 2443 285 2472 est?
884 2438 1004 2480 turpis,
1017 2439 1061 2469 ob
1077 2441 1211 2477 gestum
1227 2434 1437 2464 indecorum.

166 2495 230 2522 320
255 2492 345 2522 Celsa
359 2489 534 2532 potestatis]
559 2489 676 2520 Status
692 2491 827 2519 erectus
926 2491 991 2521 322
1032 2487 1189 2527 Fingique
1217 2481 1374 2522 laborant]
1415 2479 1588 2521 Quicquid

126 2545 162 2572 et
187 2541 340 2573 excelsus
370 2550 448 2572 cum
473 2539 620 2582 quadam
649 2539 828 2580 majestate
882 2540 941 2571 alii
959 2548 1033 2571 esse
1050 2538 1206 2579 cupiunt,
1220 2541 1450 2576 quascumque
1462 2530 1586 2562 formas

125 2592 340 2632 conjunctus,
369 2601 430 2622 seu
456 2591 587 2622 animus
616 2591 674 2622 ille
704 2591 828 2630 victor,
882 2589 1024 2620 induere
1041 2591 1220 2626 conantur,
1243 2593 1301 2614 eas
1319 2591 1434 2612 omnes
1452 2581 1587 2612 Natura

125 2642 325 2683 Regiumque
351 2646 460 2681 tutor,
475 2651 551 2673 sese
572 2641 689 2682 prodit
703 2641 830 2671 eximia
883 2641 947 2672 tibi
963 2638 1152 2671 liberaliter
1166 2635 1339 2676 impertita
1354 2636 1417 2663 est.

126 2692 270 2734 quadam
286 2693 388 2732 ipsius
404 2692 556 2733 corporis
570 2691 699 2731 specie,
710 2694 747 2722 et
760 2699 829 2721 ser·
925 2694 987 2722 325
1015 2684 1297 2724 Canitiexsestina]
1318 2683 1375 2714 Sic
1392 2680 1524 2712 Plinius
1541 2678 1585 2710 de

125 2752 237 2782 mone,
276 2742 425 2783 incessu,
471 2745 638 2783 gestuque
678 2740 827 2783 quodam
879 2741 1037 2782 TraJano‚
1059 2743 1068 2757 ‘
1086 2739 1162 2771 Nec
1178 2736 1251 2768 sine
1274 2732 1420 2776 quodam
1444 2738 1586 2762 munere
