1857 3177
564 205 614 237 rx
650 204 881 237 Romnum
916 204 1009 234 mu.
1044 205 1096 235 11.
1469 195 1553 236 163

101 301 203 344 Uno
225 300 263 342 si
282 298 453 354 placuit
471 299 605 340 deleri
626 301 794 342 saecula
813 301 958 354 lapsu,

103 369 152 409 Si
172 370 297 422 piget
316 368 493 408 humani
519 370 685 420 generis
703 383 713 420 3
747 371 1004 422 prorumpat
1023 367 1068 408 in
1088 378 1193 408 arva

102 436 303 477 Libertas
324 435 499 477 effraena
520 437 667 485 maris,
690 438 759 475 vel
783 437 925 476 limite
949 436 1068 476 nullo
1467 434 1554 474 210

102 503 274 544 Devius
290 509 487 544 errantes
508 503 741 543 Phaethon
764 503 1011 544 confundat
1028 502 1239 543 habenas.

103 570 193 612 Cur
212 584 289 624 per
310 570 519 611 Rufinum
543 572 731 623 geritur?
764 573 1054 624 procumbere
1074 570 1284 610 mundum

104 636 211 678 Hoc
234 644 415 678 auctore
437 639 586 691 pudet.
650 638 816 679 Mediis
837 650 1096 678 revocamur
1119 639 1174 678 ab
1197 635 1344 686 armiS‚

103 702 215 757 (Pro
238 705 361 745 dolor
379 704 410 759 !)
440 711 483 746 et
505 707 682 746 strictos
703 705 927 758 deponere
950 705 1145 754 cogimur
1165 716 1310 745 enses,

102 770 216 821 Vos,
239 785 404 814 arsurae
427 774 575 820 urbes,
596 774 880 825 perituraque
897 773 1079 821 moenia,
1102 776 1234 813 testor
1253 787 1262 811 :
1477 770 1563 813 215

105 838 225 880 Cedo
247 839 466 892 equidem,
490 845 534 880 et
555 840 764 880 miserum
786 840 988 893 permitto
1009 841 1192 880 casibus
1211 840 1379 880 orbem.

105 905 295 947 Flectite
318 908 454 959 signa,
478 907 641 948 duces:
674 908 825 948 redeat
840 908 935 962 jam
956 909 1079 948 miles
1099 908 1222 949 Eois.

104 971 359 1014 Parendum
381 979 461 1015 est.
521 974 711 1016 Jaceant
729 975 850 1017 litui:
882 976 1114 1029 prohibete
1137 976 1336 1028 sagittas,

104 1104 200 1135 visum
216 1108 259 1136 est
275 1106 372 1136 everti
386 1106 499 1137 soecala
509 1116 569 1136 uno
585 1109 680 1143 motu,
695 1107 721 1136 si
737 1107 830 1136 toedet
853 1117 905 1136 vos
918 1106 1025 1145 gentis
1038 1107 1194 1137 hominum
1207 1118 1218 1142 ;
1239 1107 1364 1138 licentia
1377 1116 1488 1139 vesana
1502 1118 1566 1139 ma-

105 1147 150 1178 ris
160 1146 340 1188 effundatur
356 1149 389 1179 -ἱιι
401 1158 522 1188 campos
534 1159 543 1183 ;
565 1152 619 1179 aut
636 1148 798 1178 Phaethon
810 1148 956 1179 aberrans
969 1159 986 1179 a
998 1150 1046 1178 ria
1060 1154 1144 1180 recta
1156 1150 1284 1180 misceat
1290 1150 1397 1187 fraena
1406 1151 1566 1189 vagantia.

107 1189 210 1224 Quare
227 1191 258 1220 id
267 1191 311 1230 fit
327 1200 382 1229 per
401 1191 566 1232 Rufinum?
585 1190 769 1221 probrosum
785 1195 829 1221 est
841 1191 941 1222 orbem
954 1192 1133 1229 labefactari
1146 1193 1187 1222 ab
1198 1193 1252 1222 hoc
1267 1196 1409 1223 auctore.-
1432 1204 1448 1223 o
1464 1193 1566 1223 tristi-

107 1233 183 1262 tiam
197 1232 210 1262 !
244 1234 468 1264 retraliimura
485 1234 581 1264 medio
598 1233 686 1270 bello,
714 1237 742 1263 et
769 1234 908 1271 cogimur
933 1234 1064 1271 abjicere
1084 1235 1207 1271 gladios
1219 1235 1389 1265 districtos.
1440 1235 1500 1265 Vos
1515 1246 1568 1274 ap-

105 1275 194 1313 pello,
210 1285 229 1306 o
245 1278 355 1315 oppida
372 1277 568 1312 incendenda,
584 1279 613 1305 et
631 1276 710 1304 muri
723 1275 934 1305 snbrertemli:
958 1276 1095 1314 equidem
1111 1278 1218 1306 recedo
1234 1280 1263 1306 et
1276 1277 1411 1315 relinquo
1424 1278 1571 1307 munaum

107 1317 256 1356 afflictum
275 1317 416 1354 fortunae
430 1329 439 1347 :
470 1328 489 1346 o
511 1319 677 1355 Ductores,
702 1317 814 1347 vertite
831 1318 964 1347 vexilla:
989 1318 1102 1348 milites
1120 1318 1261 1348 Orientis
1278 1318 1347 1356 jam
1362 1321 1571 1349 ret-ertantur.

111 1358 320 1389 obediendum
344 1363 390 1389 est
401 1370 411 1389 .·
448 1359 530 1390 lubae
556 1360 686 1391 sileant.-
722 1360 853 1390 retinete
880 1361 954 1399 tela,
978 1360 1128 1399 ignoscite
1142 1360 1225 1391 hosti
1236 1361 1421 1402 propinquo,
1437 1360 1571 1402 Rufinus

723 1466 957 1479 “voce-‘eecce

108 1540 163 1571 vel
178 1541 287 1572 soecula
307 1542 498 1574 Low—209
519 1552 606 1574 arma
619 1543 715 1573 Rott.
731 1541 862 1572 Thuan.
895 1550 971 1572 arva
995 1541 1048 1572 vel
1076 1551 1165 1572 arma
1181 1542 1372 1573 Pan—210
1399 1541 1575 1582 Tempestas

110 1593 222 1614 vesana
235 1585 314 1615 Vat.
332 1595 381 1624 pr.
422 1585 596 1626 Tempestas
610 1586 719 1617 insana
734 1585 815 1616 Vat.
832 1583 943 1615 Livin.
978 1585 1061 1615 nullo
1077 1589 1147 1616 tres
1163 1585 1241 1616 Vat.
1256 1585 1331 1616 Pal.
1350 1585 1448 1616 Fam.
1465 1585 1573 1617 Oisel.

109 1628 195 1658 Exc.
214 1628 314 1667 Laeti,
332 1629 421 1666 justo
446 1629 511 1659 duo
548 1630 626 1660 Vat.
653 1634 721 1659 vet.
749 1627 834 1668 Gyr.
865 1627 960 1658 Prie.
991 1627 1088 1658 Med.
1125 1637 1191 1659 see.
1227 1628 1308 1660 Vat.
1340 1628 1448 1658 Livin.
1488 1628 1574 1658 Exc.

110 1670 254 1702 Lucens.
286 1681 356 1702 sec.
400 1672 482 1702 nullo
500 1672 551 1702 vel
570 1672 659 1710 justo
676 1672 773 1703 Rott.
798 1670 948 1702 Florent.
992 1671 1074 1701 nullo
1090 1672 1144 1702 vel
1161 1674 1245 1701 certo
1262 1669 1382 1702 Ambr.
1414 1672 1574 1711 pr.—2ll

112 1713 234 1745 Pheton
251 1714 333 1745 Lov.
351 1715 451 1746 ambo
467 1715 594 1746 Moret.
609 1715 722 1746 Triton
735 1714 817 1744 Vat.
834 1723 886 1753 pr.
897 1723 941 1744 m.
955 1723 1006 1754 pr.
1022 1723 1133 1744 arenas
1147 1724 1208 1754 pro
1224 1713 1356 1744 habenas
1369 1714 1451 1744 Vat.
1466 1712 1576 1754 quint.

109 1759 215 1788 ——212
232 1766 378 1795 urgemur
394 1757 478 1790 Exc.
493 1759 636 1789 Lucens.
649 1767 718 1788 sec.
731 1756 820 1787 unde
836 1756 998 1787 Heinsius
1013 1757 1222 1796 conjiciebat
1236 1757 1377 1788 terimur.
1391 1754 1578 1794 confundere

112 1801 256 1830 mundum
274 1799 354 1830 Vat.
372 1803 454 1831 tert.
473 1811 516 1832 m.
534 1803 693 1841 pru—213
716 1803 821 1831 actore
846 1800 941 1830 Rott.
966 1800 1068 1831 Farn.
1084 1800 1236 1830 Florent.
1255 1799 1349 1829 Med.
1365 1808 1434 1830 sec.
1452 1798 1575 1831 Petav-

113 1852 180 1873 sec.
199 1843 284 1873 Exe.
299 1843 384 1874 (jod.
406 1843 524 1874 Rhem.
548 1847 710 1874 revocatur
738 1846 808 1873 vet.
835 1842 922 1882 Gyr.
945 1851 1121 1872 revocamur
1137 1842 1191 1872 vel
1207 1845 1369 1872 ret-ocatur
1384 1842 1464 1872 Vat.
1482 1850 1577 1880 pr.—

113 1887 175 1916 214
198 1896 254 1926 pro
267 1885 281 1916 Ι
302 1886 380 1926 proh
395 1886 501 1917 dolor!
525 1887 674 1916 astrictos
693 1884 787 1916 Leid.
808 1885 884 1915 Put.
901 1884 1005 1915 Ardor
1019 1887 1048 1915 et
1065 1885 1228 1915 adstrictos
1242 1885 1322 1914 Vat.
1341 1884 1450 1914 Livin.
1474 1880 1577 1914 Ardor

113 1930 143 1958 et
158 1929 322 1959 adstrictos
338 1930 390 1959 vel
410 1930 472 1959 Pro
486 1930 584 1968 pudor
600 1932 628 1959 et
641 1928 766 1959 strictos
782 1927 860 1957 Vat.
877 1937 930 1967 pr.
952 1927 1118 1958 adstrictos
1145 1927 1248 1957 etiam
1266 1926 1431 1957 exhibent
1447 1926 1525 1956 Pat.
1541 1928 1578 1955 et

116 1970 212 2000 Leid.
243 1980 309 2001 sec.
336 1971 498 2001 Heinsius
527 1972 735 2010 ascripserat
761 1971 869 2000 locum
899 1970 956 1999 lib.
987 1978 1011 2000 1.
1039 1970 1071 1999 in
1097 1970 1240 2009 Eutrop.
1267 1978 1314 1998 vs,
1346 1969 1406 1998 ult.
1434 1976 1579 2006 reponere

116 2012 210 2042 Med.
239 2017 350 2052 quart.
385 2014 535 2052 depellere
562 2014 753 2043 Low—216
778 2013 878 2041 Credo
906 2011 1001 2041 Med.
1029 2021 1098 2042 sec.
1124 2021 1167 2041 m.
1194 2020 1261 2041 sec.
1292 2010 1442 2049 promitto
1472 2009 1578 2040 Oisel.

116 2054 274 2085 conimillo
293 2054 384 2085 Med.
405 2059 481 2085 tert.
516 2056 663 2094 promitto
688 2055 741 2084 vel
767 2054 913 2092 permitto
942 2053 1021 2083 I’ut.
1044 2054 1180 2083 cladibus
1208 2057 1352 2093 quatuor
1368 2052 1448 2082 Vat.
1473 2052 1578 2083 Farn-

117 2097 211 2128 Prie.
229 2097 325 2127 Rott.
345 2097 453 2128 Oiscl.
473 2098 555 2128 lixo.
576 2097 674 2135 Laeti,
696 2096 816 2126 casibus
833 2100 900 2125 vet.
920 2096 1004 2135 Gyr.
1024 2096 1104 2126 Vat.
1121 2095 1227 2126 Livin.
1244 2096 1329 2125 Exc.
1348 2095 1491 2125 anens.
1508 2103 1578 2124 sec.

116 2149 223 2176 marg.
254 2139 373 2179 Isingr.
409 2140 528 2170 casibus
554 2140 607 2169 vel
634 2139 770 2169 cladibus
791 2139 869 2168 Vat.
889 2148 938 2177 pr.
969 2139 1085 2168 hostem
1114 2148 1216 2177 marg.
1244 2137 1477 2175 bingin—217
1502 2136 1580 2167 E'o'is

117 2181 212 2212 Med.
231 2186 309 2213 tert.
328 2182 407 2212 Put.
426 2183 556 2212 Borion.
572 2183 706 2211 'rholo-a.
734 2182 798 2210 duo
826 2180 950 2210 Petav.
967 2179 1085 2210 Arnbr.
1104 2184 1184 2210 tert.
1210 2180 1337 2209 incert.
1355 2178 1477 2209 Heius.
1503 2179 1582 2209 Eois

117 2224 170 2254 vel
188 2225 271 2255 Eous
287 2225 372 2263 Reg.
394 2224 460 2254 (luo
491 2225 604 2254 Oxon.
640 2225 724 2254 Eous
743 2223 862 2253 decem
880 2222 950 2259 alii,
966 2224 1050 2253 Exc.
1067 2222 1156 2253 Laeti
1173 2226 1209 2252 et
1226 2222 1304 2252 l’at.
1324 2221 1439 2252 1·ec.in
1455 2221 1580 2253 Petav.

118 2271 198 2298 tert.
215 2272 252 2298 et
274 2267 354 2297 Pur.
373 2272 451 2306 post
468 2267 554 2297 miles
580 2271 654 2296 erat
676 2265 784 2296 τελεία
799 2263 1035 2303 στιγμή-’218
1059 2265 1239 2295 Parendum
1254 2267 1299 2294 est
1315 2264 1394 2294 Vat.
1411 2273 1478 2295 sec.
1495 2265 1581 2295 Exc.

119 2309 208 2341 Laeti
232 2315 267 2340 et
283 2310 425 2340 Lucens.
449 2319 515 2339 sec.
556 2309 730 2339 Parendum
754 2308 878 2348 absque
896 2310 940 2338 est
956 2307 1078 2338 Petav.
1095 2317 1147 2347 pr.
1165 2307 1231 2338 duo
1248 2305 1365 2337 Ambr.
1402 2306 1582 2337 Parendum

119 2353 173 2383 vel
203 2353 397 2383 Parcendum
424 2352 501 2383 Vat.
524 2361 575 2391 pr.
614 2352 808 2382 Parcendum
834 2354 879 2381 est
909 2350 1029 2391 reliqui
1051 2359 1180 2388 omnes,
1204 2354 1242 2381 ut
1269 2353 1304 2379 et
1326 2349 1411 2378 Exc.
1436 2348 1582 2379 Gevart.

120 2395 266 2427 Lucens.
284 2405 336 2436 pr.
353 2400 390 2426 et
406 2394 460 2426 ed.
477 2394 594 2426 Vicet.
629 2395 700 2425 litui
715 2397 837 2425 taceant
856 2393 969 2425 Oxou.
984 2403 1035 2433 pr.
1051 2393 1178 2432 jaceant
1194 2393 1274 2423 Vat.
1292 2391 1398 2433 quint.
1419 2389 1584 2433 prohibere

779 2480 919 2513 NOTAE

164 2557 229 2586 208
251 2555 363 2586 Deleri
385 2555 512 2596 soecnla]
537 2554 660 2587 Amitti
681 2555 830 2587 fructum
884 2553 1018 2595 φαέθων,
1029 2556 1150 2586 ardens.

126 2607 178 2636 tot
205 2615 384 2645 annorum,
410 2611 530 2647 totque
561 2606 774 2646 saeculorum,
796 2605 830 2636 in
925 2608 989 2636 217
1013 2605 1109 2636 Miles
1138 2602 1230 2643 Eois]
1268 2601 1399 2632 Milites
1429 2599 1584 2633 Orientis

130 2654 306 2688 condendo
323 2657 551 2688 Romanorum
567 2655 730 2696 Imperio.
885 2655 1030 2687 redeant
1045 2655 1080 2685 in
1103 2654 1256 2694 regiones
1267 2661 1342 2683 suas
1357 2662 1364 2682 :
1381 2651 1453 2692 ἠὼς,
1469 2655 1504 2683 et
1519 2649 1586 2692 ἕως,

171 2706 232 2734 211
256 2705 433 2745 Phaethon]
480 2706 585 2737 Filius
628 2705 732 2745 Solis,
774 2704 830 2745 qui
884 2705 1021 2745 Aurora,
1043 2703 1132 2734 unde
1152 2703 1247 2741 Eous,
1271 2701 1328 2743 qui
1344 2700 1386 2732 ad
1402 2700 1585 2741 Auroram,

129 2752 226 2794 equis
253 2755 631 2797 errantibus-mundum
656 2754 829 2787 incendit:
885 2764 946 2786 seu
977 2754 1155 2787 Orientem
1179 2755 1325 2794 spectat.
1385 2751 1448 2782 vel
1480 2750 1585 2792 forte,
