1857 3177
587 224 646 253 or:
681 223 836 254 nanno
870 223 1154 254 Gihnonico.
1515 211 1598 253 377

144 318 281 360 Caede
301 319 496 367 madens,
519 324 644 361 atrox
668 320 828 372 eladis),
850 325 1060 374 suspecta
1080 333 1265 361 veneno.

145 386 206 427 Ut
223 388 325 427 vino
346 386 563 427 calefacta
582 388 755 438 Venus,
774 394 864 428 tum
884 390 1041 428 saevior
1063 389 1185 429 ardet

143 453 387 495 Luxuries:
420 456 571 495 mixtis
592 457 777 497 redolent
799 461 1017 507 unguenta
1041 457 1229 498 coronis.

143 520 334 562 Crinitos
355 523 461 563 inter
482 523 688 573 famulos,
711 525 962 577 pubemque
986 537 1208 573 canoram,

143 588 332 630 Orbatas
348 591 472 644 jubet
492 591 553 631 ire
577 604 725 640 nurus,
748 604 970 644 nuperque
993 594 1198 643 peremtis

141 655 346 697 Arridere
369 659 488 698 viris.
550 659 757 698 Phalarin
779 662 1077 709 tormentaque
1097 658 1286 699 ssammae

143 724 332 774 Profuit,
354 731 396 766 et
418 727 557 766 Siculi
579 727 773 777 mugitus
795 726 902 765 serre
918 724 1115 777 juvenci,

143 790 288 841 Quam
308 793 416 833 tales
439 793 586 833 audire
609 781 782 832 choros.
843 790 940 832 Nec
962 791 1123 831 danum
1143 793 1329 845 pudoris

1518 590 1602 632 185

140 902 183 933 ob
200 912 297 940 enses,
310 902 446 933 timenda
463 903 505 933 ob
522 903 618 933 virus,
667 903 836 942 Postquam
849 912 935 932 amor
951 901 1090 933 incensus
1107 906 1158 933 est
1176 902 1260 940 vino,
1272 905 1346 932 tunc
1362 901 1454 932 libido
1471 902 1606 932 atrocior

139 944 372 984 inflammatur:
395 955 512 976 coronae
527 945 682 984 fragrant
698 945 866 983 unguentis
889 945 1066 985 permixtis.
1115 945 1209 974 Gildo
1231 946 1314 983 cogit
1341 945 1479 975 incedere
1495 954 1606 975 υτον-ιε

139 988 282 1018 riduatas
296 989 379 1019 inter
392 998 494 1019 sartos
509 993 643 1019 comatos
658 991 687 1017 et
700 998 812 1027 pucros
823 987 1066 1027 symphoniacos,
1096 990 1125 1017 et
1141 988 1282 1018 arridere
1297 987 1360 1017 sibi
1375 990 1443 1027 post
1459 987 1603 1025 conjuges

139 1031 227 1060 modo
243 1031 432 1068 interfectos.
480 1031 657 1061 Proestabat
673 1032 741 1069 pati
761 1030 924 1069 Phalarin,
940 1033 970 1059 et
985 1029 1134 1069 supplicia
1150 1030 1282 1069 ignium,
1297 1033 1326 1059 et
1340 1029 1482 1069 proferre
1498 1030 1606 1059 boatus

139 1073 224 1104 tauri
241 1074 350 1113 Siculi,
376 1084 467 1114 qaam
482 1075 587 1104 adesse
604 1073 652 1103 his
667 1073 895 1103 saltationibus.
942 1073 1048 1112 Neque
1073 1072 1198 1111 infamis
1215 1073 1342 1111 jactura
1366 1072 1502 1112 honoris,
1526 1073 1605 1103 satis

712 1158 990 1169 aeaeaeaeaeaeaeaeaeaeaeaeae

141 1215 188 1245 sic
206 1214 411 1255 conjiciebat
430 1214 711 1245 Heinsius—181
738 1216 875 1254 spectata
903 1213 993 1244 Prie.
1020 1222 1063 1243 m.
1091 1214 1250 1252 pn—lse
1275 1212 1355 1242 citro
1380 1212 1507 1242 Moret.
1534 1220 1607 1242 sec·

141 1257 292 1295 calefacta
309 1267 414 1287 „ianas
428 1257 558 1288 Tliolos.
575 1261 647 1287 tuuc
662 1257 772 1287 soerior
790 1257 867 1286 Vat.
886 1260 965 1288 tert.
982 1256 1083 1285 Farn.
1101 1255 1193 1285 Pric.
1211 1255 1362 1286 Florent.
1379 1254 1511 1284 'l‘liuain
1528 1255 1603 1284 Pat-

141 1300 208 1331 duo
226 1299 346 1330 Ambr.
364 1304 475 1338 urguet
503 1301 592 1330 Prie.
612 1299 719 1330 Oisel.
739 1300 867 1329 Mazar.
886 1298 965 1328 l'at.
984 1297 1078 1328 Med.
1095 1302 1209 1338 quart.
1236 1298 1323 1327 ardet
1341 1296 1393 1326 vel
1410 1299 1501 1335 urget
1528 1297 1603 1327 Fu»

140 1347 230 1374 rent.
244 1343 434 1374 Pan—1253
458 1343 573 1373 redolet
592 1343 781 1374 Loxa—181
808 1341 953 1372 Crinitus
978 1340 1084 1371 Oisel.
1102 1339 1244 1370 crinitos
1260 1340 1343 1370 Exc.
1363 1338 1608 1376 Laeti.fanzulos

140 1385 223 1415 inter
238 1386 317 1416 Yat.
342 1385 450 1425 quint.
477 1385 651 1425 plebemque
678 1385 756 1415 Pat.
783 1385 866 1415 Exc.
895 1384 1038 1414 Gevart.
1059 1382 1232 1422 plebemque
1257 1382 1310 1411 vel
1336 1382 1502 1421 pubemque
1524 1381 1606 1411 Put.

141 1438 282 1458 coronam
300 1428 398 1459 Farn.
414 1429 542 1458 Thoan.
561 1438 701 1458 canoram
720 1432 790 1457 tres
810 1426 903 1457 Med.
920 1427 1059 1456 decoram
1082 1426 1161 1455 Yat.
1180 1429 1258 1455 tert.
1276 1424 1368 1454 Prie.
1385 1424 1494 1455 Oisel.
1512 1423 1607 1454 Med.

142 1479 209 1502 sec.
224 1471 307 1501 Vat.
324 1471 433 1501 Livin.
461 1471 590 1501 Mazar.
618 1471 746 1501 Moret.
771 1479 838 1500 sec.
858 1470 940 1500 Exc.
966 1468 1052 1499 Cod.
1079 1464 1197 1498 Rheni.
1214 1472 1248 1498 et
1265 1466 1396 1497 Rnbcn.
1413 1466 1467 1497 ed.
1490 1466 1606 1497 Vicet.

141 1514 282 1544 decoram
298 1514 352 1544 vel
367 1523 511 1544 canoram
526 1514 605 1543 Vat.
625 1523 676 1553 pr.
694 1513 845 1543 Florent.
864 1512 944 1541 Put.
962 1512 1038 1542 Pat.
1056 1511 1135 1540 item
1153 1511 1238 1540 Exc.
1259 1510 1337 1540 Pat.
1355 1519 1422 1539 rec.
1442 1508 1604 1539 Heinsius

142 1555 184 1586 ad
200 1554 463 1586 confirmandam
480 1556 662 1586 lectionem
688 1557 828 1586 decoram
855 1554 1060 1594 ascripserat
1075 1553 1186 1583 locum
1203 1552 1350 1592 Capitol.
1377 1552 1409 1582 in
1425 1551 1530 1590 Vero,
1550 1550 1606 1581 ubi

142 1598 398 1629 comissationes
415 1599 489 1638 ejus
506 1599 669 1629 describit
687 1608 717 1637 p.
735 1600 786 1628 36.
804 1598 825 1627 Ι.
841 1600 896 1627 75.
919 1598 928 1613 ‘
943 1596 1085 1626 donatos
1102 1600 1214 1625 antem
1233 1604 1355 1634 pueros
1373 1594 1526 1633 ‹le001·OS‚
1550 1593 1608 1633 qui

141 1640 392 1678 ministrarent,
421 1641 583 1679 singulis?
607 1650 654 1671 sc.
678 1639 845 1670 convivis.
874 1639 983 1668 utitur
1000 1643 1034 1668 et
1060 1647 1142 1667 voce
1169 1637 1272 1667 decori
1290 1636 1423 1677 passini.
1442 1636 1489 1666 sic
1505 1645 1536 1675 p.
1553 1638 1607 1666 39.

142 1683 164 1714 l.
180 1685 233 1714 22.
260 1683 306 1713 sic
329 1683 452 1723 ‘pueri
481 1682 607 1713 decori'
634 1682 815 1722 Spartiano
841 1681 873 1710 in
898 1680 1126 1720 Heliogabalo
1157 1689 1190 1719 p.
1210 1682 1282 1709 103.
1307 1679 1328 1710 l.
1345 1681 1399 1709 42.
1429 1682 1608 1709 notaverat

143 1731 256 1757 tamen
273 1735 417 1756 canoram
433 1730 565 1756 rectum
593 1735 679 1756 esse.
704 1724 770 1755 vid.
789 1723 935 1754 Casaub.
965 1723 1007 1753 ad
1033 1722 1122 1753 Hist.
1142 1721 1231 1761 Aug.
1259 1731 1292 1761 p.
1311 1724 1384 1752 166.
1401 1721 1542 1751 Salmas.
1571 1731 1606 1761 p.

143 1771 324 1799 215.—185
360 1771 485 1798 ornatas
513 1769 700 1798 Pan—186
736 1767 897 1797 Phalarim
929 1775 1044 1796 omnes
1072 1765 1167 1795 X'att.
1196 1765 1293 1794 Rott.
1322 1764 1431 1795 Oisel.
1461 1763 1608 1794 Phalaris

142 1810 380 1842 'rimam—187
406 1810 533 1848 Profuit
549 1811 633 1840 Exc.
661 1810 760 1840 Laeti.
786 1808 921 1846 Proesuit
936 1808 1016 1838 Vat.
1042 1816 1109 1837 sec.
1137 1807 1236 1836 Farn.
1262 1806 1356 1836 Rott.
1376 1805 1470 1836 Med.
1494 1810 1605 1846 quart.

143 1853 198 1885 ed.
214 1854 327 1885 Vicet.
355 1853 482 1891 Profuit
499 1853 551 1883 vel
574 1853 731 1883 Proestitit
754 1851 872 1881 Ambr.
898 1860 968 1881 sec.
998 1850 1031 1879 in
1056 1850 1204 1887 margine
1230 1849 1312 1878 item
1329 1849 1409 1878 Vat.
1427 1857 1478 1887 pr.
1506 1853 1608 1878 man'u

144 1896 216 1926 Viri
233 1896 323 1926 docti
340 1900 532 1926 correctum
548 1895 722 1925 Proestitit.
747 1894 824 1923 scire
833 1893 960 1931 juvenci
972 1892 1100 1922 Thumi.
1118 1891 1217 1921 Siculi
1233 1890 1371 1930 Tyranni
1384 1890 1505 1921 Sched.
1517 1890 1609 1921 Gud.

145 1939 226 1970 Κάπ’.
245 1939 313 1970 LL.
330 1938 384 1969 ed.
401 1938 506 1969 Antv.
522 1947 566 1968 m.
582 1940 741 1978 lin—188
765 1936 882 1966 ambire
897 1936 1003 1966 choros
1017 1934 1146 1965 Mazar.
1161 1942 1248 1964 sonos
1264 1933 1343 1963 Put.
1365 1933 1473 1973 pudori
1489 1931 1608 1965 Ambr-

804 2010 944 2043 NOTAE

191 2088 251 2115 182
280 2084 358 2115 Vino
373 2083 524 2121 calefacta
542 2083 658 2123 Venas]
681 2084 765 2115 Quae
778 2081 848 2112 sine

147 2138 274 2168 Cerere
291 2140 326 2166 et
344 2135 467 2166 Libero
481 2134 608 2174 frigere
625 2134 722 2164 solet.

188 2188 250 2217 183
277 2185 421 2225 Coronis]
443 2186 586 2216 Coronae
599 2184 849 2221 redolennsua-

146 2236 384 2276 vissimumque
422 2234 539 2266 afflant
577 2235 728 2273 odorem,
771 2234 850 2274 qnia

144 2286 253 2317 niistoe
264 2291 341 2317 sunt
354 2286 547 2326 ungnentis,
559 2295 617 2316 sen
629 2284 846 2316 suffimentis:

144 2337 177 2366 in
205 2335 368 2366 conviviis
395 2339 508 2366 antem
534 2340 668 2366 veteres
693 2333 849 2366 coronari

144 2384 284 2417 floribus
309 2386 479 2424 solebant,
507 2390 542 2416 et
567 2386 608 2416 ad
626 2386 849 2426 voluptatem,

145 2441 181 2467 et
197 2436 240 2467 ad
257 2436 491 2467 retundendos
509 2435 576 2466 vini
593 2445 747 2476 vapores.

188 2489 250 2518 184
276 2486 431 2527 Crinitus]
465 2486 589 2518 Servos
605 2486 681 2517 illos
707 2486 848 2517 crinitos

144 2541 246 2579 atque
275 2538 522 2569 calamistratos
556 2537 688 2577 antiqui
727 2546 848 2576 magno

144 2587 257 2626 pretio
279 2587 459 2628 parabant,
484 2592 519 2619 et
543 2587 651 2628 epulis
678 2587 847 2618 ministros

144 2636 388 2676 praeficiebant.

187 2686 365 2734 Pubemque
378 2687 535 2727 canoram]
560 2686 635 2718 Nec
650 2687 778 2718 minore
791 2686 847 2717 de-

140 2736 232 2767 lectu
260 2736 508 2776 conquirebant
539 2746 662 2777 pueros
691 2737 849 2776 sympho-

143 2786 269 2826 niacos,
289 2786 529 2828 psaltriasque,
543 2790 579 2818 et
591 2786 717 2818 lasciva
737 2786 850 2817 minis-

906 2079 1005 2118 teria,
1031 2078 1073 2109 ad
1098 2082 1217 2109 cantus
1241 2085 1467 2117 sensuumque
1493 2077 1609 2117 volup-

905 2135 1023 2161 tatem.

948 2182 1009 2210 185
1035 2178 1159 2218 Nnrus]
1182 2178 1361 2217 Foemhras,
1375 2186 1497 2207 uxores
1513 2176 1611 2207 mari-

905 2230 948 2260 tis
966 2230 1124 2267 orbatas;
1150 2230 1202 2259 vel
1217 2237 1318 2258 nurus
1331 2227 1489 2268 proprie:
1515 2227 1610 2268 qnasi

905 2281 1010 2313 Gildo
1026 2290 1084 2311 eas
1104 2280 1226 2320 jubeat
1250 2279 1299 2309 ire
1326 2279 1359 2308 in
1386 2283 1630 2318 conspectum*

903 2341 1114 2369 socerorum,
1145 2330 1179 2360 id
1209 2329 1299 2370 quod
1331 2333 1385 2358 est
1415 2327 1608 2358 crudelius:

905 2383 1168 2425 casquejubeat
1193 2381 1257 2411 sibi
1283 2379 1423 2411 Gildoni
1448 2379 1611 2418 arridere,

905 2444 1046 2475 quarum
1075 2433 1215 2463 maritos
1239 2429 1339 2460 modo
1363 2428 1550 2460 occiderit:
1575 2428 1610 2459 id

905 2484 995 2525 qnod
1013 2488 1065 2514 est
1082 2481 1363 2513 crudelissimum.

948 2537 1010 2565 186
1035 2531 1202 2570 Phalarin]
1230 2531 1424 2569 Tyrannum
1449 2529 1615 2569 Agrigen-

904 2585 1050 2616 tinorum
1062 2585 1093 2614 in
1107 2580 1295 2620 Sicilia‚qni
1306 2579 1456 2609 homines
1469 2579 1500 2608 in
1512 2582 1611 2611 tauro

904 2645 999 2667 aeneo
1011 2635 1158 2665 inclusos
1169 2629 1311 2662 flammis
1322 2628 1507 2668 suppositis
1520 2629 1611 2660 omni

903 2685 1118 2715 immanitate
1135 2680 1299 2712 torrebat.

949 2738 1011 2766 188
1037 2732 1152 2772 Quam]
1190 2730 1342 2762 Phalarin
1361 2728 1451 2767 ferre
1475 2728 1610 2769 profuit,

903 2795 995 2826 quam
1020 2785 1138 2824 choros,
1168 2780 1321 2821 intellige
1347 2779 1468 2821 profuit
1491 2781 1609 2821 potius.
