1852 3193
257 220 312 260 82
753 227 827 257 cn.
861 224 1144 256 CLAUDIAM
1182 223 1212 252 1.

256 323 392 364 Nube
412 328 554 377 pater,
584 327 841 376 gratamque
869 321 1012 361 facem
1032 330 1112 372 per
1141 317 1272 357 inane
1291 317 1484 356 rotantes

258 390 483 446 Prospera
497 391 658 432 vibrati
679 392 915 430 tonuerunt
935 387 1081 426 omina
1096 383 1250 423 nimbi.

257 456 453 511 Accepit
475 458 648 498 sonitus
672 455 815 496 curvis
836 453 1076 494 Tiberinus
1098 451 1144 491 in
1165 450 1300 490 antris

258 524 357 565 Ima
377 525 492 565 valle
525 525 703 571 sedens,
726 521 994 574 arrectisque
1017 519 1196 560 auribus
1218 517 1362 566 haesit,
1631 516 1717 556 210

259 592 392 633 Unde
415 592 672 645 repentinus
690 589 793 630 coeli
814 589 961 640 fragor
979 601 988 628 :
1011 587 1135 627 ilicet
1153 585 1301 626 herbis

260 660 483 700 Pallentes
504 659 739 706 thalamos,
763 661 809 697 et
831 660 1003 697 structa
1023 653 1194 695 cubilia
1213 664 1372 693 musco

261 727 456 777 Deserit,
479 740 531 768 ac
554 725 779 779 Nymphis
801 736 953 764 urnam
974 720 1251 764 commendat
1271 718 1466 760 herilem.

262 794 333 834 Illi
355 795 513 845 glauca
532 794 674 833 nitent
689 792 859 832 hirsuto
875 791 1045 830 lumina
1060 789 1197 838 vultu,

261 859 484 902 Coeruleis
506 859 670 901 infecta
689 859 827 908 notis,
848 857 1080 898 reddentia
1098 860 1271 909 patrem
1636 853 1722 894 215

261 925 515 968 Oceanum:
540 926 687 978 crispo
711 925 922 965 densatur
938 924 1131 976 gramine
1151 923 1285 964 colla.

261 993 446 1034 Vertice
469 993 668 1034 luxuriat
689 996 784 1032 toto
806 991 983 1030 crinalis
1007 990 1202 1041 arund03

262 1059 410 1110 Quam
440 1071 585 1113 neque
606 1057 674 1098 fas
699 1057 918 1111 Zephyris
938 1055 1094 1108 frangi,
1115 1068 1196 1096 nec
1212 1056 1308 1096 sole
1321 1059 1547 1108 perustam

257 1183 322 1225 poli
333 1183 488 1214 volventes
502 1184 602 1213 lumen
610 1181 792 1221 jucundum,
801 1180 948 1220 concussi,
964 1181 1097 1212 tonando
1107 1179 1291 1211 emiserunt
1305 1179 1441 1219 auguria
1448 1179 1572 1217 felicia.
1618 1180 1723 1211 Tibris

260 1226 379 1257 audivit
404 1235 543 1256 murmur
556 1225 590 1255 in
605 1234 736 1256 caverna
762 1227 900 1261 curvata,
933 1224 1050 1255 Tibris
1076 1224 1184 1254 sedens
1209 1223 1242 1253 in
1267 1223 1423 1262 profunda
1438 1223 1527 1261 valle,
1551 1225 1581 1253 et
1596 1223 1723 1255 auribus

262 1269 372 1299 erectis
401 1268 572 1307 obstupuit,
607 1268 687 1298 uncle
701 1267 820 1297 sonitus
842 1267 961 1297 subitus
981 1267 1050 1296 coeli
1067 1265 1265 1306 proveniret
1281 1275 1288 1295 ε
1318 1265 1428 1295 statim
1442 1265 1590 1305 relinquit
1603 1266 1722 1297 alveum

260 1311 447 1350 squalentem
472 1309 680 1348 graminibus,
708 1312 738 1339 et
763 1310 875 1339 lectum
904 1311 1037 1339 stratum
1062 1319 1176 1347 musco,
1203 1311 1296 1347 atque
1321 1307 1420 1338 tradit
1438 1307 1595 1348 Nymphis
1609 1318 1722 1339 urnam

261 1353 427 1383 dominam.
475 1352 564 1382 Oculi
591 1351 725 1388 coernlei‚
741 1351 828 1387 facie
843 1351 979 1390 hispida,
994 1351 1136 1381 distincti
1152 1350 1281 1380 maculis
1292 1350 1456 1388 viridibus,
1467 1350 1584 1380 similes
1595 1351 1724 1390 parenti

266 1395 391 1425 Oceano
405 1394 533 1433 fulgent
548 1395 581 1424 in
598 1394 662 1433 ipso
688 1393 786 1424 Tibri
805 1405 812 1424 ;
841 1393 942 1424 habet
966 1393 1113 1423 cervicem
1138 1394 1306 1433 crispatam
1329 1391 1431 1422 herbis
1441 1392 1557 1431 spissis.
1601 1392 1641 1422 In
1658 1396 1723 1424 toto

262 1437 363 1478 capite
376 1437 487 1468 Tibris
502 1447 599 1468 canna
614 1437 700 1476 viget
717 1446 778 1477 pro
795 1436 945 1477 crinibus,
959 1446 1050 1476 quam
1066 1445 1208 1466 cannam
1223 1444 1364 1476 rumpere
1379 1444 1439 1465 non
1457 1435 1529 1465 licet
1543 1436 1653 1476 ventis,
1668 1445 1723 1466 nec

870 1519 1106 1531 eeoeomaeeaee

264 1569 344 1601 Vat.
359 1566 466 1610 quint.
483 1572 518 1599 et
533 1569 587 1599 ed.
601 1568 714 1599 Vicet.
751 1571 916 1599 tenuerunt
943 1569 1021 1599 Vat.
1040 1568 1120 1608 duo,
1136 1569 1212 1599 Pal.
1239 1569 1339 1599 Farn.
1366 1568 1457 1599 Prie.
1473 1568 1586 1600 Vicet.
1603 1569 1722 1601 Parm.

269 1611 389 1643 Barth.
415 1615 578 1643 sonuerunt
605 1611 682 1642 edd.
710 1610 854 1642 Amstel.
880 1612 984 1643 Blaw.
1001 1616 1036 1642 et
1054 1612 1169 1642 Elzev.
1203 1614 1377 1642 temuerunt
1394 1611 1517 1641 Petav.
1534 1621 1586 1651 pr.
1620 1613 1723 1642 omnia

263 1654 341 1685 Pal.
377 1654 479 1684 omina
503 1654 568 1684 duo
594 1654 689 1684 Med.
717 1659 753 1684 et
789 1659 859 1683 vet.
900 1654 1095 1693 Gyr.—209
1117 1654 1246 1693 Accepit
1257 1664 1282 1685 s.
1294 1655 1397 1684 curvis
1414 1654 1482 1685 Tib.
1498 1654 1660 1685 Heinsius
1672 1664 1721 1685 as-

258 1697 427 1737 cripserat
442 1697 518 1727 loca
535 1696 638 1726 Ovid.
655 1696 747 1737 (Lib.
763 1705 788 1726 1.
805 1696 895 1726 Fast.
913 1696 1003 1736 561.)
1019 1698 1027 1713 ‘
1046 1696 1190 1736 Accipio
1208 1706 1424 1734 revocamen,
1441 1696 1511 1727 ait.’
1526 1700 1561 1726 et
1577 1697 1722 1728 Metam.

263 1739 299 1769 in
316 1738 385 1770 fab.
397 1739 490 1769 AEaci
502 1739 595 1776 (Lib.
612 1747 677 1769 vn.
691 1738 784 1778 620.)
801 1739 942 1778 Accipio,
959 1739 1000 1769 de
1014 1739 1155 1769 tonitru.
1179 1739 1338 1778 currisque
1357 1739 1511 1769 Tribunus
1524 1739 1620 1771 Junt.
1635 1740 1723 1770 Exc.

263 1781 365 1821 Laefi,
383 1781 468 1811 uude
486 1781 649 1812 Heinsius
671 1781 865 1820 conjecerat
885 1782 1050 1812 Tiburnus.
1073 1791 1239 1822 curi-usque
1258 1782 1409 1812 Tribunus
1429 1782 1542 1812 vicet.
1562 1782 1725 1813 Parin.—

262 1827 326 1854 210
348 1824 537 1864 arrectisque
554 1824 632 1854 Ald.
657 1828 692 1853 et
708 1824 788 1853 Var.
814 1824 908 1853 Lect.
926 1833 944 1854 e
961 1824 1111 1863 margine
1128 1825 1182 1855 ed.
1198 1824 1313 1854 Parin.
1351 1824 1481 1854 arrectis
1495 1821 1634 1861 auribus,
1649 1824 1723 1855 sine

263 1867 398 1906 copula,
414 1867 496 1896 Exc.
516 1867 616 1902 Laeti,
629 1867 708 1896 Val.
722 1866 787 1895 duo
802 1870 835 1896 et
852 1867 952 1896 Fam.
989 1867 1099 1897 erectis
1112 1867 1192 1898 Vat.
1209 1867 1317 1907 quint.
1330 1866 1405 1897 Pal.
1423 1866 1519 1897 Leid.
1533 1876 1584 1905 pr.
1598 1867 1723 1897 Petav.

263 1918 318 1948 pr.
335 1909 401 1939 duo
416 1909 510 1938 Med.
545 1908 674 1938 vallibus
692 1918 775 1937 unus
791 1908 909 1939 Barth.
945 1909 1046 1939 hausit
1066 1909 1167 1939 etiam
1191 1909 1256 1939 duo
1274 1909 1438 1948 ejusdem.
1461 1909 1555 1939 Prie.
1581 1909 1724 1940 amnibus

262 1951 343 1981 Vat.
362 1951 571 1990 quirin—211
601 1950 668 1980 coeli
685 1951 762 1980 Var.
779 1951 890 1981 Lectt.
909 1960 926 1981 e
942 1961 1047 1991 marg.
1066 1952 1177 1981 Parin.
1201 1952 1325 1991 proprii
1341 1951 1415 1981 Pal.
1437 1951 1544 1992 pupuli
1560 1951 1626 1981 duo
1642 1951 1724 1983 Vat.

262 1993 362 2023 Faru.
384 1994 474 2023 Prie..
497 1993 628 2032 scopulis
658 1993 780 2023 Sixtin.
812 1993 901 2033 quod
933 1993 1075 2024 Heinsio
1104 1994 1297 2033 probatum,
1319 1995 1375 2034 qui
1404 1995 1477 2024 haec
1503 1994 1723 2034 ascripserat.

262 2035 324 2073 leg.
353 2035 494 2075 scopulis.
520 2035 560 2064 de
595 2035 704 2064 Roma
733 2035 823 2071 alibi,
853 2035 931 2070 Quae
955 2040 1069 2075 septem
1098 2037 1230 2076 scopulis
1257 2046 1348 2066 zonas
1374 2036 1511 2066 ‘imitaris
1541 2036 1726 2077 Olympi.—

260 2079 325 2108 212
349 2077 510 2108 Heinsius
525 2077 606 2114 legit
622 2077 827 2117 Squallrnles.
841 2080 960 2109 structa
977 2079 1057 2109 Vat.
1075 2079 1153 2118 duo,
1171 2079 1245 2109 Pal.
1264 2079 1365 2109 Fam.
1400 2081 1520 2109 structa
1549 2089 1609 2119 pro
1631 2079 1726 2109 varia

262 2120 410 2150 lectione
426 2121 605 2150 Pal.—·213
622 2123 675 2150 aut
694 2120 787 2150 Med.
811 2120 888 2150 duo.
927 2131 1038 2151 urnam
1062 2122 1140 2152 Vat.
1154 2132 1206 2161 pr.
1224 2122 1320 2153 Leid.
1339 2131 1389 2161 pr.
1408 2122 1534 2151 Moret.
1552 2126 1621 2152 vet.
1636 2121 1725 2161 Gyr.

261 2161 386 2192 Petav.
406 2171 458 2200 pr.
475 2162 540 2190 duo
565 2161 658 2191 Med.
695 2162 849 2192 dominam
867 2164 956 2202 vulg.
969 2164 1091 2194 domum
1105 2164 1259 2194 al.-—214
1280 2164 1333 2193 illa
1351 2173 1410 2202 pro
1426 2163 1473 2193 illi
1489 2163 1583 2194 Med.
1599 2163 1725 2194 duo.—

262 2206 325 2234 215
353 2203 557 2241 Caeruleisque
579 2203 701 2239 Isingr.
730 2203 793 2233 Ed.
815 2204 947 2243 Gryph.
985 2205 1179 2244 coerulez‘sque
1204 2205 1320 2242 refecta
1342 2205 1440 2236 Junt.
1464 2204 1573 2235 Colin.
1616 2206 1724 2236 Coeru-

263 2245 320 2275 leis
334 2245 458 2285 absque
477 2245 614 2283 copula,
638 2244 760 2274 Petav.
786 2255 834 2284 pr.
852 2245 946 2275 Med.
970 2246 1048 2283 duo,
1070 2247 1126 2277 ed.
1144 2248 1257 2277 Parni.
1273 2252 1307 2276 et
1324 2247 1439 2277 vicet.
1476 2246 1621 2277 membris
1637 2257 1724 2279 unus

264 2287 492 2320 Bardi—216
518 2286 634 2319 Oceani
650 2287 744 2317 Med.
771 2292 881 2327 quart.
917 2289 1064 2319 densatur
1080 2289 1176 2321 Leid.
1193 2298 1243 2329 pr.
1262 2298 1281 2319 a
1295 2298 1339 2320 m.
1356 2298 1424 2320 sec.
1462 2290 1631 2321 densantur
1645 2291 1724 2323 vat.

925 2380 1065 2412 NOTAE

262 2459 392 2491 fulmen
405 2458 604 2499 secundum,
623 2468 681 2490 seu
696 2468 907 2499 prosperum,
922 2469 964 2489 ex
1020 2461 1159 2501 erigunt
1190 2471 1288 2492 aures
1316 2463 1479 2502 audituri,
1500 2462 1561 2494 sed
1585 2463 1722 2504 erigunt

264 2520 330 2553 quo
347 2510 458 2539 omnia
479 2508 652 2539 fortunata
678 2508 752 2540 fore
769 2509 965 2540 credantur.
1020 2515 1125 2549 caput
1141 2511 1172 2540 in
1190 2521 1257 2551 quo
1275 2517 1354 2542 sunt
1370 2523 1480 2544 aures,

306 2562 370 2591 2'09
397 2560 574 2600 Tiberinus]
599 2560 736 2590 Fluvius
753 2560 882 2589 scilicet
900 2560 964 2589 Ro·
1061 2563 1123 2591 213
1152 2561 1268 2591 Urnam
1281 2561 1422 2601 herilem]
1461 2562 1542 2602 Ipse
1572 2562 1723 2604 Tiberis,

264 2619 351 2640 mam
368 2610 509 2647 alluens,
537 2610 593 2651 qui
606 2616 641 2641 et
653 2609 763 2640 Tibris
777 2616 813 2639 et
830 2609 964 2640 Tiberis
1019 2610 1076 2650 qui
1092 2610 1203 2640 Herus
1217 2621 1275 2641 seu
1293 2612 1459 2642 Dominus
1475 2616 1540 2651 est,
1554 2622 1722 2643 commen-

264 2658 400 2690 dicitur.
440 2690 445 2695 ,
1019 2660 1077 2690 dat
1092 2670 1210 2690 urnam
1223 2670 1314 2692 suain
1332 2662 1513 2701 Nymphis.
1541 2663 1650 2701 Urna,
1664 2672 1722 2694 cu-

306 2710 369 2738 210
392 2710 535 2740 Arreclis
549 2709 678 2740 auribus
701 2709 807 2749 hoesit]
842 2709 965 2741 Atten-
1018 2709 1099 2748 bile,
1123 2710 1241 2751 barba,
1265 2716 1302 2743 et
1330 2711 1396 2742 alia
1411 2711 1590 2754 ejusmodi,
1610 2710 1720 2746 fluviis

265 2757 332 2793 tius
345 2758 485 2800 audivit,
500 2760 692 2793 observavit
706 2770 713 2792 :
736 2760 885 2792 homiues
900 2770 965 2793 non
1020 2759 1225 2794 tribuuntur,
