1852 3193
238 208 322 250 180
726 220 800 249 cr..
833 216 1112 249 CLAUD1AN1
1147 216 1189 244 v.

239 314 350 356 Cum
367 314 513 355 subito
531 313 742 367 stringunt
763 313 947 366 gladios,
971 325 1058 352 vox
1079 310 1266 362 desuper
1286 308 1438 362 ingens

238 382 488 423 Instemuit:
522 382 667 423 Nobis
690 383 835 429 etiam,
855 381 1094 428 deterrime,
1117 379 1243 419 nobis
1614 375 1703 416 385

243 449 439 504 Sperasti
462 449 648 490 famulas
672 451 893 501 imponere
916 459 1045 500 posse
1069 446 1274 487 catenas?

239 514 367 557 Unde
386 517 477 556 redi
498 517 671 556 nescis?
703 516 900 568 patiarne
919 514 1069 555 audire
1092 513 1282 562 satelles,

243 582 335 634 Qui
356 585 468 637 leges
492 584 604 632 aliis,
627 583 960 635 libertatemque
980 582 1167 622 reduxi?

240 651 319 692 Bis
341 652 550 692 domitum
575 651 705 691 civile
724 650 871 690 nefas:
904 650 972 689 bis
993 651 1192 702 rupimus
1213 648 1367 702 Alpes.

236 717 322 758 Tot
344 731 424 758 nos
445 718 558 757 bella
578 717 736 758 docent
756 717 861 757 nulli
883 717 1046 757 servire
1068 722 1267 770 tyranno.
1614 710 1702 752 390

238 785 442 838 Diriguit.
504 785 615 837 Spes
638 784 756 825 nulla
775 785 915 836 fugae:
949 797 1073 837 seges
1094 784 1291 837 undique
1312 782 1411 823 ferri

238 851 516 893 Circumfusa
537 854 696 892 micat:
729 852 887 892 dextra
906 852 1106 904 laevaque
1124 852 1347 891 revinctus

235 918 398 968 Haesit,
416 924 458 959 et
479 919 676 959 ensiferae
693 919 864 971 stupuit
880 931 1093 958 mucrone
1114 930 1303 958 coronae.

236 985 300 1027 Ut
320 986 428 1034 fera,
452 999 551 1038 quae
573 990 741 1025 montes
761 998 897 1037 nuper
916 985 1083 1025 dimisit
1106 985 1268 1032 avitos,

234 1094 332 1135 perii,
353 1096 521 1123 consortem
548 1092 733 1130 dignitatis:
767 1102 836 1121 cum
870 1092 978 1121 statim
1008 1093 1124 1121 nudant
1150 1102 1245 1122 enses.
1307 1092 1376 1121 Vox
1404 1100 1519 1129 magna
1551 1095 1705 1131 praeterea

237 1136 399 1166 insonuit.-
443 1135 491 1163 Tn
528 1134 623 1163 etium
659 1133 760 1171 nobis,
795 1132 916 1163 Rufiue
945 1133 1086 1172 pessime,
1122 1133 1285 1164 credidisti
1303 1139 1336 1163 te
1359 1143 1447 1173 posse
1465 1133 1592 1171 injicere
1620 1133 1707 1164 nobis

236 1179 358 1209 vincula
390 1173 540 1207 servilia?
570 1175 699 1214 ignoras
726 1177 805 1206 unde
833 1185 973 1206 reversus
1001 1174 1092 1207 sum?
1125 1185 1164 1205 an
1190 1176 1291 1206 sinam
1313 1175 1464 1216 appellari
1487 1176 1619 1213 satelles,
1642 1185 1706 1213 ego

236 1221 291 1260 qui
307 1219 385 1250 dedi
417 1221 500 1257 leges
523 1218 605 1257 aliis,
628 1221 659 1248 et
685 1218 811 1248 rest-itui
838 1217 1041 1249 libertatem?
1069 1219 1190 1248 Bellum
1213 1219 1303 1249 civile
1327 1220 1373 1248 bis
1403 1228 1422 1248 a
1452 1227 1505 1248 me
1529 1220 1708 1257 superatum

236 1267 312 1294 est:
336 1262 382 1293 bis
397 1261 555 1300 fregimus
568 1262 704 1291 claustra
723 1261 862 1301 Alpium.
912 1262 966 1291 Tot
991 1261 1103 1300 praelia
1132 1271 1186 1291 nos
1213 1264 1334 1292 edocent
1359 1261 1439 1292 nulli
1460 1260 1614 1298 famulari
1644 1260 1705 1300 Ty-

235 1315 343 1335 ranno.
370 1303 509 1335 Rufinus
525 1303 702 1333 cohorruit:
715 1304 800 1333 nulla
816 1308 867 1334 est
879 1313 946 1342 spes
957 1303 1086 1344 effugii.-
1109 1304 1275 1334 multitudo
1286 1306 1414 1334 telorum
1430 1303 1563 1343 undique
1578 1303 1708 1333 circum-

228 1346 316 1386 jecta
323 1346 429 1386 fulget
438 1357 448 1376 .·
463 1356 480 1376 a
492 1348 618 1383 dextra,
631 1350 660 1376 et
673 1355 691 1374 a
703 1346 831 1376 sinistra
843 1346 960 1384 ligatus
971 1346 1222 1386 constitit,atque
1233 1346 1462 1387 obstupefactus
1473 1349 1517 1376 est
1530 1345 1707 1385 cuspidibus

236 1393 371 1421 catervae
386 1392 527 1420 armatoe.
555 1389 818 1423 Quemadmodum
841 1388 951 1428 bestia,
977 1399 1043 1428 quw
1054 1399 1151 1429 nuper
1166 1390 1293 1429 reliquit
1309 1390 1399 1420 colles
1409 1389 1542 1429 patrios,
1559 1392 1588 1418 et
1601 1389 1724 1428 erepub-

851 1484 1084 1496 eeeeeeeeeeee

238 1540 440 1573 Pric.——385
465 1541 631 1572 deterrime
648 1541 701 1571 vel
719 1539 879 1571 teterrime
894 1540 975 1570 vat.
1001 1541 1109 1580 quint.
1136 1540 1295 1571 teterrime
1322 1540 1430 1572 Gesn.
1455 1543 1491 1570 et
1514 1538 1706 1579 Rip—386

238 1584 377 1615 cohortes
401 1594 460 1624 pro
492 1587 617 1614 catenas
644 1583 740 1615 Med.
764 1593 832 1613 sec.
849 1593 893 1612 m.
910 1585 1070 1622 pru—387
1094 1584 1176 1613 redii
1206 1585 1288 1614 Vat.
1317 1593 1368 1624 pr.
1386 1583 1481 1613 Rott.
1501 1582 1607 1612 Oisel.
1623 1581 1705 1612 Put.

241 1627 329 1666 Reg.
345 1627 430 1657 Lov.
448 1627 580 1656 Bonon.
605 1626 672 1656 duo
695 1626 821 1656 Petav.
853 1624 962 1664 nescis,
978 1625 1049 1656 sine
1067 1630 1145 1656 nota
1160 1626 1445 1666 interrogationi&
1463 1625 1546 1655 Exc.
1564 1624 1706 1655 Gevart.

237 1669 384 1709 patiorne
413 1669 505 1699 Med.
533 1673 646 1709 quart.
671 1669 773 1699 redire
804 1677 866 1707 pro
903 1667 1013 1698 audire
1037 1668 1280 1699 'shows—388
1304 1669 1382 1698 alius
1418 1669 1503 1707 Reg.
1528 1666 1626 1697 Leid.
1654 1675 1707 1707 pr.

236 1712 318 1743 Vat.
332 1722 401 1742 sec,
419 1721 462 1742 ιιι.
482 1714 644 1751 pr.—3S9
666 1711 769 1741 domui
787 1711 864 1741 Vat.
892 1720 944 1750 pr.
972 1719 991 1740 a
1017 1721 1057 1741 ιιι.
1086 1720 1153 1741 see.
1173 1710 1285 1741 Oxou.
1304 1721 1355 1751 pr.
1369 1711 1499 1741 Mazar.
1516 1710 1645 1740 Thuan.
1670 1716 1706 1740 et

237 1754 319 1785 Vat.
333 1754 444 1784 Livin.
457 1754 561 1784 domui
572 1755 624 1784 vel
639 1755 791 1784 domitum
804 1753 954 1783 Florent.
968 1754 1057 1783 civile
1066 1755 1118 1783 vel
1128 1754 1236 1783 servile
1244 1754 1324 1784 Vat.
1341 1758 1422 1784 tert.
1437 1753 1606 1792 runwimus
1620 1752 1707 1792 Reg.

237 1796 313 1827 Pal.
332 1797 424 1827 Med.
450 1799 669 1837 quam—391
695 1797 847 1835 Deriguit
869 1796 949 1826 Vat.
977 1806 1028 1834 pr.
1044 1806 1086 1826 m.
1112 1806 1163 1835 pr.
1177 1796 1246 1833 fati
1274 1797 1352 1826 Vnt.
1379 1793 1601 1836 quart—'392
1626 1794 1706 1825 nitet

238 1849 301 1879 pro
317 1839 411 1869 micat
429 1840 541 1870 Oxou.
560 1849 609 1877 pr.
627 1840 771 1869 reductus
787 1848 847 1878 pro
871 1839 1027 1868 rerinetus
1042 1839 1117 1869 Pal.
1143 1839 1237 1869 Med.
1257 1849 1307 1878 pr.
1328 1838 1418 1879 quod
1444 1839 1579 1876 placere
1597 1837 1704 1866 visum

237 1882 394 1919 Heinsio,
411 1883 467 1922 qui
497 1881 710 1921 ascripserat.
736 1881 784 1911 sic
812 1880 904 1918 alibi,
928 1887 936 1896 ⁸
952 1881 1042 1911 intra
1066 1884 1216 1911 claustra
1239 1880 1533 1912 1·‹>ductus.'-—393
1558 1880 1705 1910 instantis

237 1926 358 1964 stupuit
387 1925 627 1954 Borion—394
653 1926 770 1954 montes
791 1933 886 1963 nuper
904 1923 1019 1953 Oxon.
1043 1933 1093 1963 pr.
1110 1923 1189 1954 Ald.
1205 1929 1239 1954 et
1257 1924 1310 1954 ed.
1330 1924 1441 1954 vicet.
1465 1932 1562 1963 nuper
1587 1925 1705 1952 montes

239 1967 357 1997 decem
377 1967 444 1996 alii.
470 1967 575 1996 diuisit
592 1967 682 1997 Pric.
701 1966 794 1996 Med.
808 1971 919 2006 quart.
944 1966 1064 1996 dimisit
1082 1967 1134 1996 vel
1151 1967 1257 1997 amisit
1284 1967 1351 1997 duo
1377 1968 1457 1997 Vat.
1475 1967 1555 1996 Put.
1579 1965 1704 1994 Petav.

239 2013 275 2041 et
292 2009 411 2040 Anilir.
427 2019 494 2039 see.
510 2009 564 2039 ed.
582 2009 695 2039 Parni.
720 2009 839 2039 dimisit
855 2009 973 2049 reliqui
989 2007 1061 2038 fere
1079 2018 1207 2047 omnes,
1221 2010 1306 2039 Exc.
1326 2009 1409 2039 Cod.
1425 2009 1544 2039 Rheni.
1558 2007 1703 2038 Gevart.

237 2056 273 2083 et
289 2053 430 2082 Luceus.
457 2062 528 2082 sec.
553 2052 633 2082 Var.
652 2052 717 2082 LL.
746 2050 801 2081 ed.
826 2049 930 2082 Antv.
946 2050 1025 2082 Ald.
1044 2056 1078 2081 et
1101 2052 1213 2082 Vivet.
1238 2051 1279 2082 ad
1302 2050 1502 2081 firmandam
1521 2051 1705 2080 lectionem

238 2094 342 2125 amisit
366 2095 527 2124 Heinsius
544 2095 717 2134 sequeutia
747 2093 974 2133 ascripserat:
1010 2094 1155 2124 amittere
1184 2104 1245 2134 pro
1274 2094 1433 2124 dimittere
1457 2099 1590 2123 veteres
1613 2092 1704 2123 dice-

239 2136 334 2167 baut.
352 2137 468 2166 Plani.
485 2137 636 2166 Mostell.
649 2139 656 2153 ‘
669 2138 780 2169 Quom
793 2147 845 2166 me
860 2136 1003 2166 amisisti
1015 2137 1072 2167 vix
1086 2147 1104 2167 a
1118 2144 1150 2167 re
1160 2138 1271 2167 vivum
1285 2136 1405 2167 inodo.y
1421 2137 1556 2167 Terent.
1567 2135 1704 2165 Phorm-

240 2178 321 2209 Act.
339 2187 392 2208 111.
412 2179 468 2208 se.
486 2181 516 2207 2.
542 2180 550 2194 ⁶
567 2180 651 2208 Nam
666 2188 775 2218 neque
791 2189 854 2218 qno
869 2184 969 2217 pacto
985 2189 1003 2208 a
1016 2189 1067 2208 nie
1080 2180 1245 2215 amittam,
1257 2189 1367 2218 neque
1379 2185 1414 2208 ut
1429 2179 1593 2208 retineam
1608 2175 1704 2206 scio.⁹

240 2221 369 2251 Heaut.
387 2220 464 2249 Act.
484 2229 536 2249 ιιι.
552 2220 607 2249 Sc.
625 2223 653 2249 1.
678 2223 686 2236 ‘
701 2220 792 2260 prius
808 2221 984 2258 pecuniam
1000 2231 1145 2259 omnem,
1168 2231 1268 2260 quam
1285 2222 1344 2250 abs
1363 2226 1397 2251 te
1422 2220 1557 2250 amittas
1575 2217 1705 2250 filium.’

239 2263 328 2294 Haec
344 2262 524 2302 Scioppius
540 2262 695 2301 Suspect.
711 2263 808 2292 Lect.
827 2262 900 2292 Lib.
915 2271 965 2292 ιν.
982 2263 1047 2302 Ερ.
1066 2266 1116 2292 15.
1134 2263 1189 2302 qui
1207 2263 1378 2293 Donatum
1392 2267 1474 2293 citat
1489 2261 1532 2292 ad
1549 2261 1701 2292 ultimum

900 2348 1043 2379 NOTAE

284 2414 347 2442 386
381 2411 527 2442 Famulus
554 2410 694 2450 catenas]
739 2410 865 2443 Quales
895 2410 944 2441 fa·
1000 2411 1170 2442 Maximus
1192 2415 1227 2441 et
1255 2410 1429 2452 Eugenius
1453 2411 1605 2452 oppressi
1623 2415 1704 2444 sunt

240 2463 350 2499 mulis,
367 2463 487 2501 servis,
505 2462 648 2502 captivis
663 2461 869 2501 injiciuntur.
999 2472 1016 2491 a
1034 2461 1240 2501 Theodosio,
1254 2462 1313 2493 sed
1330 2462 1423 2493 socio
1441 2462 1637 2493 Stilichone.

284 2515 346 2543 387
374 2513 463 2542 Unde
487 2512 565 2551 redi,
591 2511 702 2552 nescis]
752 2511 873 2542 Nescis
901 2521 942 2541 ex
1042 2512 1102 2542 Bis
1114 2513 1254 2552 rupimus
1270 2512 1380 2552 Alpes]
1423 2512 1545 2551 Sicque
1562 2512 1639 2551 plus
1656 2510 1704 2541 fe-

241 2572 308 2603 qua
338 2563 476 2603 regione
503 2573 566 2602 ego
592 2562 689 2592 miles
715 2561 875 2591 redeam?
900 2571 942 2591 ex
998 2562 1103 2591 cimus
1122 2573 1221 2602 (piam
1240 2562 1403 2597 Annibal,
1431 2561 1488 2602 qui
1516 2560 1623 2600 Alpes
1649 2570 1702 2591 se-

240 2613 379 2654 regione
397 2615 527 2644 scilicet
563 2613 703 2643 Honorii
729 2619 764 2643 et
787 2613 943 2643 Stilicho·
997 2612 1064 2642 mel
1083 2613 1228 2652 trajecit.

241 2663 305 2702 nis,
328 2665 384 2704 qui
403 2664 464 2693 viri
482 2664 599 2694 [ον-ἴτε.
1041 2665 1101 2692 391
1130 2662 1291 2701 Dii-ignit]
1307 2660 1445 2692 Rufinus
1462 2659 1544 2690 totis
1561 2658 1701 2690 artubus

284 2715 348 2744 389
372 2713 432 2744 Bis
457 2714 608 2744 domitum
633 2714 721 2744 civile
746 2712 849 2752 nefas]
879 2713 943 2743 Ex·
1001 2712 1207 2751 perhorruit,
1229 2717 1333 2752 atque
1360 2716 1524 2741 concreto
1552 2709 1587 2740 in
1604 2708 1702 2740 veuls

247 2762 406 2793 tinximus
437 2763 502 2794 duo
536 2763 626 2796 bella
661 2763 786 2804 civilia,
824 2763 944 2804 quibus
999 2761 1176 2802 sanguine,
1194 2761 1314 2802 lapidis
1331 2760 1440 2791 instar
1454 2758 1618 2801 obriguit.
