1852 3193
258 239 345 284 258

258 348 499 392 Occurrat:
530 353 804 402 mentemque
823 348 971 388 domet
990 350 1220 401 respectus
1236 346 1425 390 honesti.

257 416 364 458 Hoc
385 422 426 458 te
449 422 666 470 praeterea
689 416 841 456 crebro
863 428 1064 455 sermone
1084 416 1286 465 monebo,

257 483 324 526 Ut
339 490 381 526 te
405 487 541 526 totius
560 485 704 525 medio
726 484 893 525 telluris
915 483 959 522 in
980 494 1056 522 ore

255 552 420 594 Vivere
443 566 703 606 cognoscas,
725 552 894 593 cunctis
915 555 992 592 tua
1014 551 1212 604 gentibus
1233 564 1331 593 esse

257 620 398 662 Facta
420 622 595 674 palam;
627 633 705 661 nec
727 632 863 673 posse
887 619 983 660 dari
1004 619 1225 672 regalibus
1246 632 1435 674 usquam

256 688 481 729 Secretum
499 689 642 730 vitiis:
671 700 771 728 nam
794 687 875 727 lux
898 687 1115 728 altissima
1136 687 1214 728 fati

256 755 491 797 Occultum
511 756 617 796 nihil
638 768 736 797 esse
759 756 880 804 sinit,
901 755 1188 809 latebrasque
1208 769 1285 809 per
1307 768 1460 797 omnes

254 821 408 872 Intrat,
429 827 471 864 et
490 824 717 864 abstrusos
739 823 943 876 explorat
961 824 1077 863 fama
1092 836 1312 864 recessus.

254 889 326 931 Sis
345 891 447 944 pius
470 891 693 944 inprimis:
726 904 827 931 nam
851 903 953 930 eum
974 892 1203 931 vincamur
1223 892 1266 931 in
1287 892 1404 932 omni

730 253 805 284 GL.
838 251 1122 283 CLAUDIAM
1158 251 1264 283 VIII.

1637 481 1724 525 270

1633 824 1722 881 2⁷⁵.

250 995 329 1025 tatis
343 999 463 1034 superet
478 996 616 1025 animum
630 999 736 1026 tuum.
763 995 894 1034 Insuper
909 995 963 1025 hoc
978 995 1141 1025 admonebo
1153 999 1184 1026 te
1196 995 1297 1026 verbis
1300 995 1535 1035 frequentibus-5,
1547 998 1583 1026 ut
1597 995 1678 1026 scias
1689 998 1721 1027 te

250 1037 351 1068 vivere
368 1039 398 1068 in
415 1039 479 1077 ipsa
491 1041 651 1076 conspectu
664 1039 760 1067 totius
777 1037 883 1075 Orbis,
898 1043 931 1067 et
949 1041 1019 1066 luas
1029 1039 1164 1067 actiones
1176 1047 1239 1067 esse
1254 1048 1357 1067 coram
1369 1038 1508 1068 omnibns
1520 1038 1654 1078 populis,
1664 1048 1718 1070 ne-

250 1090 308 1118 que
323 1081 418 1110 ullum
431 1089 577 1109 arcanum
594 1080 704 1109 locum
719 1088 806 1118 posse
817 1079 915 1117 quaeri
928 1079 1064 1118 peccatis
1081 1079 1214 1117 Regum.
1240 1080 1367 1109 Etenim
1378 1081 1521 1119 splendor
1532 1081 1719 1112 celsissimus

243 1121 312 1158 fati
329 1121 450 1161 regalis
466 1122 545 1151 m‘ln'l
560 1121 719 1159 permittit
730 1130 852 1151 manere
869 1120 1095 1158 absconditum,
1112 1126 1141 1151 et
1156 1125 1299 1160 penetrat
1312 1131 1369 1160 per
1384 1125 1494 1152 cuncta
1509 1123 1664 1160 latibula;
1688 1127 1719 1154 et

240 1164 334 1199 sama
346 1167 564 1203 perscrutatur
579 1165 709 1203 angulos
734 1164 924 1194 occultiores.
976 1164 1050 1194 Esto
1064 1165 1136 1203 pius
1152 1170 1186 1194 et
1203 1164 1352 1194 clemens
1369 1167 1440 1195 ante
1462 1165 1582 1196 omnia:
1604 1165 1719 1198 etenim

867 1248 1104 1259 eeeeeeeeeeee

252 1314 333 1345 Lov.
350 1314 417 1346 inc.
431 1315 551 1347 Heius.
563 1317 645 1347 Var.
663 1316 728 1347 LL.
743 1326 760 1347 e
773 1326 877 1356 marg.
894 1317 1009 1348 Parm.
1033 1318 1112 1357 quod
1128 1316 1218 1347 liceat
1235 1316 1442 1348 Rom—268
1468 1316 1620 1346 Oct-terret
1633 1316 1716 1348 Lov-

250 1356 328 1387 dein
344 1359 449 1388 domat
466 1359 553 1398 Reg.
568 1359 647 1390 Jun.
665 1369 714 1399 pr.
733 1361 814 1390 item
831 1359 1053 1391 Oxon.—269
1079 1361 1158 1391 Hcec
1174 1360 1268 1390 Med.
1285 1363 1395 1400 quart.
1420 1360 1549 1400 Mazar.
1586 1358 1717 1389 manebo

248 1399 381 1430 Thuan.
405 1401 514 1431 docebo
533 1402 647 1433 Ambr.
672 1412 721 1441 pr.
738 1412 780 1433 m.
800 1406 959 1442 plu—270
989 1404 1032 1433 Ut
1047 1407 1082 1433 Iu
1105 1407 1136 1434 te
1159 1404 1276 1434 totiens
1292 1403 1372 1435 Vat.
1390 1408 1501 1443 quart.
1519 1412 1561 1434 m.
1578 1411 1627 1442 pr.
1665 1411 1718 1433 ore

251 1442 362 1474 Oxon.
378 1453 428 1483 pr.
445 1443 563 1475 Ambr.
581 1455 647 1476 sec.
666 1445 752 1485 Reg.
774 1456 816 1475 m.
845 1455 894 1486 pr.
921 1446 987 1477 inc.
1016 1446 1135 1477 Heius.
1154 1447 1273 1476 Petav.
1298 1455 1364 1476 sec.
1382 1446 1466 1476 Exc.
1485 1445 1629 1475 Lucens.
1647 1453 1717 1477 sec.

248 1485 318 1516 orbe
335 1485 454 1517 decem
469 1487 510 1518 al.
528 1493 562 1517 et
586 1488 635 1518 ita
651 1488 758 1518 edidit
774 1488 879 1520 Gesn.
917 1499 968 1519 ore
986 1490 1037 1519 vel
1054 1489 1126 1520 orbe
1144 1489 1238 1519 Leid.
1256 1491 1416 1528 pra-272
1444 1488 1522 1518 Fata
1537 1487 1647 1519 Oxon.
1665 1496 1717 1527 pr.

248 1529 342 1561 Med.
360 1533 439 1560 tert.
474 1540 602 1570 mquam
625 1530 720 1562 Med.
751 1536 831 1562 tert.
870 1541 1001 1572 unquam
1029 1532 1109 1563 Jun.
1140 1533 1220 1563 Var.
1250 1532 1318 1562 LL.
1350 1531 1404 1561 ed.
1436 1530 1540 1561 Antv.
1565 1535 1601 1560 et
1630 1530 1718 1560 al.—÷

247 1573 310 1602 ’273
327 1573 381 1603 lux
397 1572 549 1604 altissima
564 1573 633 1611 fati
650 1573 799 1605 Gronov.
817 1574 850 1604 in
867 1575 950 1605 Exc.
975 1575 1109 1605 Schotti
1137 1575 1345 1615 ascripserat
1371 1575 1482 1605 locum
1509 1573 1613 1604 Dion.
1640 1572 1717 1604 Lib.

248 1622 307 1644 1.11.
325 1624 357 1654 p.
374 1618 557 1647 559.—274
581 1617 626 1647 nil
641 1617 898 1656 quatuordecim
915 1617 1022 1649 Codd.
1040 1619 1123 1648 Exc.
1148 1619 1292 1648 Lucem.
1309 1627 1360 1657 pr.
1384 1618 1466 1647 Var.
1492 1617 1559 1647 LL.
1574 1625 1592 1646 e
1609 1625 1716 1656 marg.

246 1656 497 1690 Parm.Lovan.
509 1659 604 1690 Leid.
619 1659 694 1690 edd.
708 1659 1135 1691 Vicet.A1d.Colin.-275
1154 1661 1309 1690 abstrusos
1321 1659 1716 1690 Med.tert.1.ivin.Exc.

246 1699 390 1731 Lucens.
407 1711 475 1733 sec.
509 1702 650 1733 obtrusas
666 1703 744 1734 Vat.
759 1707 838 1733 tert.
854 1703 953 1733 Farn.
970 1703 1080 1734 Oxou.
1099 1712 1149 1742 pr.
1186 1703 1358 1733 obstructos
1373 1701 1452 1732 Jun.
1477 1711 1526 1742 pr.
1560 1701 1716 1732 obstrusos

248 1741 360 1775 Oxou.
377 1743 454 1776 edd.
470 1745 583 1775 Vicet.
611 1745 723 1776 Parni.
752 1745 832 1776 Ald.
857 1746 978 1786 Isingr.
1005 1746 1112 1776 Colin.
1129 1747 1213 1776 Exc.
1231 1745 1375 1776 Gevart.
1390 1744 1472 1775 Var.
1491 1744 1557 1774 LL.
1574 1753 1592 1774 e
1609 1753 1714 1784 marg.

247 1785 362 1817 Parm.
386 1787 539 1817 obstrusos
550 1788 603 1818 vel
621 1788 794 1818 obstructos
809 1789 922 1819 Oxou.
939 1799 1008 1819 sec.
1030 1789 1173 1819 obscuros
1188 1798 1294 1828 marg.
1312 1787 1431 1826 Isingr.
1449 1796 1490 1817 ex
1505 1785 1579 1818 co'd.
1594 1787 1714 1818 Barth.

244 1828 390 1868 implorat
402 1830 519 1860 decem
532 1830 639 1861 Codd.
651 1836 686 1861 et
698 1832 781 1861 Exn.
795 1832 929 1862 Schotti
941 1841 1016 1862 cum
1026 1832 1151 1862 Glossa
1163 1832 1195 1861 S.
1213 1832 1364 1870 explorat.
1374 1829 1515 1868 explorat
1528 1829 1646 1859 decem
1657 1829 1714 1860 alii

244 1875 280 1901 et
297 1871 381 1903 Exc.
398 1872 543 1904 Lucens.
560 1876 739 1904 sem—276
754 1872 808 1904 Sis
825 1874 920 1905 Leid.
937 1879 972 1904 et
989 1874 1068 1905 edd.
1081 1874 1197 1904 Vicet.
1214 1873 1294 1904 Ald.
1312 1873 1435 1912 Isingr.
1453 1871 1563 1903 Colin.
1581 1871 1715 1914 Gryph.

909 1949 1050 1981 NOTAE

286 2015 349 2045 267
377 2012 462 2049 Quid
483 2012 590 2053 liceat]
630 2013 784 2045 Plinius:
814 2013 946 2055 ‘Leges
1003 2020 1081 2047 sunt
1098 2015 1130 2046 in
1148 2014 1254 2046 oculis
1271 2013 1418 2045 omnium
1438 2012 1603 2054 gentium.
1635 2012 1712 2044 Etsi

243 2064 400 2105 Principi
427 2073 525 2096 nemo
553 2065 710 2106 scripsit:
736 2075 803 2097 nou
832 2071 945 2098 tamen
1003 2075 1020 2096 e
1037 2066 1190 2097 Seneca:
1214 2064 1223 2081 ‘
1241 2064 1370 2104 Magna
1386 2073 1464 2104 pars
1488 2067 1711 2103 peccatorum

242 2115 273 2145 ei
290 2115 385 2154 licet,
402 2115 493 2156 quod
509 2115 608 2155 libet,
625 2125 665 2147 ae
687 2116 861 2147 minimum
888 2116 945 2148 de·
1002 2116 1145 2154 tollitur,
1162 2115 1188 2146 si
1207 2114 1402 2155 peccaturis
1421 2114 1516 2145 testis
1539 2114 1676 2145 assistat
1690 2113 1711 2145 :’

241 2170 297 2196 cet
311 2165 429 2205 licere,
440 2166 494 2196 cui
511 2166 652 2197 nimium
669 2167 772 2197 licet.’
797 2167 945 2198 Alexan-

242 2215 304 2245 der
320 2214 354 2245 in
368 2214 574 2245 Plutarcho:
593 2215 717 2247 πάντων
732 2216 866 2255 οἰόμενος
882 2220 945 2250 δεῖν

239 2266 398 2305 περιεῖναι,
413 2265 469 2295 τοῦ
492 2265 608 2296 δικαίου
634 2265 666 2296 δὲ
688 2267 859 2303 arranem:
880 2269 945 2298 Pu-

240 2319 310 2346 tans
326 2316 427 2346 omnia
450 2315 510 2346 sibi
527 2317 787 2357 circumoccuparz'
812 2319 946 2358 quidem,

239 2368 292 2397 sed
300 2366 440 2405 justitiae
454 2367 595 2399 submitti
609 2378 640 2398 se
653 2371 801 2407 oportere.

282 2420 344 2449 268
368 2417 540 2459 Respectus
568 2417 702 2457 honesti]
726 2417 942 2458 Contempla-

239 2468 288 2500 tio
305 2473 340 2498 et
355 2470 552 2500 reverentia
566 2468 768 2499 honestatis.

283 2518 432 2559 Honesti]
467 2520 474 2535 ‘
501 2521 545 2550 Et
573 2521 742 2550 incoctum
774 2528 941 2560 generoso

238 2575 360 2609 pectus
375 2569 540 2602 honesta*
565 2571 713 2601 Persius.

280 2624 344 2653 269
368 2622 483 2653 Crebro
506 2622 659 2664 sermone]
695 2622 858 2663 Repetite
881 2633 941 2654 sae-

237 2672 312 2711 pius
329 2672 563 2704 admonitione
578 2672 767 2712 inculcabo,
789 2683 832 2703 ne
847 2672 880 2703 id
897 2682 939 2703 ex

238 2722 349 2754 animo
366 2723 515 2754 excidat.
542 2723 572 2754 O
585 2722 689 2765 digna
703 2732 824 2764 magno
838 2723 949 2755 Prin„

237 2773 314 2813 cipe
331 2774 474 2805 monita!

279 2826 342 2856 272
380 2824 482 2856 facta
502 2825 621 2868 palam]
666 2825 774 2857 Facta
805 2824 963 2867 Regum,

1003 2177 1068 2209 quo
1083 2177 1183 2198 seusu
1200 2175 1275 2197 esse
1299 2166 1346 2196 illi
1364 2165 1505 2205 debent,
1521 2165 1579 2206 qui
1600 2164 1709 2196 facto-

1003 2228 1075 2248 rum
1099 2227 1233 2248 suorum
1249 2215 1389 2247 πολλοὺς
1412 2214 1566 2256 μάρτυρας
1589 2214 1708 2254 ἔχουσι,

1001 2268 1112 2298 multos
1125 2267 1238 2297 habent
1253 2269 1358 2296 testes.
1384 2265 1566 2295 Pindarus.

1043 2320 1105 2348 273
1130 2316 1304 2356 Secretum]
1343 2315 1524 2355 Euripides
1550 2315 1642 2355 (Iph.
1671 2319 1706 2347 T.

1001 2366 1093 2407 670.)
1123 2366 1164 2397 τὰ
1184 2366 1244 2408 ’γὰρ
1267 2367 1329 2396 τῶν
1355 2364 1511 2401 βασιλέων
1537 2364 1705 2403 παθήματα

992 2418 1096 2449 Ἴσασι
1113 2417 1226 2450 πάντες
1240 2430 1247 2449 z
1277 2419 1399 2458 Regum
1415 2418 1493 2449 titia
1509 2427 1613 2449 omnes
1632 2427 1705 2457 cog-

996 2473 1134 2502 noscunt.

1039 2520 1129 2563 Lux]
1167 2520 1361 2553 Altissimus
1391 2518 1552 2559 splendor
1583 2527 1701 2551 eorum

995 2569 1073 2609 fati,
1102 2571 1165 2601 hoe
1191 2575 1253 2609 est,
1281 2569 1484 2611 majestat18‚
1513 2580 1590 2612 quae
1617 2570 1700 2612 ipsis

994 2621 1064 2652 fato
1080 2622 1240 2661 contigit.

1038 2675 1100 2703 275
1129 2671 1295 2703 Abstrusos
1321 2673 1463 2712 explorat
1483 2671 1575 2710 fama
1605 2665 1700 2703 receti-

993 2723 1061 2763 sus]
1087 2724 1131 2754 Et
1146 2722 1226 2764 quid
1249 2721 1368 2762 fugere
1390 2727 1494 2763 queat
1510 2728 1698 2756 monstrum

993 2774 1088 2814 illud,
1110 2774 1164 2805 cui
1192 2778 1275 2814 quot
1299 2774 1436 2814 plumae,
1452 2778 1505 2805 tot
1527 2773 1629 2815 oculi,
1643 2776 1697 2810 tot

992 2824 1129 2867 linguae,
1142 2828 1195 2857 tot
1209 2833 1282 2867 ora,
1297 2828 1352 2857 tot
1367 2825 1490 2859 aures?
1686 2830 1689 2833 ⁴
