1852 3193
248 187 333 230 352
699 200 776 230 ct..
809 198 1090 230 cuAumAm
1127 198 1233 229 xlv.

902 399 1054 451 XIV.

797 521 1155 556 ARGUMENTUM.

289 615 522 646 CnAumAxcs
539 608 757 653 prosequitur
780 609 974 642 Houorium
990 614 1128 641 euntem
1153 608 1196 641 ad
1214 608 1399 643 thalamum
1421 608 1624 651 nuptialem,
1639 609 1712 642 hor-

247 672 409 709 tnturque
426 675 540 698 omnes
557 665 598 696 ad
613 669 733 696 cantus
750 668 785 696 et
801 664 913 705 jocos.

416 767 725 814 ATTOLLENS
747 774 950 815 thalamis
966 773 1158 814 Idalium
1177 772 1309 827 jubar

418 842 621 883 Dilectus
644 840 805 882 Veneri
828 842 1022 882 nascitur
1045 841 1296 894 Hesperus·

415 908 519 949 Jam
543 914 693 961 uuptae
716 908 905 961 trepidat
926 908 1123 948 solicitus
1144 908 1309 961 pudor3

415 976 518 1016 Jam
538 975 731 1028 produnt
751 976 970 1028 lacrymas
991 975 1194 1015 flammea
1215 975 1461 1028 simplices.

418 1042 492 1083 Ne
516 1055 658 1090 cessa,
674 1043 873 1094 juvenis,
895 1042 1096 1082 cominus
1118 1041 1311 1094 aggredi,

417 1110 653 1162 Impacata
672 1110 777 1149 licet
798 1109 954 1148 saeviat
976 1109 1212 1161 unguibus.

413 1176 519 1218 Non
541 1179 775 1230 quisquam
798 1177 954 1217 fruitur
977 1177 1089 1217 veris
1112 1176 1341 1227 odoribus,

416 1244 637 1299 Hyblaeos
658 1245 836 1285 latebris
857 1258 936 1285 nec
958 1244 1122 1298 spoliat
1140 1244 1284 1294 favos,

417 1312 465 1352 Si
487 1312 615 1353 fronti
637 1316 811 1363 caveat,
833 1314 869 1353 si
891 1312 1046 1353 timeat
1061 1313 1206 1353 rubos.

413 1379 573 1421 Armat
589 1381 716 1434 spina
735 1394 883 1422 rosas:
917 1381 1051 1422 mella
1072 1384 1224 1433 tegunt
1245 1393 1352 1434 apes
1370 1396 1380 1424 2
1652 1383 1709 1424 10

415 1448 630 1490 Crescunt
650 1447 814 1489 difficili
835 1448 998 1502 gaudia
1020 1448 1187 1503 jurgio:

411 1516 717 1570 Accenditque
738 1517 894 1569 magis,
916 1528 1018 1569 quae
1040 1514 1215 1568 refugit,
1237 1515 1406 1558 Venus.

1681 1042 1710 1085 0¹

284 1633 444 1672 Hesperus
460 1632 570 1675 chargis
586 1632 698 1662 Veneri
711 1633 865 1671 exoritur,
882 1632 1017 1673 efferens
1032 1632 1136 1663 radios
1154 1633 1273 1664 Idalios
1293 1644 1351 1673 pro
1366 1635 1495 1675 nuptiis.
1518 1634 1537 1652 *
1561 1635 1579 1653 *
1605 1634 1705 1667 Nemo

238 1675 431 1715 consequitur
451 1675 647 1705 odoramenta
668 1675 864 1712 suat-issima,
889 1685 984 1714 neque
1011 1675 1108 1713 refert
1134 1676 1224 1705 mel-la
1251 1676 1388 1716 Hyblaea
1410 1686 1453 1707 ex
1473 1677 1657 1717 alvearibus,
1679 1678 1708 1709 si

234 1722 345 1759 parcat
364 1718 463 1749 vultui
494 1727 566 1756 suo,
593 1717 619 1747 si
647 1721 763 1748 metuat
788 1718 948 1749 senticeta.
998 1717 1113 1758 chres
1139 1717 1308 1757 defendunt
1338 1728 1435 1759 rosas,
1451 1729 1523 1760 apes
1537 1720 1704 1760 defendunt

853 1813 1087 1825 eeeeeeeeeeee

278 1883 293 1913 1
320 1879 483 1911 Sidereum
499 1879 580 1909 Vat.
598 1882 745 1910 tem—2
764 1880 906 1910 Dilectus
924 1879 1035 1911 Veneri
1055 1879 1177 1911 Petav.
1192 1888 1242 1919 pr.
1262 1888 1339 1910 cum
1354 1879 1419 1911 hac
1435 1879 1569 1913 Glossa.
1582 1882 1704 1923 Virgil.

236 1923 309 1954 ΖΕΗ.
327 1931 407 1954 vni.
425 1925 500 1954 589.
515 1924 523 1939 ⁶
537 1921 676 1954 Lucifer
693 1922 796 1961 unda,
813 1924 924 1955 Quem
940 1923 1056 1954 Venus
1075 1926 1152 1953 ante
1169 1922 1254 1956 alios
1270 1927 1438 1953 astrorum
1456 1923 1566 1964 diligit
1583 1924 1703 1965 ignes,'

232 1968 358 1996 ‹fem—3
370 1966 469 2006 pudor
483 1965 565 1995 Exc.
581 1966 722 1996 Lucens.
738 1975 788 2006 pr.
801 1965 893 1997 timor
905 1965 979 1997 Pal.
993 1965 1090 1997 Med.
1105 1975 1155 2007 pr.
1167 1966 1297 1996 Thuan.
1309 1965 1362 1996 ed.
1373 1966 1553 1998 vicen—4
1566 1968 1703 2002 lacrimae

233 2008 434 2039 Turiam—5
461 2008 528 2038 Nec
557 2017 640 2038 cessa
663 2009 743 2039 Vat.
764 2018 815 2048 pr.
845 2013 880 2039 et
908 2013 1019 2049 quart.
1047 2008 1142 2039 Pric.
1161 2009 1256 2039 Rott.
1274 2008 1340 2039 inc.
1358 2008 1482 2040 Heins.
1506 2010 1632 2041 Moret.
1649 2021 1702 2051 pr.

234 2050 312 2081 Am.
333 2051 446 2081 Oxon.
458 2051 556 2081 Voss
573 2051 640 2082 Nec
655 2054 751 2082 cessat
769 2050 869 2082 Amb.
888 2055 969 2082 tert.
986 2052 1069 2083 Var.
1086 2052 1154 2082 LL.
1174 2061 1191 2080 e
1204 2061 1309 2092 marg.
1329 2051 1439 2082 Parm.
1462 2053 1592 2093 propius
1607 2053 1701 2085 Prie.

233 2097 298 2124 —6
322 2094 472 2133 Inpacata
489 2093 682 2125 octodecim
699 2094 835 2134 scripti,
857 2095 940 2125 Exc.
965 2094 1108 2125 Luc-ens.
1138 2104 1206 2125 sec.
1228 2095 1310 2126 Var.
1329 2094 1400 2125 LL.
1417 2104 1436 2125 e
1459 2105 1568 2136 marg.
1584 2096 1699 2127 Parm.

237 2137 310 2166 lam
326 2138 437 2175 pacata
453 2136 518 2166 inc.
537 2135 657 2168 Heins.
673 2137 727 2168 ed.
746 2137 862 2168 Parin.
890 2141 926 2168 et
941 2138 1057 2169 Vir-et.
1105 2138 1190 2169 Nam
1211 2140 1323 2178 pacata
1341 2136 1459 2168 Ambr.
1488 2142 1569 2171 tert.
1584 2139 1701 2170 serviat

234 2178 315 2208 Yar.
336 2179 404 2208 LL.
422 2177 476 2208 ed.
495 2177 666 2209 Autv.—7
694 2180 761 2210 Nec
774 2181 935 2220 quisquam
950 2180 1031 2211 Vat.
1050 2184 1129 2211 tert.
1159 2180 1273 2211 Oxou.
1300 2189 1351 2219 pr.
1379 2180 1464 2220 Non,
1479 2181 1604 2219 fruitur
1619 2183 1701 2222 quis-

234 2231 324 2260 quam
342 2220 423 2250 Lov.
440 2220 590 2251 coloribus
606 2223 658 2251 vel
676 2222 819 2253 odoribus
847 2222 961 2253 Oxon.
990 2233 1075 2263 pr.—
1088 2225 1107 2254 8
1130 2223 1266 2254 tenebris
1281 2223 1411 2254 Mazar.
1457 2224 1626 2264 Hyblaum
1643 2224 1699 2262 sa-

233 2273 304 2293 rum
324 2262 415 2293 Prie.
434 2263 545 2303 spoliet
562 2263 675 2294 Oxon.
694 2274 746 2303 pr.
774 2275 816 2295 m.
846 2274 894 2305 pr.
922 2276 981 2296 non
1001 2266 1113 2304 spoliat
1138 2265 1204 2295 duo
1233 2265 1329 2296 Med.
1358 2264 1507 2297 Ald.—-9
1537 2266 1576 2297 Si
1593 2266 1698 2305 fronti

234 2306 353 2345 timeat,
377 2305 404 2335 si
431 2309 537 2336 careat
553 2305 643 2336 rubos
668 2307 749 2337 Vat.
779 2316 846 2337 sec.
874 2308 959 2338 Cod.
988 2308 1101 2338 Ursin.
1133 2310 1242 2338 timeat
1266 2307 1356 2338 tubas
1371 2309 1450 2340 Jnn.
1466 2318 1518 2349 pr.
1541 2319 1584 2341 m.
1602 2319 1699 2350 pr.—

236 2351 274 2379 10
297 2352 402 2387 tegent
419 2349 516 2379 Voss.
534 2358 552 2379 a
569 2358 612 2379 m.
631 2359 680 2389 pr.
696 2352 825 2381 tuentur
840 2349 886 2381 id.
905 2359 925 2380 a
941 2360 983 2381 m.
999 2354 1114 2381 s.—12
1138 2351 1327 2391 Acceditque
1336 2351 1468 2383 Thuan.
1483 2352 1557 2382 Pal.
1576 2353 1698 2384 Petav.

232 2396 312 2422 tert.
329 2392 447 2422 Barth.
475 2391 534 2423 lib.
561 2400 644 2423 xru.
690 2392 758 2423 Hic
776 2401 891 2424 versus
909 2392 1007 2424 deest
1035 2393 1067 2424 in
1093 2393 1173 2425 Vat.
1190 2403 1242 2434 pr.
1272 2394 1398 2426 tulerim
1413 2394 1511 2426 Med.
1527 2403 1578 2434 pr.
1594 2395 1697 2427 oscula

896 2478 1036 2512 NOTAE

275 2553 290 2581 1
318 2550 453 2582 Idalium
483 2550 594 2593 jubar]
627 2551 695 2583 Seu
720 2551 830 2583 radios
853 2551 932 2583 Ida·
988 2555 1044 2581 tur
1068 2550 1101 2581 iu
1117 2551 1265 2582 thalamo
1286 2552 1413 2592 sponsi,
1429 2556 1463 2583 et
1487 2552 1565 2584 ideo
1590 2552 1694 2586 dilec-

230 2601 305 2638 lios‚
330 2601 364 2632 id
382 2606 449 2639 est,
461 2602 590 2633 Veneri
607 2611 741 2634 saeros:
766 2603 808 2634 ab
835 2603 933 2635 Idalo
988 2606 1043 2633 tus
1060 2602 1185 2633 Veneri
1198 2606 1234 2633 et
1246 2602 1436 2634 amantibus
1451 2603 1640 2644 Hesperus.

231 2651 333 2691 Cypri
351 2655 476 2683 monte.
1032 2654 1051 2683 8
1074 2651 1241 2693 Hyblceos]
1278 2651 1333 2683 Ab
1349 2652 1464 2694 Hybla
1479 2658 1595 2686 moute
1611 2653 1695 2693 Sici·

272 2703 290 2730 2
314 2700 472 2741 Dilectus]
510 2701 656 2735 Oriente
678 2702 850 2743 Hespem,
873 2711 934 2733 seu
988 2704 1058 2746 liae,
1072 2704 1128 2736 ubi
1142 2714 1223 2746 apes
1240 2705 1389 2746 optimae.

229 2751 330 2782 stella
358 2751 566 2793 vespertina,
597 2761 720 2794 sponsa
746 2753 934 2785 collocaba-
