1857 3177
705 189 961 222 Erisrom.
1531 191 1561 232 3

105 289 289 331 campos
311 284 508 331 patentes
539 281 701 324 fertur?
746 284 844 338 quis
880 288 923 326 te
958 288 1141 340 propius
1177 303 1350 333 cursum
1369 295 1558 338 serarum

103 345 286 396 premit?
318 347 418 400 quis
440 347 527 389 ictu
563 351 742 392 certiore
777 365 881 394 aves
912 355 1109 396 volantes
1143 357 1258 408 licet,
1290 360 1469 414 dejicit?
1514 364 1561 406 Si

103 424 229 451 enses
251 416 378 454 retusi
400 415 603 457 vibrandi
639 427 754 468 sunt,
794 434 879 473 qua
901 422 960 469 vi,
983 435 1069 474 qua
1092 426 1285 477 corporis
1307 429 1500 479 agilitate
1519 431 1563 471 id

102 478 248 520 facis?
282 481 329 520 Si
352 483 458 534 quid
479 497 535 524 ex
558 486 612 525 iis
633 487 778 535 rebus,
802 502 900 540 quat
923 491 977 530 ad
995 491 1105 530 bella
1129 506 1420 548 campumque
1445 496 1562 537 Mar-

102 545 159 585 tis
193 551 235 587 et
254 548 426 588 urbium
448 552 712 594 munimenta
744 556 974 606 pertinent,
999 557 1348 600 adumbrandum
1370 568 1451 610 est,
1474 577 1563 605 rem

101 616 223 654 tanta
243 614 422 657 solertia
443 619 669 670 exprimis,
692 625 741 660 ut
764 621 808 660 in
829 626 903 662 tuo
932 636 1060 676 opere
1091 639 1175 666 non
1196 628 1455 670 inficiandas
1477 633 1560 673 sibi

100 693 238 720 rerum
259 683 469 735 imagines
494 685 616 726 Mars
637 688 736 740 ipse
752 689 953 731 fateatur.
986 690 1105 741 Jam,
1128 695 1164 733 si
1186 708 1304 736 arina
1336 699 1563 740 tractanda

101 752 216 798 sunt,
251 754 292 790 et
324 752 481 792 milites
513 755 781 806 quibusdam
814 757 950 798 veluti
983 771 1141 811 pugnae
1175 763 1437 814 simulacris,
1474 779 1562 819 quo

98 828 202 856 vera
234 816 391 858 deinde
428 822 667 862 certamina
705 824 960 876 prudentius
998 826 1238 882 fortiusque
1280 834 1565 885 committant,

100 884 433 936 assuefaciendi,
468 901 544 928 eos
577 889 632 929 ad
665 904 966 946 quascumque
998 896 1200 956 militaris
1239 901 1564 942 exercitationis

99 949 275 1001 formas,
298 953 353 992 ad
374 967 664 1011 quaecumque
691 959 849 1011 praelia
869 961 1041 1003 ludicra
1061 964 1125 1004 sic
1146 966 1277 1005 vertis
1295 978 1346 1007 ac
1369 971 1562 1021 torques,

98 1022 144 1058 ut
171 1019 241 1059 vel
271 1020 373 1061 belli
408 1022 558 1064 Duces
590 1027 963 1081 praestantissin1i3
1009 1044 1139 1084 quam
1169 1035 1257 1073 tam
1289 1034 1490 1076 alacriter
1523 1040 1565 1077 et

98 1098 303 1137 generose
335 1089 538 1140 sustines,
560 1105 656 1131 eam
691 1107 774 1133 non
794 1095 959 1147 majore
981 1097 1195 1138 industria
1216 1112 1447 1152 personam
1469 1116 1564 1143 sus-

97 1153 298 1194 tinerent.
360 1155 407 1195 Si
430 1157 616 1210 denique
652 1159 895 1201 domandus
928 1167 994 1203 cst
1016 1165 1121 1204 alter
1143 1166 1303 1219 aliquis
1326 1168 1561 1222 Bucepha-

96 1220 179 1268 lus,
202 1234 254 1260 ne
279 1221 526 1263 Alexander
545 1225 718 1277 quidem
741 1227 837 1279 ipse
865 1242 964 1269 eum
983 1231 1087 1272 licet
1106 1233 1333 1274 ferocitate
1361 1236 1564 1276 exultan-

96 1291 182 1327 tem
213 1293 290 1328 aut
330 1292 428 1341 agat
466 1290 694 1342 callidius;
747 1298 835 1344 aut,
873 1296 911 1335 si
947 1297 1007 1337 ita
1038 1297 1251 1348 videatur,
1284 1301 1427 1353 ipsius
1460 1316 1563 1356 spu-

95 1355 251 1394 mantis
274 1368 417 1396 armos
453 1357 640 1398 stimulis
674 1360 1002 1404 audentioribus
1035 1365 1189 1416 fodiat,
1214 1372 1292 1408 aut
1323 1381 1477 1410 cursus
1499 1384 1564 1411 re-

95 1434 334 1476 cursusque
352 1425 506 1465 melius
520 1426 652 1476 ineat,
668 1428 883 1483 orbesque
904 1433 1085 1474 orbibus
1107 1436 1310 1488 sagacius
1332 1437 1563 1490 impediat.

96 1487 210 1538 Quae
244 1491 418 1544 quidem
450 1494 592 1546 prima
621 1495 698 1535 illa
729 1497 977 1540 rudimenta
1011 1506 1056 1541 et
1095 1502 1362 1544 incunabula
1390 1505 1564 1546 virtutis

94 1557 200 1598 satis
220 1559 421 1611 probant,
444 1575 573 1614 quam
594 1576 753 1616 magna
778 1565 943 1608 habeas
978 1582 1005 1609 a
1032 1573 1187 1611 natura
1206 1576 1334 1625 atque
1355 1573 1485 1613 etiam
1507 1573 1563 1613 ab

95 1626 420 1676 exercitatione,
444 1641 541 1668 cum
563 1634 674 1671 aetas
695 1645 800 1673 mox
821 1633 944 1685 feret,
969 1637 1166 1678 subsidia
1186 1639 1396 1680 bellorum
1418 1653 1566 1692 geren-

95 1689 273 1744 do‘rum3
321 1707 539 1749 quamque
572 1700 745 1751 magnis
778 1703 1003 1755 passibus,
1028 1718 1161 1758 quam
1182 1707 1227 1746 in
1249 1707 1388 1759 gloria
1410 1721 1565 1748 conse-

93 1760 263 1812 quenda
286 1761 461 1803 Heroe's
483 1765 685 1817 inierunt,
709 1781 805 1809 eam
828 1771 891 1811 sis
912 1773 1030 1812 viam
1050 1774 1246 1814 initurus.

150 1827 239 1868 Sed
260 1842 512 1883 quanquam
551 1834 628 1874 illa
660 1836 740 1876 tibi
772 1838 917 1879 innata
939 1839 994 1879 ad
1017 1845 1235 1891 venatum,
1255 1855 1405 1894 equos,
1429 1856 1576 1895 arma„

91 1897 133 1935 et
155 1894 260 1944 alia,
284 1910 381 1949 quae
405 1903 489 1939 tuae
515 1913 615 1941 cum
646 1904 784 1952 aetati,
818 1909 907 1945 tum
939 1905 1123 1948 fortunae
1147 1907 1306 1948 decora
1328 1912 1439 1958 sunt,
1462 1923 1563 1962 pro-

91 1963 246 2013 pensio
268 1967 309 2003 te
329 1968 418 2004 tani
439 1968 713 2009 vehementer
734 1972 862 2024 rapit,
892 1985 1027 2024 quam
1047 1986 1133 2013 non
1154 1974 1290 2014 ullum
1314 1975 1564 2028 Principem

93 2040 317 2081 unquam3
349 2044 405 2070 cx
422 2032 492 2072 his
514 2038 657 2075 tamen
677 2038 869 2078 animum
884 2039 1082 2080 lubenter
1102 2053 1302 2089 revocas,
1325 2041 1378 2081 ad
1404 2043 1562 2082 artium

89 2095 386 2147 ingenuarum,
411 2114 520 2151 quas
542 2101 586 2140 in
604 2103 775 2143 deliciis
796 2105 945 2154 habes,
969 2106 1116 2146 studia
1136 2107 1380 2148 recolenda.
1435 2108 1563 2149 [nde

91 2162 136 2201 in
159 2161 390 2203 Claudiani
424 2168 559 2206 nostri
599 2169 745 2209 animo
778 2171 893 2210 inest
923 2171 1039 2211 velut
1070 2173 1290 2225 quoddam
1328 2177 1562 2227 augurium

89 2229 238 2282 gloriae
263 2232 347 2271 sibi
371 2234 664 2286 acquirendae,
698 2250 799 2277 cum
830 2244 970 2279 mente
1001 2242 1150 2290 cernit,
1185 2242 1344 2294 quibus
1365 2244 1482 2284 curis
1505 2244 1563 2285 ad

90 2297 254 2338 cultum
287 2300 426 2341 multo
462 2303 767 2354 elegantiorem
813 2307 1260 2362 splendidioremque,
1302 2324 1435 2363 quam
1478 2312 1562 2353 fuit

88 2367 225 2414 antea,
261 2367 515 2417 restituitur,
556 2383 633 2410 eas
666 2385 794 2412 curas
818 2365 913 2414 'tibi
946 2379 1068 2416 tanto
1110 2376 1311 2430 Principi
1353 2383 1561 2433 acceptas

87 2431 235 2472 referri
272 2441 490 2487 oportere.
567 2437 688 2487 Quin
725 2445 768 2480 et
802 2442 973 2483 exultat
1013 2442 1186 2492 laetitia,
1235 2445 1561 2500 triumphatque

89 2499 266 2550 gaudio,
300 2515 464 2543 memor
500 2517 547 2544 se
585 2506 630 2545 in
668 2510 764 2547 tuas
802 2521 958 2549 manus
1005 2523 1100 2550 esse
1136 2516 1377 2561 venturum,
1415 2517 1562 2554 tecum

90 2578 244 2616 graves
267 2567 320 2608 de
341 2570 470 2610 rebus
487 2573 657 2623 magnis
677 2586 896 2615 sermones
917 2589 1013 2634 esse
1035 2578 1292 2620 collaturum
1312 2593 1321 2629 ;
1353 2583 1394 2620 et
1415 2582 1556 2621 moni-

91 2635 149 2681 ta,
185 2647 285 2687 quae
321 2637 377 2676 ad
414 2638 594 2678 virtutes
630 2642 832 2691 morales,
866 2643 1089 2694 militares,
1108 2659 1161 2686 ac
1194 2646 1399 2698 politicas
1427 2649 1560 2702 perti-

89 2704 230 2750 neant,
250 2715 348 2743 esse
368 2705 641 2747 traditurum.
