1852 3193
228 221 315 263 406
707 229 781 258 ct„
811 223 1094 257 cLAumANi
1129 223 1212 254 xv.

231 327 386 380 Sitque
405 325 567 380 palam,
585 323 740 365 Gallos
761 331 911 368 causa,
931 330 1020 358 non
1038 317 1213 367 robore,
1234 317 1367 358 vinci.

231 394 330 435 Nec
352 406 447 443 vos,
468 391 711 433 barbariem
731 387 937 442 quamvis
958 385 1183 438 collegerit
1202 399 1390 435 omnem,

231 462 423 503 Terreat.
483 459 554 499 An
578 457 726 498 Mauri
746 454 980 502 fremitum,
1001 464 1247 506 raucosque
1265 453 1469 507 repulsus

233 529 501 577 Umbonmn,
524 534 564 567 et
586 530 756 565 vestros
776 523 953 577 passuri
980 522 1176 562 cominus
1198 533 1323 562 enses
1341 523 1359 562 ‘l

233 596 337 638 Nou
358 600 507 636 contra
528 594 697 648 clypeis
716 596 874 642 tectos,
893 591 1090 644 galeisve
1110 590 1322 631 micantes

236 664 377 704 Ibitis.
438 663 491 703 In
513 663 620 703 solis
642 662 769 714 longe
791 660 952 701 fiducia
973 659 1088 700 telis.

233 731 502 773 Exarmatus
526 732 624 781 erit,
645 743 745 772 eum
766 728 935 770 missile
954 728 1143 777 torserit,
1165 727 1320 768 hostis.

235 799 407 841 Dextra
428 804 574 840 movet
589 798 791 853 jaculum
808 811 819 849 ;
841 800 1073 852 praetentat
1093 796 1232 850 pallia
1252 796 1369 836 laeva
1387 808 1397 846 ;

1610 588 1697 631 435

232 899 364 941 publice,
390 899 497 930 Gallos
511 899 651 939 superari
666 898 814 937 (equitate
829 907 942 935 causoe,
957 907 1018 927 uon
1032 896 1073 927 υἱ.
1124 896 1228 936 Neque
1244 895 1347 926 Gildo
1360 894 1485 926 territet
1499 903 1563 934 vos,
1575 896 1603 924 el
1609 891 1701 924 iamsi

236 943 471 982 congregaverit
500 946 596 972 totam
628 941 825 971 Barbariam.
850 942 900 970 An
924 939 1034 969 Illam-i
1049 939 1241 969 sustinebunt
1265 948 1361 978 prope
1378 939 1524 978 impetum
1539 941 1705 974 vestrum,

235 989 265 1016 et
291 994 483 1025 repercussus
498 985 664 1014 stridentes
677 986 846 1019 scutorum,
860 986 889 1012 et
904 982 1026 1020 gladios
1039 985 1153 1011 vestros
1169 980 1184 1011 ἶ)
1205 982 1276 1011 Νοη
1293 981 1420 1011 irruetis
1435 985 1540 1011 contra
1553 979 1705 1010 homines

236 1028 372 1059 munitos
386 1028 491 1064 scutis,
506 1030 536 1057 et
552 1026 740 1064 refulgentes
762 1025 890 1055 casside.
928 1024 1123 1064 Confidentia
1146 1033 1249 1053 eorum
1263 1029 1314 1053 est
1328 1025 1359 1053 in
1369 1023 1482 1061 jaculis
1495 1024 1568 1054 solis
1582 1032 1624 1052 ex
1640 1023 1705 1052 zon-

234 1071 374 1110 gz'nquo:
397 1069 493 1100 hostis
509 1069 637 1100 inermis
650 1067 834 1106 remanebit,
850 1076 919 1096 cum
945 1065 1113 1096 vibraverit
1138 1067 1244 1096 telum.
1289 1066 1431 1096 Dextera
1447 1075 1550 1095 eorum
1573 1065 1704 1106 impellit

855 1134 1091 1146 eeeeeeeeeeee

238 1182 323 1212 Exc.
338 1181 481 1212 Gevart.
518 1179 601 1211 orbis
624 1181 710 1211 Exc.
728 1180 939 1211 Laeti.—432
963 1176 1140 1209 barbariam
1165 1177 1286 1209 Petav.
1310 1187 1360 1218 pr.
1388 1178 1470 1209 Vat.
1498 1176 1608 1219 quint.
1638 1176 1707 1207 bar·

239 1224 340 1256 bar-ies
355 1225 556 1255 Rom—433
578 1224 662 1254 haud
679 1222 789 1254 Mauri
804 1223 884 1254 Vat.
901 1221 1010 1252 Livin.
1047 1224 1101 1252 aut
1123 1222 1233 1252 Mauri
1248 1222 1328 1253 Vat.
1347 1221 1455 1262 quint.
1473 1221 1570 1252 Rott.
1585 1219 1707 1251 Ambr.

240 1278 293 1307 pr.
311 1266 422 1298 Oxon.
451 1277 516 1298 sec.
542 1266 637 1297 Med.
663 1272 744 1298 tert.
769 1271 839 1296 vet.
863 1265 948 1305 Gyr.
972 1263 1052 1295 edd.
1077 1265 1192 1296 Vicet.
1216 1265 1330 1296 Parm.
1351 1264 1448 1296 Junt.
1472 1263 1597 1304 Isingr.
1628 1262 1709 1294 ΑΜ.

239 1311 354 1341 Pulm.
371 1314 406 1341 et
424 1310 466 1341 al.
503 1320 539 1340 en
557 1309 667 1340 Mauri
683 1309 813 1340 Mazar.
832 1309 913 1338 Var.
941 1307 1012 1337 LL.
1035 1306 1089 1337 ed.
1114 1307 1220 1339 Antv.
1256 1318 1295 1338 an
1323 1308 1435 1338 Mauri
1456 1307 1609 1338 Florent.
1626 1306 1710 1337 Put.

241 1353 326 1393 Reg.
355 1353 488 1383 Bouon.
518 1353 599 1384 Pat.
625 1352 760 1383 'Pholos.
794 1352 876 1383 Lov.
899 1350 966 1381 duo
993 1349 1113 1381 Heius.
1143 1356 1214 1381 tres
1241 1350 1337 1382 Med.
1364 1350 1507 1382 totidem
1531 1350 1657 1382 Petav.
1674 1354 1711 1380 et

241 1396 361 1427 Ambr.
376 1396 457 1427 Var.
472 1395 540 1427 LL.
558 1406 577 1426 e
598 1405 704 1435 marg.
725 1396 840 1426 Parm.
865 1395 951 1425 Exc.
965 1393 1106 1425 Gevart.
1136 1393 1306 1431 fremitum
1323 1394 1403 1425 vat.
1417 1403 1469 1435 pr.
1483 1393 1577 1425 Prie.
1604 1402 1710 1423 rauco-

241 1449 298 1480 que
316 1439 400 1470 Exc.
417 1439 551 1469 Svhott.
567 1439 600 1468 in
618 1439 739 1479 quibus
757 1437 950 1470 Gronovius
977 1441 1157 1468 notaverat
1174 1438 1208 1467 in
1232 1437 1433 1478 Gryphiana
1444 1436 1500 1467 ed.
1518 1436 1566 1467 sic
1577 1444 1711 1477 quoque

242 1481 322 1523 legi.
360 1485 521 1522 tantosque
543 1482 625 1512 Var.
654 1482 722 1512 LL.
751 1481 806 1512 ed.
834 1480 1049 1511 Antv.—434
1077 1480 1244 1511 Umbonem
1275 1481 1352 1511 Pnt.
1393 1480 1528 1511 Umboae
1539 1480 1625 1510 Exc.
1643 1479 1713 1509 Ru-

243 1525 321 1557 ben.
354 1527 408 1556 ed.
436 1525 551 1555 Vivet.
594 1524 780 1555 Umbrorum
796 1523 911 1555 Oxon.
934 1532 988 1563 pr.
1006 1532 1047 1553 m.
1064 1532 1113 1562 pr.
1151 1526 1269 1554 nostros
1285 1522 1352 1554 duo
1368 1523 1463 1554 Vatt.
1481 1523 1556 1554 Pal.
1594 1524 1713 1552 vestros

241 1567 339 1598 Leid.
357 1578 426 1599 sec.
443 1568 523 1598 Vat.
539 1567 626 1608 Gyr.
643 1577 717 1597 cum
735 1567 851 1598 multis
869 1566 956 1605 aliis,
978 1567 1060 1597 item
1078 1566 1164 1597 Exc.
1192 1566 1333 1597 Gevart.
1366 1575 1451 1597 enses
1467 1567 1550 1597 Exc.
1568 1564 1714 1597 Gevart.

244 1613 350 1641 -435
377 1611 445 1641 Nec
475 1613 582 1641 contra
610 1610 677 1640 duo
700 1610 795 1641 Med.
821 1609 940 1640 Ambr.
974 1613 1056 1639 tert.
1096 1609 1169 1640 Nou
1198 1609 1295 1640 etiam
1323 1610 1407 1641 Var.
1433 1609 1505 1640 LL.
1530 1608 1584 1639 ed.
1608 1607 1714 1639 Antv.

243 1654 347 1694 clypeo
361 1653 457 1684 Med.
471 1658 552 1683 tert.
586 1652 761 1692 gladiisque
777 1653 856 1682 Vat.
872 1661 925 1691 pr.
942 1651 1070 1682 Moret.
1083 1661 1149 1683 sec.
1181 1652 1340 1692 galeisque
1357 1652 1433 1683 Vat.
1451 1656 1530 1683 tert.
1564 1652 1717 1690 galeaque

245 1695 400 1727 Pal.duo
412 1695 507 1726 Med.
524 1704 608 1726 unus
633 1695 752 1725 Heius.
788 1694 947 1733 radiisque
964 1693 1070 1724 Oisel.
1104 1694 1240 1733 galeisve
1270 1695 1358 1733 Reg.
1387 1694 1481 1724 Med.
1510 1698 1621 1734 quart.
1656 1702 1716 1731 ga-

245 1739 359 1778 leisque
389 1739 442 1769 vel
465 1738 639 1777 gladiisque
671 1737 864 1768 Pan—«136
886 1736 961 1766 solis
985 1735 1078 1766 Med.
1105 1746 1156 1776 pr.
1191 1737 1294 1767 solitis
1310 1736 1418 1768 Oisel.
1455 1736 1530 1767 solis
1547 1736 1599 1766 vel
1617 1736 1719 1766 solitis

246 1781 338 1813 Prie.
356 1781 423 1812 inc.
441 1781 561 1812 Heius.
575 1779 693 1811 Ambr.
710 1781 884 1810 sea—437
902 1778 1024 1809 miserit
1036 1779 1170 1809 Thuan.
1184 1779 1372 1810 Pan—438
1393 1780 1569 1819 praetendat
1580 1779 1718 1810 Bonou.

910 1863 1054 1896 NOTAE

248 1935 290 1966 ln
308 1933 464 1965 exercitu
490 1931 637 1964 Honorii
662 1931 762 1963 multi
788 1935 886 1962 erant
900 1930 959 1962 mi-

247 1986 337 2025 lites,
350 1986 406 2026 qui
420 1984 625 2024 Eugenium,
640 1983 912 2023 Maximumque,
924 1986 960 2013 et

249 2037 377 2070 bellum
391 2034 490 2067 civile
508 2034 619 2066 secuti
636 2033 785 2064 fuerant.

292 2091 355 2120 431
383 2087 501 2127 Causa]
526 2086 618 2117 Galli
638 2091 733 2117 erant
751 2085 784 2115 in
803 2084 960 2116 exercitu

252 2138 414 2177 Honorii,
436 2138 551 2178 aitque
579 2146 637 2167 eos
662 2146 832 2176 nunquam
861 2145 961 2177 posse

253 2188 411 2229 superari
442 2187 507 2218 nisi
529 2196 630 2217 causa
655 2186 802 2225 legitima
819 2186 962 2217 destitu-

254 2245 367 2271 antur.
413 2238 453 2270 1d
471 2238 561 2279 quod
578 2237 737 2277 contigit,
751 2247 826 2267 cum
852 2237 961 2277 Euge-

255 2290 347 2322 nium
365 2294 401 2322 et
416 2289 606 2321 Maximum
633 2293 873 2329 sequerentur.
918 2288 963 2318 Et

255 2351 338 2373 vero
355 2351 432 2372 cum
457 2345 645 2381 sequantur
666 2347 755 2368 nunc
776 2337 963 2368 Honorium

257 2393 455 2434 Principem
487 2391 693 2431 legitimum,
719 2395 815 2430 rogat
839 2399 909 2427 eos,
926 2395 963 2420 ut

258 2445 407 2485 probent
431 2454 466 2475 se
491 2448 571 2475 ante
601 2443 711 2473 victos
746 2451 820 2473 esse
852 2451 963 2472 causae

260 2496 439 2537 aequitate‚
461 2504 527 2525 non
553 2503 634 2524 vero
655 2492 792 2531 robore,
812 2497 846 2522 et
866 2492 896 2521 vi
914 2501 965 2522 ar-

258 2555 404 2577 morum.
450 2545 628 2576 Gallorum
656 2541 873 2574 fortitudinis
894 2541 967 2572 infi-

260 2597 335 2629 nita
348 2602 424 2628 sunt
438 2595 685 2637 propemodum
702 2593 860 2633 exempla
877 2603 884 2623 :
910 2593 968 2624 hos

261 2648 419 2681 Julianus
436 2647 631 2688 Imperator
661 2644 819 2676 Romanis
847 2642 968 2684 praefe-

261 2698 374 2730 rebat.
398 2697 465 2729 Sed
478 2707 555 2729 cum
567 2705 702 2737 semper
711 2694 818 2727 fortes
829 2694 970 2734 fuerint,

263 2757 436 2790 nunquam
461 2753 575 2779 tamen
597 2745 770 2786 fortiores,
795 2755 897 2788 quam
919 2745 970 2776 his

265 2799 485 2839 temporibus,
509 2798 630 2841 quibus
656 2798 718 2830 sub
734 2797 891 2839 auspiciis
908 2798 969 2829 Lu-

1012 1931 1126 1962 dovici
1152 1931 1273 1973 Magni
1297 1931 1330 1963 in
1347 1932 1473 1973 praeliis
1488 1932 1642 1964 omnibus
1658 1934 1719 1965 tri·

1013 1983 1191 2022 umphant.

1056 2035 1120 2064 432
1144 2034 1348 2074 Barbariem]
1373 2034 1478 2065 Gildo
1490 2044 1558 2066 non
1572 2034 1722 2067 terrebit

1013 2092 1085 2121 vos,
1116 2084 1197 2115 licet
1219 2085 1362 2125 colligat
1376 2095 1492 2116 omnes
1507 2090 1629 2127 gentes
1645 2085 1722 2117 bar-

1015 2134 1130 2174 baras,
1142 2136 1244 2167 immo
1259 2136 1342 2167 licet
1352 2142 1462 2168 armet
1474 2136 1583 2177 ipsam
1596 2136 1720 2168 barba-

1015 2194 1113 2216 rtem.

1059 2239 1123 2267 433
1147 2237 1339 2278 Fremitum]
1372 2238 1501 2269 Milites
1519 2241 1672 2276 ruentes,
1686 2243 1724 2268 ez

1017 2297 1109 2318 arma
1125 2289 1321 2329 quatientes
1334 2298 1410 2320 cum
1426 2288 1578 2329 fremitu,
1603 2294 1640 2321 et
1655 2289 1724 2321 ela-

1017 2348 1123 2370 more.

1060 2392 1123 2420 437
1150 2390 1359 2431 Exarmalus]
1381 2391 1466 2422 Cum
1484 2391 1598 2422 Mauri
1615 2389 1725 2420 vibra-

1020 2446 1144 2472 verunt
1162 2442 1244 2481 tela,
1257 2442 1292 2472 in
1307 2442 1429 2483 quibus
1441 2443 1519 2474 solis
1534 2441 1726 2481 confidunt,

1021 2496 1198 2522 remanent
1213 2493 1393 2523 exarmati.

1065 2543 1204 2583 missile]
1226 2544 1344 2574 Telum
1360 2553 1471 2582 omne,
1484 2543 1572 2585 quod
1582 2543 1728 2585 jacitur,

1022 2593 1110 2634 quod
1127 2593 1285 2624 mittitur.

1065 2645 1128 2674 438
1153 2643 1272 2684 Pallia]
1317 2645 1416 2677 Quod
1433 2645 1591 2686 designat
1607 2645 1731 2677 tumul-

1025 2695 1168 2726 tuariam
1207 2696 1420 2735 Maurorum,
1455 2702 1490 2727 et
1529 2696 1730 2738 impeditam

1024 2746 1192 2787 quandam
1207 2748 1381 2788 pugnandi
1398 2749 1565 2779 rationem
1579 2758 1589 2786 ;
1605 2751 1729 2779 contra

1024 2797 1168 2830 Romani
1178 2801 1275 2830 erant
1286 2798 1358 2830 sine
1370 2798 1474 2840 pallio
1486 2797 1730 2840 expeditiores.
