1857 3177
523 231 573 261 ιΝ
616 231 691 262 cn.
725 227 1081 259 cmumANUM.
1479 217 1534 258 51

76 328 219 370 adhuc
242 327 502 381 deprehendi
527 329 718 380 possent,
733 337 828 365 esse
842 324 1045 371 collecta,
1062 334 1163 362 cum
1179 320 1271 375 jam
1293 325 1534 374 temporum

74 396 202 449 lapsu
221 408 304 435 non
327 407 467 447 pauca
487 398 631 433 essent
648 393 715 433 vel
737 391 962 445 deperdita
979 390 1045 431 vel
1068 401 1320 442 suppressa.
1373 388 1536 429 Forsan

74 463 174 503 inde
195 474 366 515 quoque
389 461 601 512 explicari
624 463 807 513 possunt
845 457 1199 510 interpolationes
1228 454 1343 494 haud
1366 467 1534 507 purime,

75 534 162 578 aut,
186 531 223 569 si
246 529 402 575 mavis,
424 528 522 567 loca
545 528 675 580 plano
698 528 850 579 inepta
884 532 925 566 et
958 524 1133 573 frig-ida,
1155 535 1338 576 quorum
1363 522 1536 574 culpam

73 596 218 651 po'etae
256 608 405 635 manes
445 596 658 634 immerito
692 595 919 642 sustinent,
953 596 993 631 et
1026 592 1161 630 nimia
1195 590 1406 630 brevitate
1441 601 1537 640 per-

73 664 221 716 plexa,
254 675 352 714 ane.
392 675 448 700 ex
484 663 653 701 lacunis
689 661 802 700 mule
837 659 1033 700 consutis
1071 661 1256 710 possunt
1287 661 1382 696 orta
1424 668 1534 695 esse.

76 729 310 781 Praecipue
348 729 389 767 in
422 730 476 768 iis
509 728 789 775 carminibus,
822 739 920 778 quae
958 725 1321 777 epigrammatum
1365 722 1535 762 nomine

73 795 444 843 circumieruntnr,
482 794 656 834 difficile
700 798 766 833 est
799 792 1021 844 judicatu,
1056 802 1259 842 quaenam
1301 787 1535 828 Claudiani

73 862 171 910 sint,
194 874 382 915 quaeque
404 862 535 901 alium
558 865 777 900 auctorem
808 859 1014 899 habeant:
1049 858 1091 896 in
1114 856 1197 895 hoe
1227 859 1341 895 certe
1363 867 1535 894 mecum

73 931 345 970 consentient
380 941 544 977 omnes,
577 941 644 976 ea,
677 929 721 967 in
742 926 905 979 quibus
936 938 1004 964 res
1028 923 1251 975 religionis
1275 921 1535 963 Christianae

71 997 353 1045 celebrantur,
377 996 431 1036 ad
454 996 574 1035 illum
594 1007 679 1034 non
701 994 927 1046 pertinere,
944 991 1021 1031 sed
1042 990 1166 1030 lusus
1187 1002 1283 1029 esse
1305 989 1367 1042 pii
1389 988 1537 1042 cnjus-

72 1063 172 1103 dam
193 1063 368 1115 ingenii,
387 1062 494 1101 bene
510 1060 684 1114 quidem
708 1060 760 1100 de
783 1059 1008 1112 republica
1025 1056 1274 1097 Christiana
1294 1056 1534 1103 sentientis,

73 1130 148 1170 sed
171 1130 225 1170 ab
245 1129 362 1169 omni
383 1128 591 1168 facultate
612 1126 788 1179 po'e'tiea
817 1125 927 1165 adeo
961 1124 1243 1170 abhorrentis,
1272 1128 1319 1162 ut
1349 1135 1400 1161 ne
1421 1123 1535 1163 osci-

72 1197 179 1237 tanti
200 1196 374 1249 quidem
393 1194 636 1234 Claudiano
661 1194 703 1232 in
731 1196 913 1231 mentem
938 1191 1082 1230 venire
1104 1190 1339 1242 potuerint,
1362 1189 1535 1229 etiamsi

71 1275 234 1311 sumas,
257 1262 375 1301 illum
402 1261 468 1299 vel
488 1260 542 1298 ad
566 1259 854 1298 Christianam
886 1260 1051 1296 sectam
1087 1269 1133 1294 se
1165 1257 1444 1305 convertisse,
1469 1255 1536 1295 vel

71 1342 241 1381 semper
274 1329 407 1367 fuisse
439 1327 536 1379 ejus
568 1325 799 1371 asseclam,
839 1323 967 1375 cujus
999 1326 1144 1362 tamen
1176 1322 1238 1360 rei
1279 1323 1320 1360 in
1357 1321 1535 1373 reliquis

73 1395 334 1437 carminibus
369 1394 531 1433 nullum
563 1395 685 1431 extat
720 1390 969 1442 vestigium.
1031 1387 1146 1427 Inter
1174 1387 1342 1440 reliqua
1362 1400 1536 1440 quoquc

70 1462 274 1505 nonnulla
307 1465 406 1502 sunt
440 1460 564 1500 dubii
597 1459 804 1507 auctoris,
838 1460 880 1496 et
909 1454 1178 1509 hujusmodi,
1201 1457 1250 1494 ut
1269 1467 1415 1507 operae
1449 1467 1534 1494 non

71 1531 143 1582 sit,
165 1529 219 1571 de
239 1529 295 1571 iis
317 1529 491 1582 longam
510 1526 848 1580 disputationem
867 1524 1104 1565 instituere.

994 1643 1052 1685 G.
1085 1641 1137 1683 L.
1172 1640 1418 1682 KOENIG.
