1852 3193
226 208 310 249 478
672 217 743 247 cn.
778 212 1059 245 emonam
1094 212 1241 243 xvni.

227 303 491 345 Communes
511 304 605 343 vult
626 314 724 342 esse
744 304 892 348 notaS,
915 301 958 338 et
978 298 1178 339 venditus
1198 300 1296 352 ipse

226 370 431 412 Vendere
453 376 614 411 cuncta
635 369 773 421 cupit.
834 366 1093 407 Certantum
1114 379 1234 420 saepe
1256 366 1437 407 duorum

227 438 461 480 Diversum
484 436 713 491 suspendit
733 447 841 476 onus
860 448 869 476 :
903 447 1004 476 cum
1025 434 1214 488 pondere
1230 434 1372 489 judex

221 504 391 558 Vergit,
412 508 454 545 et
475 505 516 544 in
540 504 737 556 geminas
757 505 882 544 nutat
901 502 1128 556 provincia
1147 502 1312 543 lances.

281 574 386 615 Non
407 574 556 626 pudet,
579 573 663 613 heu
683 572 854 624 Superi,
876 571 1074 625 populos
1099 570 1262 612 vaenire
1283 570 1364 611 sub
1385 568 1547 611 hasta?
1597 568 1684 611 210

222 640 465 682 vendentis
486 645 604 681 certe
624 639 805 694 pudeat.
867 637 988 689 Quid
1003 638 1100 692 jure
1121 639 1343 691 sepultum

224 708 498 763 Mancipium
522 712 585 749 tot
604 720 737 761 regna
759 712 896 756 tenet,
922 710 988 747 tot
1009 706 1213 747 distrahit
1233 706 1362 747 urbes
1377 707 1396 746 ‘t

222 775 461 817 Pollentem
481 776 594 817 solio
618 775 821 817 Croesum
842 775 1028 816 victoria
1050 773 1156 828 Cyri

222 843 384 896 Fregit,
406 848 455 885 ut
474 844 676 885 eunucho
698 844 876 885 fluerent
896 843 1105 884 Pactolus
1125 845 1169 883 et
1187 841 1378 884 Hermus
1397 842 1415 882 't

220 980 454 1011 consolationem
475 990 540 1011 suoe
555 979 752 1016 conditionis,
769 982 798 1009 et
824 979 890 1019 ipse
906 979 1058 1018 venditus,
1082 980 1201 1018 expetit
1218 980 1348 1010 vendere
1363 978 1484 1010 omnia:
1500 978 1685 1019 frequenter

217 1024 328 1065 pendit
349 1023 487 1063 pretium
504 1023 621 1053 varium
641 1024 770 1053 duorum
786 1022 977 1059 (emulorum,
993 1025 1028 1052 et
1056 1030 1134 1052 mox
1157 1022 1229 1062 ipse
1251 1021 1353 1059 judex
1368 1021 1497 1052 inclinat
1513 1032 1580 1052 cum
1595 1031 1686 1052 onere

219 1066 386 1106 graviore,
411 1069 441 1096 et
469 1065 629 1105 provincia
656 1064 806 1104 regenda
839 1066 952 1104 pendet
978 1064 1009 1094 in
1038 1065 1149 1095 libram
1176 1066 1371 1096 alterutram.
1418 1064 1482 1094 Pro
1515 1063 1600 1095 Dii!
1627 1073 1687 1094 non

217 1111 315 1149 pudet
341 1118 411 1146 vos,
437 1111 546 1147 gentes
575 1109 664 1138 rendi
693 1107 746 1137 sut·
770 1106 886 1138 hasta?
934 1107 1085 1138 Venditor
1109 1107 1233 1147 quidem
1258 1107 1333 1147 ipse
1361 1107 1529 1138 erubescat.
1577 1104 1686 1141 Quid?

221 1152 335 1182 Servus
356 1154 495 1181 mortuus
525 1150 617 1181 civili
645 1150 719 1187 J'ure.
750 1150 885 1189 possidet
908 1153 954 1180 tot
982 1150 1124 1190 imperia,
1140 1150 1244 1180 rendit
1258 1153 1304 1181 tot
1319 1148 1457 1190 oppida?
1502 1149 1688 1190 Triumphus

223 1194 300 1235 Cyri
329 1194 440 1233 dejecit
470 1193 599 1234 imperio
625 1194 763 1223 Croesum
793 1196 963 1233 potentem,
995 1196 1030 1223 ut
1060 1193 1209 1224 Pactolus
1231 1196 1262 1224 et
1290 1193 1430 1225 Hermus
1454 1192 1592 1234 fluerent
1623 1200 1684 1233 pro

837 1311 931 1323 ‘teet
939 1311 1073 1323 ‘aeteae

222 1402 352 1432 Bonon.
367 1400 447 1431 sorti
463 1400 528 1431 duo
546 1399 665 1431 Leidd.
683 1403 718 1431 et
735 1399 883 1431 sedecim
901 1399 968 1439 alii,
986 1400 1071 1431 Exc.
1090 1400 1233 1430 Gevart.
1261 1399 1406 1430 Lucens.
1435 1407 1504 1429 sec.
1521 1397 1602 1429 Var.
1618 1397 1687 1429 LL.

223 1456 240 1475 e
258 1453 362 1483 marg.
378 1443 492 1474 Parni.
509 1443 697 1474 Ald.—207
713 1442 805 1481 jubet
824 1442 942 1473 Ambr.
968 1448 1048 1474 tert.
1078 1443 1158 1483 petit
1175 1443 1325 1473 Florent.
1339 1444 1433 1482 parat
1460 1440 1586 1472 Moret.
1616 1449 1686 1471 sec.

221 1490 320 1518 certat
334 1490 399 1517 tum
416 1486 607 1517 Pan—205
629 1486 788 1526 suspendit
804 1486 859 1516 vel
887 1486 1032 1526 supponit
1049 1486 1133 1516 Exc.
1151 1485 1250 1517 Laeti.
1277 1484 1424 1526 ponderis
1448 1483 1542 1515 index
1556 1483 1686 1523 Scalig.

221 1532 328 1560 —209
351 1529 468 1559 Pendit
484 1529 538 1560 vei
557 1529 668 1568 Vergit
685 1529 764 1559 Put.
782 1531 871 1559 nutat
896 1529 1056 1569 provincia
1073 1529 1156 1559 Exc.
1174 1528 1263 1559 Laeti
1291 1533 1326 1559 et
1343 1528 1486 1558 Lucens.
1505 1536 1575 1557 sec.
1591 1527 1687 1557 vertit

222 1571 278 1602 ed.
296 1572 411 1603 Vicet.
440 1573 521 1602 sevi'a
548 1572 586 1612 [i.
614 1582 644 1602 e.
671 1572 837 1612 sententio]
862 1572 942 1603 Jnn.
969 1581 1021 1612 pr.
1050 1571 1212 1612 prot-incia
1240 1571 1294 1601 vel
1320 1569 1474 1601 sententia
1503 1570 1589 1610 Reg.
1620 1569 1688 1599 duo

223 1614 337 1646 Oxon.
353 1614 422 1644 vid.
438 1614 582 1645 Herald.
598 1618 668 1645 not.
687 1615 719 1644 in
736 1615 925 1644 Minucium
955 1625 986 1654 p.
1005 1617 1035 1644 7.
1053 1615 1107 1645 ed.
1127 1614 1222 1645 Leid.
1240 1614 1468 1644 Elmenhorst.
1485 1618 1520 1643 et
1536 1612 1685 1652 Agapet.

222 1656 553 1688 admonit.4l.—210
565 1657 739 1696 Nonpudet
752 1658 1003 1697 quatum-Vatt.
1013 1657 1087 1688 Pal.
1098 1658 1199 1688 Farn.
1212 1657 1303 1687 Pric.
1313 1655 1500 1687 Exc.Laeti.
1519 1656 1585 1686 Nec
1594 1654 1689 1694 pudet

222 1698 318 1730 Leid.
330 1708 398 1729 sec.
417 1698 503 1728 Num
515 1699 610 1738 pudet
625 1699 754 1728 Mazar.
783 1699 854 1728 Non
868 1701 968 1738 pudor
986 1699 1099 1729 Oxou.
1125 1709 1177 1739 pr.
1199 1700 1282 1728 Num
1296 1700 1395 1738 pudor
1411 1698 1552 1728 volebat
1567 1697 1687 1727 Heius.

221 1742 325 1772 venire
343 1742 493 1772 Florem.
519 1741 586 1770 inc.
611 1740 732 1771 Heius.
751 1741 847 1770 Leid.
865 1751 917 1780 pr.
933 1740 1029 1771 Med.
1049 1746 1128 1772 tert.
1146 1741 1229 1771 Exc.
1247 1742 1389 1771 Lucens.
1414 1749 1482 1770 sec.
1508 1740 1590 1770 item
1605 1739 1687 1770 Var.

221 1784 291 1815 LL.
310 1793 328 1814 e
346 1793 452 1819 marg.
472 1783 586 1812 Parin.
604 1782 710 1813 Gesn.
727 1782 782 1812 ed.
801 1783 941 1821 Bipont.
969 1787 1004 1812 et
1028 1783 1162 1821 Koenig.
1187 1783 1315 1812 uenisse
1329 1782 1410 1812 vat.
1429 1782 1538 1813 Liviu.
1556 1781 1689 1812 veniisse

223 1826 291 1857 duo
307 1826 403 1856 Vatt.
420 1825 495 1855 Pal.
523 1825 624 1854 Farn.
644 1824 742 1854 Rott.
765 1824 868 1854 venire
887 1825 941 1854 vel
967 1824 1083 1854 venissi⁷
1099 1825 1179 1855 Vat.
1211 1834 1259 1864 pr.
1284 1825 1338 1854 sub
1365 1823 1478 1856 hasta!
1501 1833 1577 1854 cum
1604 1828 1688 1855 nota

219 1868 509 1908 interrogationis,
526 1867 655 1897 Mazar.
671 1866 726 1897 sub
742 1867 863 1896 hostum
880 1867 1066 1899 Pan—211
1091 1867 1263 1897 rendentes
1280 1866 1374 1897 Med.
1393 1872 1504 1908 quart.
1522 1866 1689 1897 Vendentz‘s

221 1911 288 1942 duo
317 1911 414 1941 Vatt.
441 1911 525 1940 Exc.
556 1910 657 1940 Laet‘i.
688 1909 860 1940 Rubenius
900 1910 946 1940 ita
974 1910 1163 1950 distinguit,
1208 1910 1378 1941 Vendentis
1412 1920 1438 1940 c.
1473 1910 1600 1949 pudeat,
1634 1910 1688 1949 qui

211 1954 299 1993 jure,
329 1955 382 1992 ἰγε.
410 1954 487 1993 quod
508 1953 582 1990 jure
609 1957 678 1983 tres
695 1953 792 1983 Vatt.
822 1952 898 1984 Pal.
928 1953 1031 1983 Fam.
1049 1952 1268 1984 Pric.01se1.
1294 1953 1369 1993 quid
1397 1953 1526 1983 Mazar.
1552 1951 1605 1992 qui
1632 1952 1687 1982 vel

220 2007 277 2037 quo
291 1996 365 2035 jure
381 1997 459 2026 Vat·
478 2005 530 2035 pr.
558 2006 601 2026 m.
630 2005 681 2035 pr.
702 1996 782 2026 Exc.
799 1996 899 2026 Laeti.
923 1995 996 2035 quid
1023 1996 1075 2026 vel
1099 2006 1155 2036 quo
1171 1996 1309 2035 legebat
1329 1995 1499 2026 Heinsius.
1519 1994 1615 2025 deest
1629 1993 1686 2026 hie

220 2049 336 2069 versus
365 2039 560 2069 Pion-211
584 2041 744 2079 potentum
762 2039 814 2068 vel
840 2039 990 2078 sepultum
1006 2038 1120 2069 Oxou.
1138 2041 1317 2069 sec.-—21·2
1341 2039 1419 2077 juru
1430 2039 1510 2068 Vat.
1525 2046 1593 2068 sec.
1608 2037 1683 2068 Pal.

221 2081 317 2112 Med.
344 2092 394 2121 pr.
421 2091 495 2112 rura
518 2082 584 2121 leg.
604 2081 720 2112 Heius,
747 2081 901 2111 distrahat
933 2081 1012 2112 Put.
1039 2082 1174 2121 possidet
1203 2082 1268 2112 ine.
1304 2082 1421 2112 Heius.
1450 2080 1600 2111 distrahit
1629 2080 1686 2110 vel

219 2124 356 2154 destruit
380 2125 461 2154 Vat.
491 2134 542 2163 pr.
573 2124 708 2154 detrahit
741 2124 792 2153 vel
824 2124 957 2154 destruit
984 2125 1110 2155 Moret.
1139 2127 1317 2156 seo—213
1346 2124 1517 2154 pauentem
1539 2123 1622 2155 Jun.
1651 2126 1686 2153 et

221 2167 333 2197 Oxou.
351 2176 403 2206 pr.
422 2167 562 2197 Drusum
593 2176 653 2206 pro
672 2168 809 2196 Crcesum
825 2168 904 2197 Vnt.
924 2177 974 2207 pr.
1000 2177 1045 2197 m.
1068 2177 1120 2207 pr.
1147 2168 1230 2198 curis
1255 2177 1317 2207 pro
1336 2167 1413 2206 Cyri
1426 2166 1508 2198 Jun.
1524 2167 1685 2206 pn—-214

220 2209 254 2240 in
271 2209 420 2240 Eunucho
445 2209 582 2240 Tholos.
603 2209 719 2248 flueret
745 2210 825 2241 Vat.
852 2220 902 2249 pr.
926 2210 1007 2242 Juu.
1039 2215 1075 2241 et
1098 2211 1210 2242 Oxou.
1229 2212 1389 2251 piu—216
1409 2209 1582 2250 proscripto
1605 2207 1685 2240 Pat.

887 2316 1025 2347 NOTAE

263 2415 327 2444 206
352 2414 548 2453 Communes]
572 2413 655 2444 Vult
672 2412 836 2453 quasdam
854 2422 925 2443 esse

220 2467 318 2494 notas
337 2463 503 2503 public-21⁸,
516 2463 634 2503 quibus
647 2468 761 2502 posset
778 2462 925 2492 vendere

1024 2417 1084 2445 211
1119 2414 1295 2455 Sepultum]
1333 2414 1460 2445 Servus
1482 2413 1561 2453 jure
1591 2411 1683 2443 civili

980 2469 1145 2504 mortuus,
1161 2469 1198 2495 ut
1214 2464 1271 2505 qui
1288 2469 1340 2495 est
1368 2465 1402 2494 in
1426 2462 1552 2494 domini
1569 2466 1682 2503 potes·

222 2514 356 2552 omnia;
380 2514 496 2554 sicque
513 2514 642 2544 solatur
667 2523 716 2551 se,
742 2513 797 2553 qui
822 2513 924 2543 toties

221 2564 304 2595 alias
320 2565 480 2595 venditus
498 2571 559 2594 (2³1.

264 2617 328 2646 210
352 2617 425 2646 Non
449 2615 559 2655 pudet]
588 2614 731 2655 Antiqui
760 2624 812 2643 res
836 2613 924 2644 male

221 2669 444 2698 succedentes
466 2669 539 2698 Diis
557 2667 819 2706 exprobrabant.

263 2719 326 2749 Sub
342 2718 448 2758 hasta]
486 2720 536 2749 Ex
555 2728 647 2748 more
664 2720 759 2748 hasta
773 2716 926 2758 praefixa,

221 2777 288 2810 res,
300 2769 389 2801 servi
405 2769 653 2801 vendebantur.

981 2519 1064 2544 tate.

1022 2567 1084 2594 213
1109 2563 1207 2603 Solio]
1253 2563 1424 2603 Imperio:
1462 2563 1593 2603 signum
1618 2573 1681 2604 pro

980 2624 1017 2644 re
1034 2614 1178 2653 signata.

1021 2666 1084 2694 214
1111 2664 1255 2694 Pactolus
1269 2666 1300 2694 et
1316 2663 1465 2704 Hermus]
1488 2664 1600 2695 Fluvii
1623 2673 1681 2695 au-

979 2713 1073 2745 riferi
1107 2714 1199 2745 Asiae
1230 2715 1378 2755 minoris,
1395 2715 1537 2755 Lydiam
1563 2715 1681 2747 Croeso

980 2770 1158 2806 regnatam
1180 2766 1359 2798 alluentes.
