1842 3193
217 231 272 275 54
795 215 1102 254 TESTIMONIA

235 370 444 415 Sidonius
465 360 737 422 Apollinaris
759 355 815 398 ad
835 361 1041 405 magnum
1063 342 1274 388 Felicem,
1304 336 1449 380 Carm.
1472 344 1545 375 lx.
1567 325 1668 372 271.

508 470 520 487 ‘
546 463 647 504 Non
664 457 899 501 Pelusiaco
920 454 1043 492 satus
1063 446 1265 497 Canopo,

513 531 605 582 Qui
626 522 861 576 ferruginei
881 519 1027 559 thoros
1048 512 1206 560 mariti,

514 599 572 640 Et
595 597 729 638 Musa
750 590 867 633 canit
886 586 1047 628 inferos
1070 574 1285 634 superna.5

230 734 418 787 Prosper
436 724 725 782 Aquitanicus
744 721 790 761 in
810 714 1027 758 Chronico
1049 704 1297 753 Consulari,
1321 697 1564 742 secundum
1585 691 1690 734 Edi-

750 789 913 829 tionem
936 777 1164 832 Scaligeri.

289 894 301 912 ‘
325 888 455 931 Anno
480 896 531 925 11.
557 879 744 924 Honorii
765 881 808 918 et
828 871 1013 917 Arcadii
1044 865 1316 909 Claudianus
1344 855 1487 900 Poeta
1505 849 1694 893 admira-

233 960 352 1002 tione
372 956 528 1008 dignus
548 944 762 992 habetur?

264 1081 561 1127 Cassiodorus
584 1072 817 1120 Chronico,
844 1068 928 1109 sub
950 1061 1192 1106 Consulatu
1212 1051 1393 1097 Probini
1414 1053 1456 1090 et
1478 1044 1666 1101 Olybrii.

293 1176 305 1193 ‘
329 1171 436 1213 Hoc
456 1172 651 1219 tempore
673 1157 944 1201 Claudianus
964 1148 1107 1192 Poeta
1125 1143 1305 1197 insignis
1323 1135 1535 1182 habetur?

721 1278 940 1321 ‚Iovianus
964 1273 1214 1314 Pontanus.

296 1386 308 1404 ‘
332 1381 505 1422 Ponam
541 1385 691 1416 versus
725 1369 895 1421 aliquot
923 1377 947 1404 e
979 1357 1248 1410 Proserpina
1270 1349 1506 1393 Claudiani
1527 1345 1700 1393 Po'etae,

239 1455 332 1494 turn
367 1444 525 1489 summi
561 1440 737 1496 quidem
768 1432 919 1482 studii,
942 1434 1034 1471 tum
1068 1422 1217 1477 magni
1235 1421 1370 1461 etiam
1391 1413 1703 1466 exercitatique

240 1514 429 1571 ingenii.'

301 1637 532 1690 Philippus
555 1627 806 1672 Beroaldus
840 1623 973 1664 vocat
1004 1615 1298 1659 Claudianum
1330 1605 1577 1649 luculentum
1602 1598 1710 1640 Po'e‘-

246 1714 356 1750 tam,·
403 1704 597 1744 Joannes
628 1696 803 1739 Pierius
837 1688 1123 1733 Valerianus,
1157 1675 1541 1721 laculentissimzmz‚·
1585 1668 1631 1710 J.
1653 1667 1709 1708 B.

246 1775 372 1823 Pius,
394 1770 603 1823 ‘utriusque
626 1765 773 1819 linguoe
793 1754 1151 1801 consultissimum,-
1199 1744 1461 1791 Durantius,
1501 1733 1712 1779 disertissi-

246 1856 353 1882 mum
371 1856 384 1884 ;
429 1837 737 1880 Casaubonns,
765 1824 1134 1885 facundissimum;
1184 1817 1401 1860 Muretus,
1423 1807 1617 1862 optimum
1638 1800 1713 1843 aevi

246 1908 310 1949 sui
341 1905 540 1946 Ροέΐιιηω
592 1901 643 1941 P.
678 1899 835 1945 Faber,
856 1891 1135 1937 clarissimum,
1173 1883 1413 1938 elegantem,
1435 1882 1473 1916 et
1507 1871 1685 1927 politum
1699 1880 1716 1911 ,·’

250 1978 532 2020 Bucananus,
553 1982 704 2009 summo
726 1964 900 2020 ingenio,
921 1969 1153 2010 szmzmaque
1176 1950 1359 1992 doctrina
1391 1943 1589 1983 Po'esstcmw
1631 1936 1714 1977 Ju-

248 2041 360 2092 nius,
385 2038 584 2080 recondito
615 2042 653 2075 et
683 2033 843 2073 minime
871 2026 1037 2083 vulgari
1076 2037 1147 2063 usu
1188 2017 1403 2060 verborum
1440 2006 1684 2066 gaudentem
1701 2018 1715 2047 ,-

250 2110 323 2151 Fr.
355 2108 553 2151 Medius,
588 2100 835 2156 ingeniosum
867 2103 903 2136 et
935 2102 1110 2135 tersum:
1156 2089 1209 2129 B.
1249 2085 1507 2126 Rhenanus,
1545 2071 1716 2115 cultissi-

251 2190 387 2218 mum;
439 2171 690 2212 Vincentius
714 2168 1002 2210 Contarenus,
1035 2159 1210 2198 Po‘e'tam
1235 2153 1381 2192 bonum
1417 2153 1454 2186 et
1487 2139 1716 2198 grandem,-

255 2243 556 2293 Hieronymus
592 2233 815 2287 Cagnolus
850 2226 1199 2272 Jureconsultus,
1231 2217 1442 2273 quaedam
1464 2206 1717 2256 Claudiani,

260 2308 456 2351 Carmina
479 2304 604 2345 liter-is
626 2300 758 2342 aureis
773 2296 941 2353 putavit
962 2289 1229 2334 inscribenda.

315 2377 432 2418 Haec
473 2373 622 2415 omnia
661 2366 915 2410 testimonia
958 2358 1181 2403 brevitatis
1223 2365 1358 2395 causa
1395 2344 1717 2401 congessimus,

258 2445 338 2487 sed
361 2445 433 2498 qui
455 2443 686 2494 sequentes
710 2440 911 2476 auctores
933 2428 1078 2471 omitti
1099 2423 1291 2479 queant?

423 2553 584 2594 Petrus
607 2548 799 2590 Crinitus
821 2544 875 2583 de
899 2540 1055 2583 Poetis
1078 2534 1263 2582 Latinis,
1286 2532 1315 2571 l.
1343 2542 1385 2570 v,
1423 2541 1463 2568 c.
1483 2526 1554 2566 85.

319 2644 389 2686 Cl.
412 2642 690 2685 Claudianus
711 2636 856 2678 Poeta
871 2632 1055 2682 insignis
1075 2624 1257 2668 Arcadii
1283 2630 1321 2662 et
1348 2613 1590 2659 Theodosii
1609 2617 1722 2652 tem-

263 2713 461 2770 poribus,
505 2714 514 2731 ‘
551 2709 698 2750 floruit
714 2737 723 2746 .
737 2736 744 2744 .
758 2736 767 2746 .
781 2703 974 2756 jug-emo
1015 2693 1251 2737 excellenti
1287 2690 1384 2736 fuit,
1435 2682 1723 2732 maximeque

266 2785 373 2837 apto
395 2779 450 2820 ad
466 2790 642 2820 carmen
665 2768 1037 2827 componendum.
1096 2762 1217 2805 Nam
1243 2761 1288 2799 et
1309 2752 1499 2806 assurgit
1518 2747 1723 2795 feliciter,
