1852 3193
250 185 334 227 160
752 195 826 225 ct..
857 193 1139 226 eLAumANl
1175 194 1219 223 v.

252 295 597 349 Serpentumque
617 306 730 348 vago
753 293 916 334 coelum
938 292 1095 333 saevire
1115 289 1280 330 volatu.

249 362 412 417 Implet
431 362 708 403 Thessaliam
730 360 827 400 ferri
845 360 972 407 nitor,
996 361 1207 410 antraque
1229 356 1348 397 docti

250 429 526 483 Cornipedis,
544 434 775 481 teneroque
792 427 933 466 amnis
954 429 1151 479 reptatus
1174 423 1354 472 Achilli,
1631 424 1713 466 180

250 497 307 538 Et
325 510 477 538 nemus
497 497 692 537 OEtaeum
709 494 875 535 radiat:
909 494 1098 533 clamore
1119 493 1278 533 nivalis

248 563 366 606 Ossa
383 568 516 614 tonat,
539 564 754 617 pulsoque
770 562 912 615 fragor
933 561 1175 614 geminatur
1197 559 1406 615 Olympo.

246 632 455 674 Intumuit
475 632 629 680 virtus,
649 634 692 671 et
710 631 822 671 lucis
844 629 1052 683 prodigus
1073 629 1181 670 arsit

245 699 443 753 Impetus
461 714 470 741 :
502 698 617 740 haud
634 698 735 739 illos
754 710 906 751 rupes,
927 697 1044 738 haud
1065 697 1153 737 alta
1175 699 1371 738 vetarent

247 766 472 808 Flumina:
500 766 719 821 praecipiti
742 766 1001 807 stravissent
1021 765 1167 806 omnia
1186 777 1330 805 cursu,
1624 762 1710 804 185

245 834 294 874 Si
314 838 416 875 tunc
434 834 503 875 his
525 834 682 874 animis
703 834 820 873 acies
843 833 1007 874 collata
1026 832 1195 881 fuisset,

246 901 431 943 Prodita
449 914 532 941 non
550 904 691 940 tantas
712 900 894 940 vidisset
913 899 1090 941 Graecia
1112 899 1261 940 caedes
1279 912 1288 940 :

245 967 427 1022 Oppida
445 970 612 1007 semoto
634 965 850 1018 Pelopeia
873 966 1014 1006 Marte
1031 967 1249 1019 vigerent:

237 1065 349 1103 farere
364 1065 467 1095 volatu
492 1064 625 1094 erratico
647 1064 824 1094 draconum.
871 1063 992 1102 Falgor
1006 1072 1163 1094 armorum
1179 1064 1277 1103 replet
1296 1060 1507 1098 Thessaliam,·
1529 1065 1558 1093 et
1581 1072 1712 1094 carerna

248 1108 397 1138 Centauri
412 1107 541 1144 eruditi,
557 1109 587 1135 et
592 1105 713 1145 fluvias
729 1105 770 1135 ad
789 1115 886 1144 quem
902 1106 1041 1135 Achilles
1061 1106 1167 1144 infans
1186 1106 1294 1145 repsit,
1310 1109 1340 1136 et
1356 1106 1442 1146 sylva
1458 1106 1565 1136 OEtaea
1580 1106 1713 1145 resplen-

244 1151 314 1179 det:
340 1149 420 1179 Ossa
427 1147 555 1187 frigida
571 1152 692 1178 resonat
719 1157 884 1186 murmure,
897 1153 928 1177 et
944 1147 1094 1188 strepitus
1108 1148 1286 1188 duplicatur
1304 1149 1436 1188 Olympo
1451 1148 1592 1187 impulso.
1608 1148 1714 1178 Forti-

242 1193 316 1222 tado
333 1191 478 1222 militum
496 1194 586 1221 aucta
604 1193 660 1229 est,
676 1194 706 1220 ct
729 1193 822 1220 ardor
843 1200 904 1220 non
924 1200 1056 1230 parcens
1077 1191 1152 1221 titae
1175 1190 1317 1221 incaluit.
1358 1191 1430 1220 Non
1449 1200 1528 1220 saxa
1543 1191 1712 1221 retinerent

243 1235 327 1273 illos,
343 1244 405 1265 non
419 1233 517 1274 fluvii
540 1233 707 1273 profundi.-
731 1233 909 1271 dejecissent
933 1237 1043 1264 cuncta
1066 1243 1155 1263 cursa
1170 1233 1292 1273 rapido.
1338 1232 1375 1263 δι’
1390 1236 1455 1263 tum
1471 1232 1626 1263 exercitus
1640 1242 1710 1263 con-

235 1277 378 1316 flixisset
394 1286 471 1307 cum
488 1276 536 1306 his
550 1275 715 1306 militibus
730 1276 887 1314 animosis,
904 1275 1030 1306 Groecia
1043 1277 1171 1316 prodita
1196 1286 1256 1307 non
1279 1276 1452 1316 aspexisset
1467 1278 1573 1307 tantas
1592 1275 1712 1306 clades:

857 1346 1092 1358 eeeeeeeeeeee

243 1404 288 1425 m.
306 1396 467 1434 piu—178
489 1393 605 1425 servire
621 1394 723 1424 Farn.
742 1393 863 1423 Petav.
877 1396 957 1422 tert.
977 1393 1059 1423 Exc.
1076 1392 1162 1423 Laeti
1179 1403 1224 1424 m.
1242 1402 1292 1434 pr.
1309 1391 1385 1423 cod.
1402 1392 1502 1423 Delr.
1529 1391 1639 1423 soerire
1656 1392 1709 1423 vel

242 1438 357 1468 sert-ire
374 1436 592 1468 mser—180
616 1439 758 1477 raptatus
775 1436 882 1466 Oisel.
900 1434 995 1465 Med.
1020 1439 1237 1475 quarn—181
1263 1437 1423 1466 AEtnoeum
1437 1436 1518 1465 Vat.
1535 1443 1606 1466 sec.
1622 1436 1710 1467 Exc.

245 1479 330 1511 cod.
347 1480 468 1510 Rhem.
501 1480 652 1510 AEtneum
669 1478 766 1510 Leid.
792 1478 968 1508 Enthneum
985 1478 1079 1509 Med.
1097 1488 1164 1508 sec.
1197 1478 1363 1509 aethereum
1387 1478 1470 1508 Vat.
1494 1482 1606 1518 quart.
1630 1478 1708 1509 Pal.

244 1523 340 1553 Rott.
358 1522 452 1553 Med.
475 1532 527 1562 pr.
554 1522 632 1553 Pat.
655 1522 790 1552 Tholos.
814 1530 900 1551 unus
919 1520 1041 1551 Heius.
1077 1521 1226 1551 OEtheum
1253 1522 1307 1551 vel
1333 1521 1499 1551 aethereum
1526 1519 1639 1551 Oxon.
1657 1530 1709 1560 pr.

242 1565 349 1596 radiat
364 1575 480 1596 omnes
497 1564 570 1595 fere
584 1564 718 1604 scripti,
732 1565 815 1595 Exc.
832 1563 974 1594 Gevart.
993 1563 1138 1594 Lucens.
1156 1574 1208 1604 pr.
1224 1563 1279 1594 ed.
1296 1563 1412 1594 Parni.
1431 1568 1466 1594 et
1481 1562 1594 1594 Vicet.
1629 1572 1711 1593 reso-

241 1610 299 1638 nat
315 1608 517 1648 vulg—182
540 1611 627 1638 sonat
644 1607 710 1638 duo
726 1608 805 1637 Vat.
819 1606 973 1636 Ambros.
991 1615 1057 1637 sec.
1074 1607 1170 1637 Leid.
1189 1616 1256 1638 sec.
1273 1607 1356 1637 Exc.
1375 1606 1517 1637 Gevart.
1547 1608 1634 1636 tonat
1653 1605 1709 1636 vel

242 1653 331 1681 sonat
349 1650 462 1681 Oxon.
477 1660 527 1690 pr.
544 1650 637 1680 Med.
651 1659 718 1680 sec.
733 1654 801 1680 tres
819 1650 940 1679 Petav.
965 1649 1070 1679 tremit
1093 1650 1143 1679 vel
1161 1652 1248 1680 tonat
1265 1650 1344 1679 Put.
1363 1648 1524 1679 Heinsius
1539 1647 1708 1688 ascripse-

243 1699 298 1724 rat
312 1692 426 1723 locum
442 1702 482 1724 11.
500 1693 543 1723 de
559 1693 663 1733 Rapt.
683 1693 844 1732 Proserp.
859 1694 932 1722 173.
951 1691 959 1707 ‘
977 1691 1099 1722 Sicula».
1114 1696 1255 1722 tonuere
1273 1691 1456 1722 cavernae!
1474 1695 1511 1721 ut
1527 1690 1575 1721 ibi
1592 1690 1707 1722 Oxou.

243 1746 296 1776 pr.
315 1740 351 1766 et
366 1737 465 1767 Voss.
483 1736 551 1767 vid.
570 1737 646 1767 Lib.
669 1744 725 1766 111.
751 1735 793 1765 de
819 1735 921 1774 Rapt.
939 1736 1121 1765 396.—183
1147 1735 1191 1765 Et
1207 1736 1321 1765 tumuit
1335 1734 1521 1764 Par—184
1546 1733 1629 1764 haud
1642 1734 1708 1765 ulla

243 1779 358 1816 Oxon,
375 1788 426 1819 pr.
449 1782 503 1809 aut
527 1780 595 1808 alta
623 1778 689 1808 duo
713 1779 792 1809 Vat.
813 1778 913 1808 Farn.
937 1776 1031 1806 Prie.
1052 1777 1150 1808 Rott.
1167 1777 1317 1808 Florent.
1344 1779 1497 1807 ant—aut
1515 1776 1613 1807 Leid.
1636 1785 1707 1808 see.

242 1821 361 1852 Barth.
399 1824 543 1852 vetarunt
574 1821 671 1852 Leid.
697 1830 764 1851 sec.
792 1819 886 1850 Med.
915 1823 1131 1859 quarn—185
1156 1830 1280 1860 oeqaora
1306 1829 1367 1859 pro
1386 1819 1489 1849 omnia
1511 1818 1610 1849 Leid.
1635 1828 1707 1851 sec.

241 1864 326 1896 Exc.
345 1864 596 1895 Gevart.—186
619 1863 656 1893 Si
679 1866 751 1893 tanc
780 1863 829 1893 lzis
857 1867 1002 1902 quatuor
1025 1863 1105 1893 Vat.
1132 1862 1206 1893 Pal.
1234 1863 1334 1892 Farn.
1357 1862 1449 1892 Pric.
1471 1861 1566 1892 Rott.
1595 1860 1706 1892 Oisel.

240 1907 325 1939 Exc.
343 1907 439 1937 Laeti.
475 1906 540 1937 His
555 1906 582 1936 si
597 1909 670 1936 lunc
685 1907 764 1936 Vat.
783 1905 892 1936 Livin.
933 1905 1021 1940 Quod
1043 1905 1069 1934 si
1094 1908 1166 1935 tunc
1189 1906 1268 1936 Vat.
1295 1914 1346 1945 pr.
1366 1904 1442 1935 Pat.
1460 1910 1495 1934 et
1509 1904 1634 1934 Moret.
1651 1913 1706 1944 pr.

241 1949 361 1980 Barth.
384 1950 511 1979 collecta
527 1949 653 1979 Thuan.
671 1949 751 1979 Var.
767 1949 834 1979 LL.
852 1947 904 1978 ed.
922 1947 1026 1978 Antv.
1043 1947 1180 1985 fuissent
1196 1948 1327 1978 Bonon.
1343 1947 1424 1978 Var.
1441 1946 1509 1977 LL.
1528 1946 1581 1977 ed.
1599 1945 1703 1977 Antv.

241 1995 348 2023 —187
372 1993 509 2022 audisset
527 1991 644 2022 Ambr.
660 2000 711 2030 pr.
739 1990 875 2028 fudisset
897 1990 1030 2021 Tholos.
1069 1992 1166 2020 cades
1188 1991 1267 2021 Vat.
1292 1999 1341 2029 pr.
1365 1994 1433 2020 vet.
1463 1989 1549 2028 Gyr.
1574 1989 1706 2020 Mazar-

240 2035 320 2066 Vat.
337 2035 447 2066 Livin.
465 2035 547 2064 Exe.
561 2034 707 2064 Lucens.
724 2043 791 2064 sec.
827 2033 936 2063 classes
950 2034 1030 2063 Vat.
1047 2038 1158 2073 quart.
1191 2033 1292 2062 clades
1309 2032 1361 2063 vel
1377 2033 1487 2062 classes
1501 2032 1580 2061 Vat.
1596 2031 1705 2071 quint.

239 2079 338 2108 coedes
354 2078 407 2107 vel
423 2078 525 2107 clades
540 2077 661 2107 Petav.
679 2078 866 2107 terh—188
889 2078 1002 2106 semoto
1029 2076 1081 2105 vel
1105 2075 1243 2106 submoto
1260 2080 1328 2106 tres
1342 2075 1423 2106 Vat.
1440 2073 1512 2105 Pal.
1529 2074 1625 2105 Rott.
1661 2073 1707 2104 vi-

237 2123 349 2159 gerent
373 2121 428 2150 vel
447 2119 589 2156 fuissent
618 2120 744 2150 Moret.
777 2129 827 2159 pr.
858 2118 1020 2149 Heinsius
1043 2118 1251 2158 conjiciebat
1277 2118 1423 2148 virerent.
1466 2115 1603 2154 fuissent
1627 2115 1703 2147 cod.

897 2189 1040 2220 NOTAE

239 2248 364 2279 vexilla
383 2247 548 2278 undantia
573 2247 787 2287 serpentibus
810 2247 844 2277 in
865 2257 942 2287 pur·
997 2246 1097 2277 forte.

240 2310 328 2341 pura
342 2299 501 2339 depictis,
1041 2301 1100 2328 181
1128 2297 1280 2338 OEtaeam]
1296 2297 1388 2333 OEta,
1405 2295 1504 2334 Ossa,
1520 2295 1705 2336 Olympus,

283 2352 344 2380 178
369 2350 485 2380 Coelnm
512 2349 634 2388 saevire]
664 2348 815 2387 Propter
834 2347 941 2387 agita·
995 2352 1074 2378 sunt
1090 2347 1231 2378 totidem
1247 2351 1380 2377 montes
1396 2345 1592 2376 Thessaliae.

240 2400 368 2431 tionem
386 2399 586 2429 vexillorum
604 2398 759 2438 depictos
778 2397 941 2428 dracones
1039 2400 1101 2428 186
1124 2397 1235 2438 Acies]
1267 2396 1303 2427 Si
1333 2395 1505 2427 exercitus
1530 2394 1701 2426 Barbaro-

239 2450 451 2489 habenthun,
467 2449 582 2480 videas
600 2449 721 2479 coelum
739 2448 873 2486 saevire,
886 2447 939 2477 vel
995 2456 1069 2476 rum
1088 2455 1239 2487 pugnare
1256 2455 1356 2476 ausus
1383 2444 1505 2475 fuisset
1530 2454 1606 2475 cum
1629 2445 1700 2476 ani-

238 2503 350 2543 potins
365 2502 486 2533 credas
503 2505 681 2541 serpentes
706 2499 861 2530 volantes
879 2508 940 2539 per
994 2496 1092 2526 mosis
1141 2495 1337 2526 Stilichonis
1386 2494 1563 2533 militibus,
1596 2494 1698 2526 urbes

238 2553 359 2583 coelum
375 2562 435 2583 seu
454 2562 514 2592 per
530 2551 640 2582 aerem
656 2549 788 2580 saevire.
995 2545 1142 2576 Graeciae
1156 2550 1300 2576 starent.

282 2604 344 2633 179
367 2601 570 2640 Thessaliam]
593 2599 738 2631 Gra’ciae
754 2598 938 2638 regionem,
1037 2599 1097 2627 187
1126 2596 1270 2636 Prodita]
1293 2595 1324 2626 A
1340 2593 1475 2633 Rufino,
1493 2593 1551 2635 qui
1570 2593 1699 2626 Barba-

237 2652 271 2682 in
284 2662 350 2693 qua
361 2658 494 2683 antrum
511 2657 585 2682 erat
602 2650 752 2682 Chironis
765 2649 941 2689 Centauri,
993 2657 1047 2678 ros
1063 2647 1097 2677 in
1114 2647 1284 2678 Graeciam
1300 2644 1498 2676 immiserat.

239 2703 296 2743 qui
314 2702 479 2734 edocebat
503 2702 685 2740 Achillem,
699 2706 814 2730 natum
830 2699 864 2730 iu
885 2708 940 2730 ea·
1037 2701 1099 2728 188
1125 2698 1250 2739 Oppida
1274 2694 1435 2736 Pelopeia]
1463 2694 1575 2726 Urbes
1595 2694 1696 2727 Pelo-

238 2750 316 2782 dem
327 2752 518 2793 Thessalia,
530 2751 572 2783 ad
589 2749 726 2783 fluvium
743 2749 938 2791 Sperchium
993 2748 1159 2791 ponnesi;
1190 2749 1263 2780 liaec
1290 2747 1339 2780 sic
1365 2745 1491 2778 dicitur
1516 2755 1538 2777 a
1563 2744 1696 2788 Pelope
