1842 3193
287 196 343 236 16
830 204 1198 237 PROLEGOMENA

283 297 467 351 ejusque
504 298 665 347 causis,
701 298 755 348 si,
786 310 885 351 quae
923 302 1023 339 ante
1063 298 1183 338 dicta
1219 300 1332 346 sunt,
1365 298 1578 339 memoria
1613 303 1746 349 tenes,

282 364 400 405 haud
430 368 495 405 est
528 364 735 406 difficilis.
795 365 957 405 Totum
991 369 1057 405 est
1090 365 1367 414 declamatio,
1406 378 1506 418 quae
1541 366 1748 407 carminis

283 433 471 484 speciem
493 434 711 472 assumsit.
773 431 919 485 Atque
950 432 1032 472 hoc
1065 433 1296 484 praecipue
1332 432 1430 472 inde
1463 435 1530 473 est
1562 432 1745 483 factum,

282 499 402 551 quod
423 500 499 540 illa
517 501 724 548 earmina,
742 513 796 539 ex
815 500 1087 540 orationibus
1105 499 1380 553 panegyricis
1402 503 1522 549 nata,
1540 503 1747 541 naturam

282 567 461 619 originis
483 581 574 608 suae
596 571 832 608 traxerunt.
895 567 1050 607 Sermo
1080 566 1195 606 enim
1225 566 1414 616 solutus,
1450 579 1632 607 numero
1664 579 1748 621 po-

281 632 396 674 e'tico
417 635 627 683 adhibito,
663 635 1064 688 comparationibus
1098 637 1141 674 et
1170 634 1437 685 imaginibus
1469 634 1663 674 erebrius
1683 634 1748 674 in-

281 699 439 752 ductis,
461 701 503 741 in
522 701 760 754 poeticum,
783 715 809 742 a
831 715 919 755 quo
942 706 1044 743 tunc
1080 702 1289 754 temporis
1320 702 1364 741 in
1396 701 1684 750 orationibus,
1707 701 1746 741 si

280 781 508 809 numerum
530 771 746 823 excipias,
779 770 895 811 haud
916 770 1100 810 multum
1129 769 1403 818 abhorrebat,
1436 772 1631 808 mutatus
1653 771 1745 819 est3

279 834 567 890 libertateque
589 842 795 887 assumta,
828 850 916 890 qua
945 837 990 877 in
1020 837 1150 877 rebus
1183 835 1453 889 exponendis
1486 833 1631 888 poetae
1663 834 1748 875 soli

279 903 343 943 uti
364 908 566 956 possunt,
598 904 771 957 species
793 905 969 957 quidem
994 904 1198 944 carminis
1228 907 1328 944 nata
1359 906 1438 951 est,
1478 902 1550 943 cui
1584 905 1746 952 tamen,

280 970 319 1011 si
341 971 461 1011 illius
481 974 679 1010 naturam
699 974 886 1023 spectes,
909 970 1158 1024 hujusmodi
1181 975 1479 1022 argumentum
1501 982 1661 1022 parum
1683 972 1748 1009 est

280 1037 675 1078 accommodatum.
737 1037 911 1077 Etenim
933 1037 1140 1077 carminis
1162 1037 1274 1076 ratio
1294 1037 1390 1077 haee
1413 1040 1495 1085 est,
1529 1041 1578 1077 ut
1605 1036 1748 1076 diver-

278 1116 343 1153 sa,
366 1116 465 1156 quae
487 1103 563 1142 illo
585 1103 900 1151 contineantur,
933 1105 1073 1142 totum
1107 1102 1287 1154 aliquod
1320 1104 1555 1143 conficiant
1584 1104 1629 1143 in
1660 1115 1743 1144 suo

279 1182 430 1223 genere
460 1168 699 1221 perfectum
734 1171 867 1222 atque
900 1167 1170 1216 absolutum,
1204 1167 1333 1221 eujus
1366 1169 1444 1208 illa
1480 1174 1631 1222 partes
1661 1170 1751 1210 sint

280 1241 407 1290 atque
440 1236 648 1284 membra,
683 1247 869 1287 quorum
898 1235 1065 1274 nullum
1099 1234 1224 1274 salva
1258 1236 1582 1288 conspiratione
1616 1237 1750 1277 totius

278 1303 418 1358 possit
438 1302 605 1342 deesse.
667 1301 754 1342 Illa
785 1305 929 1342 autem
950 1315 1092 1342 rerum
1123 1303 1328 1351 varietas,
1364 1316 1464 1355 quae
1492 1303 1749 1356 hujusmodi

280 1370 471 1411 carmine
493 1368 828 1421 complectenda
847 1373 925 1418 est,
954 1369 1037 1410 hoe
1060 1383 1142 1409 uno
1164 1369 1364 1419 cohaeret,
1386 1370 1504 1423 quod
1527 1370 1584 1411 ad
1611 1383 1748 1411 unum

280 1440 467 1491 spectat,
489 1449 566 1476 seu
591 1435 647 1476 ad
667 1435 823 1476 laudes
843 1436 971 1476 unius
992 1436 1193 1489 pertinet.
1255 1436 1399 1477 Etiam
1432 1436 1519 1486 ille,
1554 1438 1629 1489 qui
1649 1437 1747 1477 lau-

281 1504 370 1553 dat,
401 1503 567 1544 nullum
596 1502 728 1544 habet
756 1504 800 1543 in
830 1503 956 1542 rebus
993 1503 1266 1543 celebrandis
1293 1502 1479 1543 liberum
1509 1502 1745 1554 delectum,

279 1586 420 1626 neque
456 1572 689 1626 quiequam
721 1571 776 1612 ad
801 1571 1031 1611 consilium
1055 1584 1179 1611 suum
1201 1571 1344 1611 minus
1366 1571 1747 1613 accommodatum

279 1639 373 1680 sine
394 1640 631 1680 offensione
650 1642 796 1693 potest
815 1639 1067 1692 relinquere,
1090 1639 1334 1692 praesertim
1366 1639 1408 1678 in
1430 1652 1572 1679 rerum
1604 1642 1748 1692 gesta-

278 1721 373 1748 rum
394 1707 562 1761 inopia,
595 1710 651 1756 et,
686 1707 855 1748 etiamsi
876 1707 960 1747 hoc
997 1707 1155 1760 possit,
1179 1711 1322 1747 tamen
1352 1720 1440 1746 non
1473 1719 1646 1760 semper
1677 1719 1745 1747 res

279 1775 348 1816 vel
367 1788 446 1828 per
467 1788 513 1815 se
543 1776 615 1815 vel
648 1788 707 1816 ex
737 1775 962 1816 hominum
984 1787 1117 1815 sensu
1139 1779 1181 1815 et
1209 1774 1524 1814 consuetudine
1556 1773 1748 1814 maxime

279 1842 602 1892 memorabiles,
643 1856 707 1884 eae
750 1856 925 1896 quoque
963 1846 1076 1892 sunt,
1119 1856 1218 1896 quae
1258 1841 1481 1895 poeticam
1529 1841 1747 1882 tractandi

277 1910 491 1950 rationem
512 1910 717 1950 facillime
739 1909 981 1950 admittant.
1043 1909 1183 1949 Simul
1215 1913 1393 1961 cogetur
1417 1908 1580 1961 saepius
1609 1907 1748 1960 potita

277 1976 410 2027 illius,
433 1991 563 2030 quem
584 1976 751 2025 laudat,
782 1977 1156 2017 existimationem
1190 1975 1411 2029 cogitandi
1444 1974 1746 2028 sentiendique

276 2044 489 2084 rationem
525 2044 665 2096 sequi,
699 2056 832 2096 quam
867 2043 930 2083 rei
962 2048 1162 2084 naturam
1194 2048 1236 2084 et
1269 2043 1491 2091 carminis,
1523 2043 1586 2082 ita
1613 2044 1662 2082 ut
1691 2042 1747 2082 iis
1790 2048 1793 2049 ’

275 2111 551 2163 potissimum
591 2114 751 2159 utatur,
791 2111 948 2162 quibus
989 2111 1060 2151 ille
1098 2111 1289 2151 maxime
1329 2109 1555 2162 superbire
1594 2109 1746 2150 soleat.

279 2175 422 2216 Po'eta
452 2188 600 2228 porro,
630 2176 716 2214 nisi
748 2176 1047 2226 magnitudine
1076 2189 1217 2216 rerum
1249 2181 1292 2215 et
1323 2174 1612 2226 amplitudine
1648 2175 1747 2228 ipse

277 2243 518 2291 incaluerit,
548 2242 716 2281 animos
743 2254 904 2290 eorum,
935 2255 963 2281 a
983 2242 1142 2294 quibus
1174 2242 1241 2282 vel
1271 2241 1445 2281 auditur
1474 2241 1544 2281 vel
1576 2241 1745 2294 legitur,

276 2323 364 2351 non
394 2312 539 2363 potest
559 2308 811 2349 accendere.
875 2307 963 2349 Sed
992 2308 1096 2362 quid
1119 2322 1216 2349 esse
1237 2312 1407 2361 poterat
1424 2308 1469 2348 in
1491 2321 1643 2361 puero,
1663 2308 1746 2350 vix

278 2377 513 2418 duodecim
533 2389 671 2417 annos
691 2380 810 2425 nato,
831 2389 1092 2429 magnopere
1122 2375 1408 2424 laudandum,
1441 2389 1541 2428 quae
1562 2376 1744 2417 virtutes

279 2444 531 2486 Stilichonis
567 2444 614 2484 in
645 2443 976 2484 admirationem
1008 2445 1077 2484 sui
1108 2456 1275 2497 rapere,
1308 2456 1407 2483 cum
1441 2443 1548 2482 nihil
1579 2456 1744 2492 eorum,

278 2525 379 2566 quae
400 2511 577 2561 faceret,
608 2511 664 2552 ad
695 2511 920 2565 publicam
951 2511 1195 2559 utilitatem,
1215 2511 1319 2550 nihil
1339 2524 1425 2551 non
1446 2510 1501 2550 ad
1523 2523 1604 2550 sua
1624 2522 1745 2550 com-

275 2579 409 2620 moda
428 2579 637 2620 referret?
699 2578 752 2619 Id
787 2578 915 2631 igitur
949 2577 1086 2618 solum
1120 2578 1311 2618 restabat
1342 2576 1504 2630 po'etae,
1537 2582 1582 2616 ut
1609 2577 1745 2617 animi

277 2649 441 2696 motus,
478 2648 635 2701 quibus
670 2647 767 2700 ipse
804 2646 994 2696 carebat,
1028 2649 1118 2686 arte
1158 2644 1396 2685 simularet.
1459 2643 1562 2684 Non
1595 2647 1745 2696 potest

278 2716 421 2754 autem
443 2714 552 2765 fieri,
584 2718 633 2756 ut
658 2715 801 2756 omnis
836 2714 943 2756 artis
980 2714 1217 2755 ostentatio
1260 2725 1339 2753 eos
1373 2724 1528 2753 sensus
1561 2711 1743 2761 excitet,
