1857 3177
495 230 558 260 DE
590 230 738 260 NUP‘r.
770 229 956 260 HoNoR.
990 229 1050 259 ET
1084 230 1206 259 MAR.
1492 219 1577 261 313

124 325 281 367 Invius
301 324 492 366 humano
513 338 682 377 gressu,
704 324 997 377 Phariumque
1019 324 1162 366 cubile
1520 327 1579 366 50

125 392 332 442 Proteos,
348 398 392 432 et
407 398 573 445 septem
596 392 828 444 despectat
849 404 1010 432 cornua
1032 391 1145 431 Nili.

125 459 258 500 Hunc
279 471 420 511 neque
436 464 640 499 canentes
661 458 824 499 audent
846 460 1003 498 vestire
1026 459 1195 511 pruinae
1213 471 1224 507 ;

124 525 258 566 Hunc
279 527 394 566 venti
419 526 596 578 pulsare
620 527 787 573 tinient,
810 525 919 564 hune
940 524 1097 564 laedere
1119 525 1270 564 nimbi.

124 593 336 634 Luxuriae
359 593 612 647 Venerique
634 597 776 632 vacat.
837 590 946 630 Pars
969 592 1111 632 acrior
1133 593 1237 632 anni

123 659 308 701 Exulat:
341 663 487 702 aeterni
508 666 628 714 patet
654 659 928 709 indulgentia
945 659 1074 699 veris,
1522 669 1580 699 oo

122 727 174 768 In
193 741 400 781 campum
423 741 469 768 se
488 728 628 768 fundit
650 740 791 783 apex:
822 727 935 766 huuc
958 738 1090 766 aurea
1111 738 1236 778 sepes

120 793 303 845 Circuit,
325 801 368 835 et
388 796 508 835 fulvo
531 795 731 834 defendit
752 797 874 846 prata
894 793 1088 833 metallo.

123 861 357 910 Mulciber,
378 865 427 902 ut
446 861 686 914 perhibent,
707 860 774 900 his
806 860 961 900 oscula
978 859 1183 913 conjugis
1208 859 1313 899 emit

123 927 365 977 Moenibus,
385 931 427 968 et
440 927 549 968 tales
569 927 756 967 uxorius
779 926 937 967 obtulit
959 939 1096 966 arces.

119 1065 290 1095 inaccessus
307 1064 433 1104 pedibus
449 1064 615 1103 hominum,
630 1064 761 1104 despicit
777 1064 886 1094 lectum
898 1064 1084 1104 AEgyptinm
1104 1063 1222 1101 Protei,
1235 1065 1263 1093 et
1278 1065 1394 1103 septem
1406 1063 1483 1093 ostia
1503 1062 1582 1094 Nili.

120 1106 246 1138 Glacies
261 1107 338 1137 albae
355 1117 413 1137 non
424 1108 535 1137 audent
545 1110 650 1142 texere
659 1107 738 1137 hunc
755 1112 902 1136 montem
916 1117 923 1143 ς
941 1106 1024 1136 venti
1038 1109 1178 1136 metuunt
1189 1106 1269 1135 hanc
1280 1108 1450 1144 percutere.
1476 1105 1583 1136 Nubes

119 1155 277 1181 metuunt
293 1148 448 1189 offendere
475 1149 572 1179 hunc.-
596 1149 648 1178 hic
665 1149 761 1179 sem-it
778 1149 927 1188 voluptati
959 1152 988 1178 et
1009 1148 1132 1178 Veneri.
1159 1149 1238 1177 Pars
1260 1148 1422 1177 violentior
1443 1147 1516 1177 anni
1529 1156 1582 1177 ex-

115 1192 256 1232 pellitur.
303 1192 473 1222 Clementia
502 1191 582 1222 reris
607 1192 748 1231 perpetui
771 1191 921 1231 aperitur.
972 1190 1087 1221 Vertex
1109 1191 1232 1220 montis
1259 1190 1398 1220 extendit
1413 1198 1444 1219 se
1461 1191 1492 1219 in
1513 1190 1580 1229 pla·

118 1235 238 1265 nitiem.
283 1235 407 1265 Aurata
431 1243 516 1274 sepes
547 1234 647 1272 cingit
672 1234 762 1271 hanc,
777 1237 806 1263 et
833 1236 939 1263 tuetur
960 1236 1051 1271 prata
1069 1233 1190 1262 metallo
1203 1232 1303 1269 salz-0.
1355 1232 1516 1269 Vulcanus,
1545 1234 1580 1261 ut

119 1277 220 1316 aiunt,
237 1279 310 1308 emit
341 1277 427 1307 basia
450 1277 555 1306 uxoris
582 1285 651 1306 suae
677 1276 725 1306 liis
749 1277 857 1314 muris,
880 1275 1000 1315 etipse
1015 1276 1145 1305 uxorius
1167 1275 1251 1305 dedit
1267 1275 1343 1304 tales
1370 1278 1483 1305 turres.
1528 1273 1580 1303 In-

739 1378 973 1389 eeeeeeeeeeee

121 1467 187 1498 LL.
205 1466 258 1497 ed.
277 1465 378 1497 Autv.
404 1466 540 1497 abundat
570 1467 622 1496 vel
649 1465 809 1496 obumbrat
843 1466 956 1496 Oxou.
982 1468 1135 1495 sec.———50
1150 1474 1259 1501 gressa
1275 1465 1328 1494 vel
1355 1464 1477 1502 gressui
1496 1464 1580 1503 Reg.

116 1509 225 1549 generi
237 1510 316 1539 Vat.
331 1509 400 1539 Liv.
425 1518 534 1547 gressa
552 1509 604 1538 vel
616 1509 725 1547 generi
742 1509 819 1539 Vat.
844 1518 893 1548 pr.
914 1508 1084 1547 Phariique
1102 1508 1274 1538 Pria—51
1294 1508 1473 1545 despectans
1488 1506 1579 1537 Med.

122 1556 233 1590 quart.
249 1552 424 1590 despectant
440 1552 520 1582 Vat.
543 1557 652 1591 quart.
671 1551 769 1581 Farn.
798 1551 890 1581 Rott.
912 1552 1067 1590 despectat
1086 1550 1233 1580 Floreut.
1259 1549 1325 1579 duo
1343 1549 1436 1579 Med.
1453 1549 1582 1579 Mazar.

121 1595 201 1624 Vat.
219 1594 327 1624 Liviu.
344 1594 423 1625 Jun.
448 1604 497 1634 pr.
522 1593 615 1623 Leid.
635 1603 684 1632 pr.
708 1594 790 1624 Ew.
815 1593 955 1623 Luceus.
977 1602 1044 1623 sec.
1060 1602 1174 1622 cornua
1191 1592 1244 1621 vel
1260 1591 1361 1621 hostia
1380 1590 1496 1621 Ambr.
1513 1599 1582 1620 see.

121 1639 205 1667 —52
230 1636 324 1666 Hunc
348 1646 443 1675 neque
468 1639 610 1666 canentes
635 1636 717 1666 Exc.
744 1636 842 1666 Laen.
872 1636 950 1665 Yat.
979 1645 1028 1674 pr.
1052 1645 1093 1664 m.
1125 1644 1174 1674 pr.
1200 1634 1290 1664 Prie.
1308 1633 1414 1664 Oisel.
1442 1633 1584 1663 cadentes

120 1679 199 1710 Vat.
223 1678 329 1719 quint.
345 1680 507 1708 candentes
519 1683 553 1708 et
570 1677 703 1708 emend.
719 1681 862 1708 canentes
880 1678 960 1708 Lov.
975 1678 1126 1707 caedentes
1140 1677 1222 1706 Exc.
1238 1676 1384 1706 Luceus.
1399 1685 1465 1706 sec.
1479 1685 1583 1715 appo-

120 1722 186 1752 sito
214 1725 250 1761 -ξ-
270 1721 381 1760 siguo,
407 1727 443 1750 nt
459 1725 608 1757 notetur,
625 1726 778 1750 veterem
806 1720 989 1750 lectionem
1007 1730 1081 1750 esse
1109 1719 1161 1749 vel
1179 1728 1309 1749 erasam
1327 1718 1379 1749 vel
1396 1718 1583 1756 interpola-

121 1770 202 1795 tam.
219 1766 357 1803 spectare
373 1764 424 1794 vel
439 1773 563 1802 sperare
580 1772 641 1803 pro
660 1763 774 1793 vestire
789 1763 868 1794 Jun.
885 1765 1024 1801 pr.——-53
1047 1762 1170 1792 nimbus
1185 1761 1311 1791 Moret.
1331 1763 1466 1800 pr.—5t
1488 1760 1582 1791 Vene-

119 1807 205 1847 rique
222 1807 303 1837 Exc.
320 1806 421 1836 Laeti.
444 1806 601 1846 ventrique
618 1806 684 1835 inc.
702 1805 820 1835 Heius.
838 1806 957 1835 Petav.
975 1814 1024 1844 pr.
1043 1805 1160 1834 Arnbr.
1179 1808 1258 1834 tert.
1286 1803 1398 1833 Oxou.
1415 1812 1482 1833 sec.
1499 1801 1582 1833 cod.

120 1849 238 1889 Epigr.
255 1847 374 1879 Ambr.
392 1849 474 1879 Exc.
491 1848 634 1878 Gevart.
651 1848 704 1878 ed.
730 1847 844 1877 Vicet.
860 1848 1019 1885 ventrique
1035 1847 1088 1876 vel
1120 1846 1290 1884 Venerique
1304 1845 1387 1885 Reg.
1405 1845 1516 1875 Oxou.
1532 1854 1591 1883 pr:

121 1891 249 1923 Moret.
265 1901 331 1922 sec.
347 1891 413 1921 duo
432 1890 641 1921 Petav.——56
657 1889 768 1927 fundit
788 1890 870 1919 Exc.
889 1889 986 1918 Laeli.
1001 1888 1090 1924 fudit
1116 1888 1215 1918 Farn.
1231 1888 1350 1917 Petav.
1380 1895 1446 1917 sec.
1464 1886 1582 1916 Ambr.

121 1939 201 1965 tert.
219 1934 302 1965 Lov.
327 1934 410 1964 Exc.
433 1933 575 1963 Gevart.
592 1932 644 1963 ed.
672 1932 785 1962 Vicet.
807 1932 923 1961 desidit
940 1931 991 1960 vel
1007 1941 1039 1961 se
1054 1931 1166 1968 fundit
1182 1930 1300 1961 Ambr.
1324 1938 1392 1959 see.
1409 1929 1466 1958 hnc
1488 1937 1582 1958 aurea

121 1976 215 2007 Med.
233 1978 398 2006 tert—57
413 1975 501 2014 flat-a
519 1975 665 2014 plurima
680 1983 756 2013 pars
774 1973 881 2004 codd.
907 1974 988 2003 Exc.
1003 1974 1132 2003 Schott.
1151 1972 1293 2002 Gevart.
1317 1976 1352 2001 et
1370 1972 1512 2001 anens.
1531 1979 1581 2009 pr.

121 2017 243 2049 Sched.
258 2017 348 2048 Gud.
364 2018 444 2047 var.
462 2017 531 2047 LL.
554 2016 616 2046 ed.
636 2017 736 2047 Antv.
765 2016 846 2046 item
872 2015 983 2045 Oxou.
1000 2015 1092 2045 Leid.
1111 2015 1281 2044 Lovau.et
1297 2013 1350 2043 ed.
1368 2014 1480 2044 Vicet.
1505 2021 1583 2042 rura

120 2060 213 2092 Med.
228 2062 382 2091 sem-58
400 2058 549 2096 Mulcifer
564 2059 689 2089 Mazar.
707 2058 819 2088 Oxou.
836 2067 886 2098 pr.
905 2068 947 2088 ni.
964 2060 1119 2088 seta—50
1135 2060 1218 2087 artes
1233 2065 1293 2096 pro
1308 2066 1392 2086 arces
1407 2055 1479 2086 Pal.
1492 2063 1583 2085 aures

781 2162 925 2193 NOTAE

122 2261 157 2293 id
175 2265 240 2299 est,
257 2270 324 2302 qua
347 2260 482 2300 Cyprus
509 2259 651 2298 respicit
667 2268 758 2289 mare
777 2258 828 2287 10-
883 2258 973 2288 neris
1011 2258 1137 2288 nullam
1175 2258 1342 2297 hyemem,
1376 2265 1436 2288 ver
1465 2265 1585 2297 perpe·

122 2312 228 2350 nium,
244 2310 333 2351 quod
362 2310 403 2340 ad
429 2310 612 2350 AEgyptum
639 2319 744 2350 usque
772 2319 840 2339 ex-.
882 2313 975 2339 tuum
1013 2308 1143 2339 tribuit.
1183 2308 1269 2338 Haec
1306 2307 1394 2337 enini
1431 2308 1508 2337 Dea
1531 2313 1585 2338 est

125 2362 289 2393 tenditur.
881 2359 1089 2398 serenitatis,
1104 2359 1297 2397 risuumque
1312 2361 1347 2386 et
1365 2356 1562 2395 voluptatis.

166 2415 207 2443 50
231 2410 456 2451 Phariumque]
478 2410 519 2440 Id
536 2414 598 2449 est,
619 2409 827 2450 AEgyptium,
924 2414 963 2440 55
989 2409 1100 2448 Patet]
1146 2408 1321 2447 Aperitur,
1376 2407 1582 2446 porrigitur:

123 2473 144 2495 a
170 2465 284 2495 Pharo
308 2474 413 2504 parva
437 2464 517 2493 olim
543 2463 613 2493 Nili
639 2463 758 2499 insula,
783 2462 824 2491 ad
881 2460 993 2491 omnia
1009 2460 1133 2500 quippe
1166 2467 1266 2488 verno
1297 2462 1449 2497 tempore
1476 2457 1583 2498 expli-

124 2525 224 2556 quam
254 2516 401 2546 Proteus
427 2515 482 2545 ille
507 2514 690 2545 formarum
723 2519 827 2544 muta·
881 2516 1014 2545 cantur,
1033 2509 1244 2549 aperiuntur.

126 2565 217 2597 tione
234 2566 375 2605 insignis
392 2565 596 2596 stabulabat.
923 2565 964 2591 58
990 2558 1156 2597 Mulciber]
1189 2557 1360 2587 Vulcanus
1376 2555 1485 2586 onmia
1504 2565 1583 2596 ope-

167 2618 207 2645 51
232 2614 356 2656 Septem
391 2616 518 2655 cornua]
561 2614 702 2654 Septem
740 2614 827 2644 ostia
883 2621 919 2642 ra
949 2611 1154 2651 insignia,et
1182 2608 1354 2646 ‹lui-atara,
1378 2605 1493 2636 facere
1522 2605 1582 2636 fin.

127 2664 211 2703 Nili,
247 2666 302 2705 qui
341 2664 420 2696 inde
458 2664 584 2696 dicitur
614 2674 633 2694 a
670 2664 828 2704 Virgilio,
881 2663 981 2702 gitur.

125 2715 135 2732 ‘
153 2715 472 2755 septemgeminus:
924 2714 966 2742 59
994 2708 1144 2749 Uxorius]
1189 2706 1256 2740 Qui
1297 2706 1396 2737 uxori
1442 2706 1580 2746 placere

168 2766 209 2795 53
239 2764 332 2796 Venti
343 2765 468 2806 pulsare
483 2764 609 2805 timent]
633 2764 744 2796 Monti
760 2765 827 2796 Ve-
883 2761 999 2802 gestit.
