1852 3193
240 219 324 262 2186
713 228 785 259 ct..
819 225 1102 257 cLAUmANr
1138 225 1288 256 xvm.

240 324 425 378 Flagitet
446 322 696 376 Eutropius,
717 334 772 361 ne
794 319 898 373 quid
918 332 1007 360 non
1027 320 1197 374 polluat
1215 333 1329 361 nnus
1350 333 1360 371 3
1612 318 1700 360 285

240 393 347 433 Dux
366 394 498 441 acies,
515 390 658 444 judex
682 388 903 442 praetoria,
927 392 1120 440 tempora
1143 386 1322 427 Consul.

237 460 316 501 Nil
338 460 445 500 adeo
467 459 634 499 foedum
655 461 734 507 est,
758 455 875 509 quod
895 469 981 495 non
1004 459 1160 495 exacta
1183 459 1388 495 vetustas

238 527 452 575 Ediderit,
474 526 679 579 longique
699 525 824 565 labor
845 523 1113 564 commiserit
1139 523 1241 563 aevi.

239 593 489 647 OEdipodes
510 596 704 642 matrem,
727 595 874 632 natam
896 590 1079 630 duxisse
1102 589 1314 642 Thyestes

239 660 500 701 cantantur:
524 660 696 713 peperit
713 658 864 699 fratres
884 658 913 698 J
919 661 1074 698 ocasta
1095 657 1267 705 marito,

240 728 296 769 Et
317 728 513 780 Pelopea
531 727 629 767 sibi.
688 726 863 766 Thebas
887 738 938 766 ac
960 725 1113 765 funera
1133 724 1282 778 Trojae

237 794 653 837 Tristis'Erechthei
675 794 872 846 deploret
894 805 1028 832 scena
1050 791 1220 832 theatri.

237 917 350 957 nequid
375 926 431 946 non
459 916 538 945 solus
563 914 760 953 contaminet,
782 914 903 943 Ductor
929 913 1094 950 arev-citus,
1120 913 1228 942 Judex
1257 911 1405 942 Senatum
1429 910 1570 950 polluat,
1590 908 1705 940 Consul

238 969 362 990 annum.
408 958 500 987 Nihil
529 959 594 986 tam
623 960 712 995 turpe
742 958 798 993 est,
820 955 900 994 quod
916 954 1089 993 antiquitas
1105 954 1266 993 proeterita
1282 964 1340 983 mm
1353 953 1552 992 produxerit,
1568 951 1702 992 ecquod

238 1011 305 1031 nou
318 1000 413 1030 series
427 1000 526 1037 longa>
540 999 645 1028 oetatis
660 997 833 1027 admiserit.
883 996 1018 1035 OEdipus
1044 1000 1232 1026 memoratur
1257 995 1381 1025 auxisse
1397 999 1538 1033 matrem,
1557 995 1705 1035 Thyestes

229 1044 358 1085 filiam;
389 1043 518 1072 Jocasta
528 1041 640 1079 genuit
648 1039 772 1075 fratres
786 1038 909 1077 conjugi
921 1048 980 1068 suo
999 1038 1138 1076 OEdim,
1161 1041 1190 1068 et
1210 1038 1339 1076 Pelopea
1354 1037 1422 1067 sibi.
1469 1037 1566 1067 Scena
1580 1037 1705 1067 misera-

239 1085 310 1116 bilis
323 1084 439 1115 theatri
453 1083 653 1114 Atheniensis
669 1083 756 1122 luget
775 1081 904 1120 Thebas,
925 1084 955 1111 et
975 1080 1051 1118 fata
1070 1080 1184 1119 Trojae.
1230 1081 1340 1110 Tereus
1356 1078 1596 1117 transformatus
1610 1079 1704 1110 estin

852 1155 1085 1167 eeeeeeeeeee

239 1213 376 1244 ciliante
406 1212 510 1243 seni?
535 1212 601 1244 vid.
618 1212 759 1243 Salmas.
777 1211 819 1242 ad
839 1211 930 1243 Hist.
948 1211 1035 1252 Aug.
1064 1221 1095 1251 p.
1124 1212 1307 1241 nso—285
1334 1208 1479 1247 Flagitac
1494 1207 1574 1238 Vat.
1591 1215 1642 1247 pr.
1660 1215 1704 1237 m.

241 1266 308 1288 sec.
325 1256 416 1287 Prie.
443 1257 527 1286 Exc.
555 1256 654 1286 Laeti.
691 1255 836 1294 Flagitet
862 1255 957 1286 Leid.
990 1264 1042 1294 pr.
1071 1254 1151 1286 Jnn.
1178 1262 1229 1292 pr.
1248 1253 1313 1283 duo
1331 1251 1443 1282 Oxon.
1460 1251 1587 1281 More-t.
1603 1258 1653 1289 pr.
1669 1252 1706 1279 et

240 1309 306 1330 sec.
320 1309 363 1330 m.
380 1308 446 1329 sec.
465 1299 692 1336 Reg.⁷1'h11an.
721 1299 851 1329 Mazar.
866 1302 936 1328 tres
954 1298 1077 1328 Petav.
1096 1297 1175 1327 Put.
1193 1301 1339 1336 quatuor
1352 1294 1447 1324 Med.
1466 1294 1551 1324 Exc.
1564 1293 1706 1323 anens.

240 1351 307 1373 sec.
345 1342 494 1381 numquid
526 1341 621 1371 Med.
651 1345 730 1372 tert.
769 1351 806 1371 ne
828 1341 883 1371 vel
909 1351 969 1371 non
1000 1341 1084 1371 Exc.
1121 1339 1327 1369 Laeti.-·287
1344 1337 1465 1376 foedam
1484 1335 1600 1366 Ambr.
1625 1339 1705 1365 tert.

232 1385 354 1422 foedum
380 1388 424 1414 est
442 1385 699 1425 quatuorVatt.
718 1384 793 1414 Pal.
821 1384 922 1414 Farn.
950 1384 1044 1415 Rott.
1077 1382 1182 1413 Oisel.
1217 1381 1298 1411 Exc.
1328 1380 1426 1411 Lteti.
1463 1378 1613 1409 exlwusta
1639 1377 1705 1408 duo

242 1426 334 1458 Med.
372 1428 513 1457 voluutas
538 1427 633 1458 Med.
648 1430 837 1458 terh—288
862 1426 1016 1457 Ediderat
1032 1426 1165 1457 TholOS.
1200 1433 1314 1454 memor
1328 1433 1389 1463 pro
1406 1421 1491 1453 labor
1508 1422 1584 1452 Vat.
1599 1419 1706 1459 quint.

241 1470 336 1501 Med.
353 1479 421 1501 sec.
438 1479 480 1501 rn.
498 1479 549 1510 pr.
588 1471 662 1501 anni
678 1470 807 1500 Tliuan.
832 1468 945 1500 Oxon.
972 1471 1131 1509 pin—289
1158 1468 1337 1507 OEdopodas
1362 1466 1566 1496 Fara—290
1593 1463 1709 1493 Canta-

238 1516 291 1542 tm·
308 1517 451 1553 quatuor
469 1513 563 1543 Vatt.
583 1514 657 1544 Pal.
675 1513 773 1543 Farn.
791 1512 882 1543 Prie.
900 1513 994 1543 Rott.
1021 1512 1105 1542 Exc.
1125 1510 1221 1541 Laeti.
1262 1510 1438 1540 Cantantur
1452 1507 1558 1539 Oisel.
1576 1506 1708 1536 Bonon-

239 1556 370 1586 Tholos.
394 1555 493 1586 Leid.
515 1565 581 1586 sec.
606 1556 717 1587 Oxon.
748 1565 816 1586 sec.
841 1556 907 1585 dno
937 1554 1054 1585 Ambr.
1079 1559 1150 1585 tres
1178 1553 1298 1583 Petav.
1323 1553 1407 1582 Exc.
1434 1551 1579 1581 Lucens.
1596 1557 1708 1579 sec.—

239 1601 299 1628 291
329 1598 448 1629 Thebas
467 1599 598 1629 Mazar.
618 1598 684 1629 inc.
702 1598 820 1629 Heius.
851 1598 974 1635 fratres
991 1607 1051 1638 pro
1072 1596 1189 1628 Thebas
1202 1596 1278 1626 Pat.
1317 1594 1397 1625 labes
1411 1593 1476 1624 duo
1493 1591 1611 1623 Leidd.
1629 1599 1705 1621 cum

240 1640 360 1680 viginti
377 1645 522 1680 quatuor
547 1641 631 1679 aliis,
654 1642 737 1671 Exc.
765 1640 864 1677 Laeti,
881 1641 1023 1671 Gevart.
1040 1641 1263 1670 L11cens.sec.
1279 1637 1402 1668 Sched.
1417 1635 1506 1666 Gud.
1524 1635 1576 1665 ed.
1593 1634 1707 1664 Parm.

240 1686 276 1713 et
292 1682 405 1713 Vicet.
421 1683 500 1713 Var.
519 1684 586 1713 LL.
613 1683 667 1712 ed.
687 1683 790 1713 Antv.
832 1683 930 1720 Trojoe
953 1683 1006 1713 vel
1033 1682 1149 1712 Thebas
1167 1681 1288 1710 Petav.
1304 1685 1383 1710 tert.
1422 1678 1543 1709 Thebas
1557 1677 1608 1706 vel
1624 1675 1707 1706 labes

239 1725 319 1756 Vat.
335 1735 386 1765 pr.
403 1725 495 1755 Med.
513 1734 577 1755 sec.
596 1724 674 1755 Put.
714 1724 832 1754 Thebas
862 1724 915 1753 vel
943 1725 1042 1753 toedas
1072 1724 1222 1753 Florent.
1260 1722 1375 1751 Thebes
1402 1721 1490 1759 conj.
1516 1719 1634 1751 Heius.
1671 1728 1707 1748 ae

235 1767 353 1805 funera
380 1767 459 1797 Vat.
488 1771 567 1797 tert.
589 1767 672 1797 Exc.
689 1767 787 1797 Laeti.
826 1769 856 1796 et
865 1765 983 1803 funera
1000 1766 1094 1796 Rott.
1111 1765 1238 1794 Mazar.
1253 1764 1365 1794 Oxon.
1384 1764 1546 1802 pr.—292
1576 1761 1707 1792 Erictoei

906 1849 1045 1880 NOTAE

999 1924 1058 1955 des
1071 1924 1257 1955 tumebant.
1269 1923 1324 1955 Ab
1338 1923 1402 1954 alio
1414 1927 1551 1963 pastore
1563 1921 1706 1962 suscipi-

999 1980 1067 2013 tur,
1084 1979 1119 2005 et
1137 1974 1270 2005 delatus
1295 1973 1337 2004 ad
1363 1972 1501 2014 Polybii
1517 1971 1709 2003 Corinthio-

289 1926 602 1967 Annum...tempora]
633 1926 783 1967 Flagitat
808 1935 944 1965 annum,

240 1977 274 2008 id
298 1982 363 2017 est,
384 1987 504 2007 munus
530 1976 690 2014 consulis,
715 1976 772 2017 qui
789 1975 943 2007 dominus

240 2033 294 2060 est
331 2028 436 2067 anni;
465 2027 525 2058 sed
554 2028 641 2058 lmuc
667 2027 788 2067 polluit
820 2027 942 2057 Eutro-

239 2078 326 2118 pius,
352 2077 519 2118 simulque
558 2082 727 2117 tempora,
773 2087 848 2118 quae
887 2077 943 2108 (le-

999 2036 1072 2056 rum
1088 2026 1189 2066 Regis
1206 2034 1360 2063 uxorem,
1375 2023 1494 2054 alitur:
1525 2021 1580 2052 hic
1606 2031 1708 2061 gran-

999 2076 1072 2107 dior
1100 2075 1211 2107 factus
1243 2080 1375 2116 patrem
1406 2072 1584 2114 perquirit,
1609 2076 1646 2102 et
1671 2071 1705 2102 in

240 2127 340 2159 decet
357 2127 398 2157 ab
416 2128 570 2158 eunucho
589 2127 783 2166 gubernari.

283 2180 345 2208 287
371 2177 511 2216 Exacta]
547 2177 724 2208 Hactenus
744 2182 834 2215 acta,
858 2186 943 2217 prae-

240 2227 344 2259 terita
360 2232 524 2257 vetustas,

282 2280 346 2309 288
371 2276 582 2316 Commz'serit]
619 2277 724 2307 Velut
740 2277 866 2307 crimen
885 2277 943 2307 ali-

240 2329 352 2371 quod:
378 2332 564 2358 monstrum
578 2327 679 2365 enim,
700 2332 831 2357 naturae
850 2329 942 2358 Deo-

240 2389 383 2421 rumque
401 2379 528 2410 crimen
555 2383 591 2408 et
618 2377 779 2417 dedecus,
794 2378 943 2417 appella-

242 2430 338 2462 bant.

281 2482 346 2510 289
372 2478 557 2519 OEclz'podes]
591 2477 692 2509 Laius
716 2477 790 2508 Rex
813 2476 943 2507 Theba-

240 2541 313 2563 rum
331 2530 432 2561 discit
445 2538 487 2560 ex
505 2529 655 2560 Oraculo
668 2537 704 2558 se.
718 2527 942 2558 occidendum

239 2591 313 2613 esse
327 2591 345 2612 a
357 2579 448 2611 filio:
466 2580 528 2611 hoc
541 2585 578 2610 ut
588 2579 686 2616 vitet,
697 2577 802 2608 filium
814 2583 942 2616 natum,

239 2633 370 2675 pastori
387 2632 445 2662 dat
461 2631 696 2662 occidendum.
742 2630 867 2660 Pastor
885 2630 943 2659 mi-

241 2684 398 2722 sericors,
409 2681 593 2723 perforatis
609 2681 764 2721 pedibus,
780 2690 857 2710 euni
874 2689 942 2710 sns-

240 2735 362 2773 pendit
378 2744 421 2765 ex
438 2733 559 2764 arbore
573 2744 580 2763 1
597 2732 675 2762 hinc
692 2736 824 2769 nomen,
841 2729 942 2771 οἲδάω,

241 2786 340 2815 tumeo
353 2783 463 2824 ςποὺς,
478 2782 581 2824 ποδὸς,
595 2792 672 2823 pes;
689 2782 766 2813 inde
780 2781 868 2812 enim
883 2792 941 2822 pe-

999 2127 1143 2168 quodam
1161 2125 1388 2157 phocensium
1407 2123 1553 2154 tumultu
1571 2125 1705 2161 patrem

998 2177 1117 2207 Laium
1148 2175 1358 2215 incognitum
1387 2172 1533 2204 occidit:
1564 2181 1641 2202 mox
1659 2172 1706 2202 in-

999 2227 1148 2259 tei-fecta
1175 2226 1323 2267 Sphinge
1346 2224 1478 2255 Thebas
1502 2224 1621 2262 intrat,
1638 2232 1706 2253 ma-

1000 2283 1154 2319 tremque
1184 2277 1357 2309 Jocastam
1388 2275 1534 2306 insciens
1565 2282 1704 2304 uxorem

999 2329 1105 2360 ducit.

1045 2379 1208 2420 Thyestes]
1247 2380 1369 2410 Frater
1404 2376 1503 2407 Atrei
1540 2376 1710 2416 Mycena->

999 2439 1072 2460 rum
1090 2430 1193 2469 Regis
1210 2430 1242 2459 in
1260 2429 1515 2468 Peloponneso.

1041 2482 1102 2510 291
1132 2478 1279 2519 Pelopea]
1306 2477 1392 2508 Filia
1407 2475 1564 2515 Thyestis
1581 2483 1624 2504 ex
1642 2483 1702 2504 suo

998 2535 1096 2570 patre
1115 2530 1248 2569 peperit
1264 2528 1327 2557 sibi
1341 2527 1481 2557 fratrem
1500 2525 1700 2565 AEgisthunl.

1043 2578 1174 2617 Thebas]
1205 2578 1390 2608 Thebarum
1406 2585 1502 2606 casus
1518 2581 1553 2606 et
1566 2575 1703 2606 calami-

998 2633 1098 2659 tates.

1040 2681 1102 2709 292
1129 2677 1310 2716 Erechthei]
1344 2676 1577 2717 Atheniensis,
1600 2675 1643 2707 ab
1660 2676 1703 2706 E-

997 2729 1158 2761 rechtheo
1175 2729 1256 2759 alias
1270 2728 1375 2768 Rege.
