1852 3193
231 205 319 248 280
707 216 782 247 cr„
815 215 1098 245 CLAUDIANI
1133 214 1240 245 vm.

233 316 408 357 Ionium
429 314 587 367 tegitur
608 312 731 360 velis,
754 311 962 362 ventique
976 310 1181 351 laborant

231 383 323 424 Tot
344 394 525 423 curvare
548 382 670 420 sinus
695 393 704 418 ε
738 380 1078 431 servaturasque
1102 378 1363 421 Corinthum

231 450 520 503 Prosequitur
541 447 671 488 facili·
686 445 924 498 Neptunus
945 447 1113 499 gurgite
1136 448 1324 490 classes,

230 517 289 558 Et
308 530 417 571 puer
439 515 669 557 Isthmiaci
685 514 780 568 jam
801 513 972 567 pridem
992 515 1155 556 littoris
1177 516 1280 556 exul

231 584 398 625 Secura
414 584 572 637 repetit
592 587 750 635 portus
773 594 873 622 cum
895 585 1034 622 matre
1056 582 1306 623 Palaemon.

230 651 440 693 Plaustra
460 663 615 692 cruore
633 653 787 690 natant
804 663 813 690 :
836 650 1013 691 metitur
1032 650 1190 703 pellita
1206 650 1429 705 juventus.

230 720 343 761 Pars
357 721 525 769 morbo,
541 731 647 772 pars
665 730 770 758 ense
784 718 909 771 perit.
969 717 1075 758 Non
1102 718 1239 759 lustra
1260 717 1425 772 Lycaei,

1609 581 1696 623 465

227 817 345 848 sarcire
360 818 471 848 damna
489 816 635 847 Groecz'oe.
680 814 779 844 Mare
809 813 930 844 Ionium
957 813 1071 844 statim
1099 813 1237 853 operitur
1262 812 1402 852 navibus,
1416 816 1446 843 et
1461 812 1546 843 venti
1561 812 1616 844 vix
1627 822 1696 853 pos-

228 863 298 890 sunt
313 860 468 901 inflectere
484 862 529 889 tot
544 860 629 889 vela:
661 868 697 888 ac
714 858 877 896 Neptunus
888 856 1011 887 deducit
1028 856 1108 886 muri
1121 857 1250 886 secundo
1265 857 1374 885 classes
1386 855 1564 893 defensurus
1582 857 1694 887 Corin·

226 903 325 933 thum.
374 903 419 932 Et
444 911 523 941 puer
541 901 698 931 Pazaemon
720 900 864 939 expulsus
881 899 1068 937 jamdudum
1090 898 1132 929 ab
1154 908 1208 928 orci
1226 898 1408 937 Isthmiaca,
1425 899 1507 928 rectit
1522 898 1556 928 in
1570 901 1695 938 portum

226 954 296 975 cum
328 945 435 975 IlIutre
458 947 539 974 tuta.
587 943 707 973 Currus
737 943 895 971 exundant
922 941 1076 979 sanguine
1089 953 1099 973 .·
1121 941 1272 978 juventus
1298 941 1409 980 pellita
1424 941 1575 971 occiditur
1588 952 1598 971 :
1619 950 1694 981 pur-s·

223 988 392 1027 perimitur
405 986 520 1026 morbo,
537 995 614 1024 pars
626 984 754 1023 gladio.-
777 993 836 1014 ποη
851 984 945 1023 sylvae
960 984 1079 1023 Lyctei,
1106 994 1165 1014 non
1182 984 1373 1014 abundantia
1389 984 1521 1014 nemoris
1541 984 1694 1025 Eryman-

845 1064 1081 1075 eeeeeeeeeeee

226 1116 309 1144 tert.
338 1112 495 1151 ventisque
524 1110 619 1141 Med.
652 1111 875 1149 quart.—-462
897 1117 1020 1138 servare
1044 1109 1129 1138 sinus
1159 1108 1254 1140 Med.
1285 1119 1353 1141 sec.
1381 1114 1615 1151 servaturasque
1640 1112 1694 1142 vel

225 1158 460 1194 servaturasque
478 1155 560 1193 Reg.
578 1153 694 1182 Oxou.
711 1162 763 1192 pr.
777 1154 974 1190 servatasque
990 1151 1042 1181 vel
1059 1154 1254 1192 servatosque
1284 1153 1366 1183 Var.
1391 1153 1459 1184 LL.
1473 1153 1526 1183 ed.
1545 1153 1692 1184 Antv.--

224 1200 287 1228 463
312 1198 402 1228 celeri
415 1197 586 1236 ,Neptunus
600 1195 727 1226 Moret.
746 1204 796 1235 pr.
826 1193 954 1232 facibus
971 1194 1113 1234 Neptuni
1128 1194 1149 1226 J
1156 1204 1209 1225 un.
1228 1198 1389 1235 {in—464
1412 1195 1538 1226 Ismaz‘cz·
1554 1196 1693 1227 Tholos.

224 1240 374 1271 Insimaci
388 1239 471 1271 Var.
488 1239 559 1270 LL.
574 1238 628 1268 ed.
646 1237 750 1269 Antv.
778 1236 939 1268 Hirmaici
958 1236 1072 1267 Oxou.
1104 1237 1496 1270 HismuiciVicet.-465
1522 1238 1696 1279 Securaque

223 1284 307 1324 petit
333 1283 415 1314 Vat.
446 1292 498 1322 pr.
525 1282 626 1313 Farn.
658 1281 792 1311 Securus
821 1280 958 1310 Tholos.
988 1283 1095 1319 portas
1120 1281 1201 1310 Var.
1228 1281 1296 1311 LL.
1322 1281 1375 1312 ed.
1391 1280 1498 1312 Antv.
1524 1291 1592 1312 cum
1605 1285 1696 1321 patre

225 1326 475 1357 Tholos.—-466
500 1325 614 1355 Castra
631 1333 747 1353 omnes
763 1323 860 1354 Vatt.
877 1322 952 1352 Pal.
977 1323 1076 1353 Farn.
1094 1322 1187 1353 Pric.
1206 1324 1302 1354 Rott.
1320 1323 1427 1355 Oisel.
1458 1324 1608 1355 Plaustra
1625 1328 1694 1355 vet.

226 1368 373 1408 Gyrald.
398 1369 484 1400 Exc.
502 1368 602 1398 Laeti.
633 1366 767 1397 moritur
778 1366 890 1405 pellita
911 1365 994 1396 vat.
1021 1366 1128 1406 quint.
1152 1366 1246 1397 Prie.
1270 1367 1399 1398 Thuan.
1415 1367 1494 1399 Jun.
1509 1377 1562 1407 pr.
1580 1367 1693 1398 Oxon.

226 1421 279 1451 pr.
306 1411 402 1442 Leid.
431 1420 500 1441 sec.
530 1410 584 1440 ed.
602 1409 718 1440 Parm.
745 1409 855 1439 metuit
877 1407 973 1439 Med.
992 1412 1103 1449 quart.
1131 1409 1257 1440 Moret.
1273 1419 1341 1440 sec.
1366 1409 1497 1440 metitur
1513 1414 1584 1441 tres
1596 1409 1694 1441 Med.

224 1455 370 1486 totidem
386 1453 505 1485 Ambr.
518 1457 555 1484 et
569 1453 692 1483 Petav.
710 1452 794 1490 Ηυξ.
808 1452 890 1481 Put.
908 1450 988 1482 Pat.
1006 1452 1138 1483 Bonou.
1150 1452 1288 1484 Tholos.
1301 1453 1430 1484 Mazar.
1447 1453 1533 1484 Exc.
1549 1453 1694 1484 Lucens.

225 1506 295 1528 sec.
325 1497 406 1529 Ald.
432 1501 466 1527 et
490 1497 571 1527 Var.
587 1495 657 1526 LL.
675 1504 693 1525 e
711 1504 819 1531 marg.
845 1495 960 1525 Parm.
990 1495 1120 1525 metitur
1136 1495 1191 1525 vel
1206 1495 1339 1526 moritur
1354 1496 1436 1527 Vat.
1454 1500 1565 1536 quart.
1584 1495 1694 1526 Oisel.

223 1540 377 1571 mentitur
402 1540 488 1580 pelta
519 1539 573 1569 vel
600 1537 713 1568 metuit
737 1537 847 1576 pellita
872 1536 955 1567 var.
982 1537 1050 1568 LL.
1069 1537 1123 1568 ed.
1151 1537 1256 1569 Antv.
1282 1538 1412 1569 metitur
1428 1539 1482 1569 vel
1494 1539 1626 1569 moritur
1639 1539 1695 1568 vel

224 1583 337 1614 metuit
355 1584 437 1614 Lov.
456 1582 576 1623 polluta
598 1591 660 1622 pro
683 1580 793 1620 pellita
811 1579 930 1610 Ambr.
957 1583 1134 1611 sem—467
1158 1582 1233 1611 Jatn
1247 1581 1348 1612 morbo
1363 1580 1464 1613 Wolf.
1495 1582 1580 1612 Pars
1592 1581 1695 1613 morbo

889 1655 1030 1687 NOTAE

225 1721 372 1761 Honori,
402 1724 438 1752 et
466 1721 582 1752 statim
611 1719 755 1752 Stilicho
786 1718 905 1751 obedit
922 1731 930 1751 :

225 1781 303 1803 nam
319 1781 422 1802 naves
439 1771 536 1802 ducit
551 1771 583 1800 in
598 1770 779 1801 Graeciam.

268 1824 329 1853 461
356 1819 496 1859 Ionium]
532 1820 632 1850 Mare
654 1819 747 1860 quod
773 1824 827 1850 est
843 1819 933 1851 inter

224 1872 375 1910 Italiam,
389 1871 543 1911 Epirum,
559 1874 595 1900 et
611 1879 719 1910 usque
733 1869 774 1900 ad
793 1871 931 1901 Cretam

224 1922 454 1964 protenditur.
499 1921 553 1952 Sic
571 1921 695 1951 dicitur
710 1920 751 1951 ab
779 1920 831 1959 Io,
856 1921 932 1951 Ina-

226 1972 280 2004 chi
304 1971 386 2012 filia,
405 1981 481 2013 quae
498 1972 531 2002 in
549 1972 670 2002 bovem
689 1970 932 2003 transformata

224 2028 260 2054 et
291 2027 395 2054 oestro
411 2022 562 2055 Junonio
585 2022 731 2063 percita,
744 2022 826 2052 illud
842 2032 933 2054 mare

225 2074 390 2113 tranavit,
406 2078 442 2104 et
459 2073 491 2104 in
509 2072 695 2114 AEgyptum
712 2072 856 2104 transiit.

266 2123 441 2163 Luhorant]
465 2123 579 2154 Tanta
595 2128 648 2153 est
665 2123 800 2154 navium
817 2124 931 2155 multi-

224 2175 321 2212 tudo,
353 2179 392 2205 ut
418 2173 514 2204 venti
544 2175 638 2204 velut
661 2173 852 2214 fatigentur
890 2185 929 2205 ac

224 2224 383 2256 laborent
400 2228 453 2254 tot
469 2223 647 2263 impellere
671 2225 757 2255 vela.

266 2277 330 2306 462
355 2274 555 2314 Corinthum]
591 2270 677 2304 Haec
696 2278 824 2313 tamen,
840 2278 930 2305 teste

224 2325 373 2363 Zosium,
391 2324 460 2364 jam
482 2323 627 2364 spoliata
643 2327 730 2362 erat,
747 2328 930 2363 antequam

222 2375 365 2406 Stilicho
382 2374 415 2405 in
432 2373 594 2405 auxilium
621 2373 766 2405 veniret.
811 2373 929 2404 Corin-

225 2426 300 2456 thus
331 2429 384 2456 est
400 2425 480 2455 urbs
504 2422 644 2455 Achaiae
666 2423 702 2454 iu
725 2423 875 2464 Graecia,
895 2424 927 2454 in

223 2475 355 2506 Isthmo
372 2474 600 2506 Corinthiaco.

266 2530 329 2558 463
355 2526 533 2567 Neptunus]
570 2525 679 2557 Fictio
699 2525 819 2556 Po'e'tis
833 2525 928 2556 fami-

221 2578 324 2615 liaris,
335 2579 429 2609 Deos
442 2577 604 2611 inducere
615 2577 681 2608 suis
694 2576 866 2608 Heroibus
879 2575 930 2608 fa-

223 2634 354 2660 ventes

266 2681 329 2710 464
352 2678 456 2718 Puer]
491 2677 668 2709 Palaemon
685 2687 771 2718 puer
793 2681 829 2709 et
846 2678 928 2709 Leu-

225 2729 345 2759 cothea
375 2729 446 2769 ejus
468 2733 590 2767 mater,
620 2729 758 2760 numina
787 2729 928 2768 marina,

224 2779 336 2821 fugati
351 2785 447 2815 metu
463 2781 703 2823 Barbarorum,
729 2780 862 2813 rediere
885 2780 928 2813 ad

986 1729 1062 1750 suos
1080 1723 1199 1759 portus
1224 1719 1373 1750 adventu
1395 1715 1600 1759 Stilichonis.
1647 1718 1693 1750 A·

987 1770 1116 1800 thamas
1140 1771 1214 1800 Rex
1239 1770 1445 1809 Thebarum,
1473 1770 1569 1810 pulsa
1587 1779 1693 1800 uxore

986 1819 1352 1860 Nephele,liberisque
1375 1820 1458 1860 ejus,
1486 1819 1627 1860 Phryxo
1657 1824 1694 1850 et

987 1868 1102 1908 Helle,
1119 1869 1182 1899 Ino
1198 1869 1317 1900 Cadmi
1330 1868 1433 1901 filiam
1450 1870 1693 1911 superinduxe-

986 1924 1040 1950 rat
1056 1929 1254 1951 novercam:
1285 1920 1375 1951 uude
1401 1921 1435 1951 iu
1453 1920 1602 1952 furorem
1621 1931 1693 1952 ver-

986 1981 1054 2010 sus,
1085 1971 1165 2002 dum
1192 1975 1294 2011 putat
1320 1971 1381 2002 Ino
1394 1981 1469 2002 esse
1486 1972 1640 2011 leaenam,
1657 1976 1693 2003 et

984 2021 1072 2052 filios
1104 2031 1181 2052 suos
1205 2021 1393 2052 Learchum
1418 2025 1453 2052 et
1475 2021 1692 2053 Melicertam

987 2071 1059 2112 ejus
1075 2073 1221 2111 catulos,
1244 2072 1435 2103 Learchum
1459 2072 1548 2102 saxis
1564 2071 1667 2102 illidit
1684 2082 1692 2110 ;

987 2121 1077 2162 quod
1101 2121 1164 2152 Ino
1182 2121 1300 2152 videns
1317 2131 1393 2152 cum
1417 2122 1603 2153 Melicerta
1621 2131 1655 2152 se
1672 2131 1691 2152 e

985 2181 1071 2212 rupe
1087 2173 1286 2204 Leucothea
1299 2173 1331 2203 in
1342 2182 1436 2203 mare
1448 2172 1691 2212 praecipitavit.

985 2222 1050 2253 Ast
1079 2223 1179 2254 ambo
1205 2223 1356 2253 Deorum
1393 2222 1690 2253 commiseratione

983 2273 1018 2303 in
1034 2274 1129 2304 Deos
1151 2273 1304 2304 conversi
1321 2277 1418 2303 sunt:
1445 2273 1508 2304 Ino
1525 2273 1558 2303 in
1575 2273 1691 2304 Matu-

985 2328 1066 2363 tam,
1091 2328 1127 2354 et
1157 2324 1407 2355 Leucotheam:
1441 2324 1625 2355 Melicerta
1653 2325 1689 2355 in

982 2374 1227 2414 Palaemonem‚
1240 2375 1296 2416 qui
1309 2379 1343 2405 et
1360 2376 1534 2405 Portunus
1550 2374 1701 2414 dicitur,

982 2424 1072 2464 quod
1099 2425 1134 2455 iu
1163 2425 1328 2466 portubus
1351 2426 1545 2455 coleretur:
1586 2424 1686 2456 ambo

982 2476 1093 2506 nautis
1106 2475 1235 2507 favent.

1025 2528 1088 2555 466
1123 2525 1288 2564 Plaustra]
1342 2526 1482 2565 Currus,
1520 2525 1688 2566 vehicula,

984 2576 1105 2617 quibus
1121 2580 1264 2607 utuntur
1279 2576 1390 2607 Getae.

1025 2626 1158 2666 Pellita]
1171 2626 1323 2658 Pellibus
1342 2626 1477 2665 vestita,
1492 2636 1587 2659 more
1605 2628 1690 2659 Bar-

983 2678 1150 2710 batorum.

1025 2732 1088 2760 467
1112 2730 1185 2760 Non
1211 2728 1326 2768 lustru]
1363 2729 1474 2769 Sylvae
1505 2728 1623 2770 Lycaei
1650 2732 1687 2761 et

984 2779 1185 2821 Erymanthi
1213 2788 1280 2810 non
1311 2778 1482 2811 sufficiunt
1515 2779 1558 2811 ad
1585 2788 1685 2821 rogos
