1857 3177
597 236 645 265 IN
685 235 912 266 RUFINUM
952 235 1047 263 LlB.
1082 234 1131 262 11.

138 331 334 386 Asperat
358 333 537 373 alternis
559 332 762 381 sudibus,
793 332 989 384 murique
1012 331 1165 371 locata

139 400 191 442 In
215 401 411 455 speeiem
429 400 562 440 caesis
586 400 786 440 obtendit
805 397 1238 453 plaustrajuvencis.

138 466 200 508 At
216 467 370 520 procul
388 467 630 518 exsanguis
655 467 865 507 Rufinum
889 466 1078 519 perculit
1099 465 1251 506 horror
1269 477 1278 505 :

140 534 328 575 Infecta*
349 534 514 587 pallore
533 548 653 587 genae
676 549 684 574 z
717 535 844 575 stetit
866 547 938 574 ore
963 533 1108 585 gelato

144 601 338 643 Incertus
355 607 579 654 peteretne
598 602 762 653 sugam,
788 603 1018 642 veniamne
1038 602 1254 641 subactus

139 669 370 716 Posceret,
395 682 451 709 an
469 669 582 710 fidos
607 683 705 709 sese
727 668 976 710 transferret
1000 669 1041 707 in
1062 668 1222 708 hostes.

139 734 260 786 Quid
279 749 395 776 nunc
414 737 596 785 divitiae,
629 735 736 788 quid
760 735 865 775 fulvi
882 738 1013 775 vasta
1027 735 1196 774 metalli

138 802 393 856 congeries,
418 803 523 856 quid
542 804 777 856 purpureis
794 802 943 843 effulta
969 802 1186 844 columnis

1514 464 1597 506 130

1513 803 1598 844 135

135 933 201 963 cula
217 934 384 963 constituta
401 933 432 964 in
451 933 590 971 formam
607 935 696 965 muri.
744 934 806 965 Sed
825 934 914 973 longe
929 936 1030 964 terrm·
1043 933 1160 973 pallens
1174 932 1325 973 percussit
1345 933 1510 974 Rufinum:
1533 934 1598 964 vnl-

137 979 186 1006 tus
208 975 402 1013 deformatur
426 977 559 1016 pallore:
577 976 666 1014 facie
681 977 821 1016 glaciata
849 976 1004 1014 constitit,
1028 976 1184 1012 dubitans,
1209 986 1249 1006 an
1273 979 1441 1015 capesseret
1456 974 1598 1015 fugam?

136 1020 187 1050 An
203 1019 304 1049 rictus
318 1022 436 1058 peteret
451 1029 568 1058 pacem,
583 1030 622 1049 an
639 1021 789 1050 transiret
808 1021 848 1050 ad
864 1020 964 1049 hastes
979 1019 1040 1049 sibi
1057 1019 1187 1048 sociatas
1198 1016 1213 1048 2!
1260 1019 1346 1052 Quid
1362 1021 1427 1049 tum
1442 1029 1513 1059 opes
1527 1028 1598 1058 pro-

134 1064 204 1091 sunt
225 1060 346 1091 Rufino
360 1063 371 1091 ?
419 1062 503 1096 Quia
519 1063 654 1092 cumulus
669 1062 991 1101 immensusflarentis
1004 1060 1147 1092 metalli!
1172 1061 1255 1094 Quid
1269 1062 1375 1090 domus
1389 1063 1470 1092 elata
1485 1062 1598 1091 colum-

135 1104 183 1134 nis
198 1103 310 1144 rubris,
322 1108 352 1134 et
368 1104 502 1145 (edificia
517 1104 637 1135 sublata
652 1107 692 1135 ad
708 1106 814 1135 coelum
827 1110 967 1145 prosunt
980 1105 990 1133 ?
1039 1103 1143 1133 Discit
1157 1104 1237 1133 riam
1250 1103 1420 1134 exercitus
1437 1103 1596 1135 Stilicho-

751 1187 982 1199 eeeeeeeeeeee

135 1242 258 1273 Petav.
277 1252 328 1283 pr.
346 1243 440 1274 Leid.
456 1253 524 1274 see.
550 1243 699 1283 duplicem
717 1242 836 1278 fossam
853 1242 931 1271 Vat.
951 1251 1002 1280 pr.
1019 1246 1053 1270 et
1073 1240 1182 1270 Liviu.
1206 1239 1411 1279 duplicifossa
1429 1244 1497 1270 tres
1513 1240 1594 1275 Vat.

136 1285 210 1315 Pal.
250 1285 347 1315 Farn.
382 1285 474 1316 Prie.
504 1287 596 1316 Rott.
621 1286 726 1315 Oisel.
756 1285 839 1314 Exc.
870 1283 966 1313 Laeti.
1006 1283 1115 1312 bellam
1139 1292 1200 1321 pro
1239 1283 1351 1312 vallum
1373 1282 1453 1312 Vat.
1481 1291 1597 1312 sec.—

136 1328 317 1357 12810cuta
348 1329 431 1367 ch.
462 1329 590 1358 Thumi.
618 1328 701 1357 Exc.
733 1326 877 1356 Gevart.
908 1329 942 1355 et
978 1326 1118 1356 Lucem.
1149 1333 1216 1353 sec.
1243 1334 1348 1363 marg.
1373 1323 1597 1363 Isingr.Ald.

133 1369 232 1399 locata
251 1371 302 1399 vel
341 1371 475 1400 locatum
493 1370 570 1400 Vat.
597 1379 648 1409 pr.
678 1370 800 1399 Petav.
830 1377 881 1407 pr.
916 1368 1048 1397 locatum
1070 1366 1196 1396 habent
1224 1366 1344 1405 reliqui
1362 1375 1489 1403 omneS,
1514 1365 1596 1396 item

134 1411 219 1442 Exc.
245 1412 331 1442 Laeti
357 1418 392 1442 et
414 1412 560 1442 Lucens.
590 1421 641 1452 pr.
664 1411 716 1442 ed.
737 1412 852 1441 Parin.
868 1413 902 1440 et
922 1409 1034 1439 Vicet.
1053 1408 1215 1439 Heinsius
1230 1407 1436 1448 conjiciebat
1446 1408 1597 1439 locato.—

133 1455 195 1484 129
212 1453 250 1484 In
265 1454 395 1494 speciem
412 1454 508 1485 Med.
523 1459 604 1485 tert.
622 1465 640 1485 a
655 1464 697 1484 m.
712 1464 778 1484 sec.
822 1451 970 1493 Inspecie
986 1450 1133 1482 sedecim
1152 1451 1222 1481 alii.
1246 1450 1381 1481 ostendit
1398 1450 1476 1481 Pat.
1491 1450 1597 1481 Oisel.

133 1496 232 1528 Leid.
260 1507 327 1528 sec.
360 1498 444 1528 Exc.
471 1498 614 1528 Gevart.
651 1496 791 1527 obtundit
809 1495 892 1526 Lov.
925 1495 1062 1525 claustra
1086 1494 1208 1525 incert.
1226 1493 1347 1524 Heius.
1364 1493 1478 1524 Vicet.
1497 1492 1595 1524 Vien.

131 1540 267 1570 claustra
285 1541 337 1570 vel
358 1541 498 1580 plaustra
526 1541 610 1571 Exc.
639 1539 847 1570 heth—130
871 1547 957 1568 error
985 1538 1078 1568 Rott.
1106 1536 1185 1567 Pat.
1214 1537 1296 1567 Lov.
1322 1545 1340 1566 a
1365 1545 1405 1567 m.
1433 1546 1483 1576 pr.
1509 1536 1596 1566 Exc.

134 1582 276 1614 Gevart.
302 1583 385 1613 Exc.
414 1583 619 1614 Voss.—l3l
648 1582 776 1620 Infestae
802 1582 887 1620 Reg.
912 1579 1008 1610 Leid.
1036 1589 1087 1620 pr.
1117 1579 1236 1617 Infecta
1252 1579 1307 1609 ed.
1326 1579 1440 1610 Parm.
1466 1577 1597 1615 Infectae

134 1625 188 1656 vel
213 1624 333 1663 Insecto
350 1626 435 1657 Exc.
452 1626 552 1656 Laeti.
587 1626 703 1666 pallore
727 1624 793 1655 duo
812 1624 888 1654 Vat.
908 1623 992 1653 Exc.
1012 1623 1150 1653 anens.
1169 1631 1236 1652 see.
1268 1622 1385 1661 pallore
1401 1621 1455 1651 vel
1479 1624 1597 1651 terrore

136 1667 217 1698 Pur.
251 1671 369 1699 terrore
397 1669 513 1709 reliqui
542 1668 662 1708 scripti
691 1668 831 1708 triginta
857 1665 943 1704 fere,
960 1666 1045 1697 Exc.
1063 1665 1160 1704 Laeti,
1177 1665 1322 1695 Lucens.
1337 1674 1388 1704 pr.
1405 1668 1440 1694 et
1453 1663 1600 1695 Gevart.

133 1709 255 1741 Sched.
274 1711 365 1742 Gud.
392 1711 474 1742 Var.
492 1712 561 1742 LL.
582 1711 634 1741 ed.
651 1711 757 1742 Antv.
785 1714 822 1741 et
846 1709 901 1740 ed.
925 1709 1038 1740 Vicet.
1062 1718 1113 1738 ore
1126 1709 1230 1746 gelato
1246 1707 1395 1738 Florem.
1414 1705 1509 1737 Med.
1527 1715 1596 1737 sec.

131 1756 194 1784 stat
219 1755 308 1784 corde
334 1754 438 1793 gelato
453 1755 702 1786 Tholos.—132
725 1753 886 1784 veniamne
914 1751 980 1782 duo
1004 1750 1099 1781 Med.
1128 1750 1194 1781 duo
1219 1750 1336 1780 Ambr.
1363 1750 1449 1789 Reg.
1465 1749 1596 1779 Thuan.

134 1796 264 1827 Mazar.
286 1797 378 1827 Leid.
398 1807 448 1837 pr.
466 1797 532 1828 duo
548 1797 670 1828 Petav.
687 1797 768 1827 Lov.
787 1800 821 1826 et
839 1796 924 1825 Exc.
948 1794 1093 1825 Gevart.
1117 1794 1296 1833 veniamque
1311 1793 1392 1823 Vat.
1413 1802 1463 1832 pr.
1482 1791 1596 1823 Oxon.

134 1848 183 1879 pr.
200 1839 357 1870 veniamve
374 1840 452 1871 Vat.
470 1849 538 1871 sec.
557 1841 632 1871 Pal.
650 1841 752 1870 Farn.
767 1839 860 1869 Prie.
880 1838 960 1868 Pnt.
976 1837 1088 1868 Oxou.
1106 1845 1175 1867 sec.
1192 1837 1335 1866 subactus
1348 1836 1431 1865 Exc.
1449 1835 1595 1864 Lucens.

134 1891 202 1913 sec.
216 1882 352 1922 sagatus
369 1883 422 1913 ed.
438 1883 661 1914 vicen—133
685 1893 725 1912 an
744 1880 840 1912 Leid.
864 1890 932 1910 sec.
955 1883 1009 1910 aut
1030 1879 1182 1909 Floreut.
1206 1889 1245 1908 an
1263 1878 1315 1908 vel
1338 1881 1392 1907 aut
1413 1877 1491 1908 Put.
1515 1879 1594 1916 atto-

134 1924 216 1955 nitos
230 1935 294 1956 sese
307 1936 347 1956 an
363 1925 484 1957 Petav.
502 1935 552 1966 pr.
572 1925 658 1966 fidos
674 1925 771 1956 Leid.
786 1933 853 1954 sec.
870 1923 949 1953 Pat.
965 1923 1049 1952 Exc.
1067 1921 1207 1952 Gevart.
1223 1921 1310 1961 fidos
1325 1921 1375 1949 vel
1401 1923 1503 1950 tantos
1515 1919 1596 1949 Vnt.

133 1976 185 2006 pr.
204 1977 223 1997 a
239 1977 282 1998 m.
299 1971 474 1999 sem—134
500 1969 586 2003 Quia
601 1969 676 1999 dant
690 1968 742 1998 vel
765 1977 844 1997 ηιιηι·
864 1965 989 1995 Moret.
1007 1967 1182 1995 sea—135
1205 1963 1379 2003 porphireis
1395 1963 1476 1992 Exe.
1495 1960 1594 1992 Laeti.

133 2009 280 2048 proesulta
294 2011 384 2041 Prie.
420 2011 547 2051 effitlcta
573 2011 650 2041 Ala.
688 2010 834 2039 columnis
856 2009 935 2038 Vat.
954 2017 1004 2046 pr.
1022 2007 1101 2036 Pat.
1119 2005 1234 2036 Ambr.
1250 2014 1319 2034 sec.
1338 2005 1421 2034 Exc.
1446 2002 1532 2032 Laeti
1557 2007 1594 2033 et

136 2051 280 2082 Lucens.
310 2062 378 2083 sec.
394 2053 540 2083 columnis
556 2054 609 2083 vel
635 2052 765 2082 metallis
782 2052 860 2081 Put.
885 2050 1017 2080 metallis
1036 2048 1178 2088 triginta
1194 2047 1263 2086 alii,
1282 2048 1364 2078 Exc.
1381 2047 1523 2077 anens.
1540 2054 1589 2086 pr.

792 2147 936 2179 NOTAE

134 2229 262 2261 factum
294 2238 369 2260 esse
397 2230 547 2260 nonnulli
570 2229 741 2260 memoriae
760 2236 837 2268 pro-

135 2279 308 2311 «fiderunt.

178 2333 240 2361 129
266 2330 362 2361 Coesis
374 2322 545 2370 juvencis]‘
579 2329 732 2361 Pellibus
764 2333 836 2360 tau-

135 2391 247 2412 rorum
262 2382 462 2413 occisorum.
792 2387 795 2389 ’

177 2436 239 2464 130
264 2432 448 2471 Exsanguis
461 2431 585 2471 horror]
617 2430 744 2461 Terror
762 2429 835 2460 red-

135 2482 218 2514 dens
231 2481 387 2514 Rufinum
399 2482 560 2522 pallidum
570 2487 603 2512 et
616 2491 835 2522 exsanguem.

135 2532 286 2565 Effectus
311 2533 449 2573 ponitur
473 2542 535 2573 pro
550 2542 661 2572 causa,
684 2533 733 2563 sic
755 2532 838 2562 dici-

136 2588 190 2615 tur
210 2584 219 2600 ⁴
238 2583 364 2624 pallida
381 2582 494 2622 mors,’
507 2593 581 2624 quae
598 2582 749 2613 homines
766 2582 838 2613 red-

138 2633 187 2664 dit
204 2633 357 2673 pallidos.

182 2685 241 2714 131
282 2684 344 2714 Ore
369 2683 491 2724 gelato]
537 2683 608 2715 Ore
632 2683 776 2724 pallenti
803 2687 838 2713 et

139 2731 262 2772 frigido
278 2743 434 2773 corpore,
456 2734 500 2765 ob
528 2735 693 2765 scelerum
710 2733 838 2765 cousci-

139 2782 278 2823 entiam‚
301 2788 493 2827 metumque
509 2784 710 2816 Stilichonis.

935 2229 996 2257 133
1023 2226 1120 2256 fidos
1144 2234 1208 2255 sese
1231 2223 1417 2261 transferret
1434 2222 1589 2264 inhostes]

892 2276 946 2307 An
965 2276 1125 2306 transiret
1147 2275 1179 2305 in
1196 2275 1322 2313 hostes,
1343 2283 1426 2314 quos
1443 2283 1502 2304 sua
1519 2283 1589 2314 per-

891 2325 972 2356 fidia
995 2326 1140 2366 patriam
1168 2324 1316 2364 prodens
1342 2323 1405 2353 sibi
1428 2322 1514 2353 fidos
1543 2322 1589 2354 ef·

890 2376 1015 2408 fecisse
1032 2376 1188 2416 putabat.

935 2430 996 2458 134
1021 2426 1114 2458 Fulvi
1129 2425 1261 2464 metalli]
1307 2423 1391 2455 Auri
1412 2427 1588 2464 congestm

891 2488 1046 2510 acervus.

934 2532 995 2560 135
1022 2526 1192 2568 Purpureis
1213 2524 1374 2564 columnis]
1420 2525 1586 2556 Columnis

892 2589 911 2609 e
928 2587 1093 2609 marmore
1116 2576 1237 2607 coloris
1267 2575 1413 2615 punicei,
1435 2584 1493 2605 seu
1518 2574 1587 2614 ruti,

893 2630 999 2661 rubri.
1043 2628 1142 2662 Quod
1161 2626 1415 2665 intelligendum
1434 2626 1474 2656 de
1488 2636 1585 2667 opere

896 2681 1088 2721 Byzantino
1140 2682 1321 2709 structurae
1373 2677 1586 2718 admirabilis,

893 2731 983 2775 quod
996 2734 1206 2763 exstructum
1224 2732 1277 2759 est
1294 2737 1312 2759 a
1326 2727 1463 2760 Rufino.
