1852 3193
235 199 318 240 308
705 205 805 255 lor„
829 202 1111 236 anumsm
1149 202 1199 232 x.

239 305 479 346 Confessus
501 307 674 345 secreta
695 303 843 349 rubor,
861 311 1105 351 nomenque
1128 300 1302 339 beatum

234 372 430 427 Injussae
453 372 666 424 scripsere
683 368 864 409 manus!
895 366 923 407 J
929 379 999 406 am
1018 379 1199 406 munera
1219 369 1370 420 nuptae

235 440 484 494 Praeparat,
508 443 550 479 et
570 437 800 492 pulchros,
822 434 981 475 Mariae
1005 433 1085 474 sed
1107 434 1206 475 luce
1226 435 1435 484 minoreS‚

235 507 370 560 Eligit
390 513 590 555 ornatus3
622 502 833 557 quicquid
855 501 1117 543 venerabilis
1140 501 1245 542 olim

235 575 379 623 Livia,
404 575 707 625 Divorumque
728 583 862 610 nurus
885 582 1057 622 gessere
1079 569 1302 621 superbae.

235 641 423 683 Incusat
444 653 544 693 spes
566 652 682 692 aegra
699 651 860 687 moraS‚
883 636 1092 689 longique
1111 636 1312 677 videntur

234 707 362 749 Stare
384 708 494 756 dies,
516 719 774 759 segnemque
795 709 937 746 rotam
957 717 1046 745 non
1067 704 1243 744 flectere
1267 703 1454 744 Phoebe.

236 776 393 830 Scyria
412 775 476 816 sic
497 779 691 815 tenerum
708 774 832 826 virgo
850 773 1106 813 flammabat
1126 770 1362 821 Achillem,

1638 362 1696 406 10

1637 696 1697 743 15

235 897 301 928 ties
316 906 424 928 manus
447 897 520 937 ejus
545 897 627 927 ultro
649 896 851 934 signaverunt
869 895 955 933 selim
981 904 1088 925 nomen
1119 893 1261 923 Mariae!
1307 893 1382 923 Jam
1407 891 1520 932 deligit
1550 892 1629 923 dona
1642 901 1702 932 pro

234 949 355 980 sponsa,
377 944 404 970 et
433 944 530 969 vestes
553 939 748 979 magnificus,
770 940 821 968 sed
847 937 1010 975 inferiores
1039 942 1152 966 tamen
1168 935 1400 975 pulchritudine
1418 935 1554 970 Mariae;
1577 934 1700 974 deligit

236 982 382 1020 scilicet,
404 982 548 1021 quicquid
563 981 653 1010 Livia
670 982 841 1010 veneranda
861 980 937 1010 tulit
953 980 1117 1018 quondum,
1140 982 1171 1008 et
1189 977 1348 1018 quicquid
1367 987 1461 1007 nurus
1473 977 1620 1015 gloriosa>
1636 977 1699 1008 De-

235 1033 324 1054 orum
337 1025 484 1054 tulerunt.
531 1022 606 1061 Spes
628 1022 773 1051 Honorii
794 1021 934 1061 inquieta
949 1024 1076 1050 damnat
1091 1030 1214 1054 mor‹1s‚·
1235 1023 1265 1049 et
1293 1019 1359 1049 dies
1384 1021 1534 1057 longiores
1556 1019 1702 1049 videntur

236 1067 415 1104 consistere,
437 1070 466 1095 et
493 1065 583 1094 Luna
608 1064 745 1094 videtur
771 1074 830 1093 mm
853 1065 971 1092 rolvere
987 1072 1110 1092 currum
1127 1062 1268 1091 inertem.
1317 1061 1368 1090 Ita
1395 1061 1579 1091 Deidamia
1597 1062 1704 1100 puella

237 1108 343 1148 Scyri,
355 1109 468 1146 ignara
485 1107 584 1136 adhuc
598 1106 673 1146 (loli,
695 1105 906 1145 inflammabat
919 1105 1076 1135 Achillem
1091 1104 1261 1141 jucenem3
1284 1105 1313 1132 et
1328 1102 1503 1133 instruebat
1518 1113 1625 1134 manus
1640 1103 1702 1134 bel-

853 1185 1088 1196 eeeeeeeeeeee

236 1248 300 1276 —9
323 1244 420 1275 beatae
437 1244 563 1276 Moret.
581 1246 718 1284 pr.—10
744 1242 858 1273 Invisoe
875 1241 1025 1272 Floreut.
1052 1241 1179 1272 Moret.
1199 1250 1267 1271 sec.
1291 1241 1371 1271 Var.
1398 1240 1465 1272 LL.
1483 1240 1536 1271 ed.
1554 1239 1704 1271 Antv.—-

237 1290 275 1318 11
299 1288 425 1328 populos
441 1288 493 1317 vel
508 1287 651 1326 pulchros
665 1286 685 1318 J
691 1295 745 1316 un.
762 1295 812 1325 pr.
828 1285 938 1323 dignos
954 1284 1070 1314 Murice
1097 1284 1174 1314 Par.
1192 1284 1310 1314 Mariae
1333 1284 1475 1324 pulchros
1500 1284 1553 1314 sed
1576 1284 1704 1315 Moret.

237 1339 303 1361 see.
324 1330 379 1361 sub
395 1331 460 1360 cuce
477 1331 594 1360 velseri
609 1330 673 1359 luce
683 1329 763 1359 vat.
780 1337 829 1367 pr.
854 1327 928 1364 jare
960 1336 1021 1366 pro
1052 1328 1117 1357 luce
1145 1327 1224 1358 Jun.
1249 1336 1268 1356 a
1293 1336 1335 1357 m.
1353 1329 1490 1366 pix—14
1514 1336 1581 1366 spes
1611 1327 1703 1365 longa

238 1372 332 1403 Med.
350 1375 514 1403 tem—15
540 1381 657 1402 moram
673 1371 726 1401 vel
743 1374 843 1401 rotam
859 1370 937 1400 Vat.
964 1379 1014 1409 pr.
1030 1372 1131 1399 rotam
1146 1370 1199 1399 vel
1230 1379 1353 1399 currum
1372 1368 1470 1399 Rott.
1484 1369 1617 1410 flectere
1644 1370 1706 1400 tri-

237 1414 332 1455 ginta
344 1414 417 1445 fere
435 1414 543 1445 Codd.
569 1415 650 1445 Exc.
668 1414 812 1445 Gevart.
830 1417 864 1442 et
885 1413 1026 1442 Lucens.
1044 1422 1112 1442 ser.
1130 1412 1251 1442 Sclied.
1270 1411 1360 1442 Gud.
1377 1411 1458 1442 Var.
1478 1413 1545 1442 LL.
1561 1421 1579 1442 e
1598 1420 1702 1451 marg.

240 1457 352 1488 Parni.
369 1461 405 1487 et
419 1456 471 1487 ed.
488 1456 592 1487 Antv.
610 1457 692 1486 item
719 1455 797 1486 And.
829 1454 989 1484 Heinsius
1009 1454 1214 1492 ascripserat
1232 1455 1343 1484 loc-nn
1361 1453 1463 1485 Ovid.
1478 1454 1550 1485 Lib.
1564 1463 1597 1485 x.
1614 1454 1703 1486 Met.

239 1509 287 1530 vs,
307 1502 357 1530 11.
381 1500 389 1516 ‘
409 1500 570 1529 Flexerat
584 1499 721 1539 obliquo
738 1499 926 1537 plaustrum
947 1502 1081 1527 temone
1098 1496 1248 1527 Bootes!
1265 1497 1334 1534 jam
1349 1498 1465 1527 roh-ere
1482 1497 1558 1527 Pat.
1577 1506 1629 1526 nec
1642 1496 1706 1526 rol-

237 1551 309 1572 rere
321 1542 450 1573 Thuan.
473 1542 592 1572 volvere
608 1550 742 1581 quoque
770 1540 876 1570 habet
899 1540 950 1570 ed.
983 1540 1095 1570 Parin.
1122 1545 1157 1569 et
1182 1540 1293 1569 Yicet.
1317 1540 1436 1570 volvere
1459 1542 1559 1569 rotam
1584 1539 1703 1569 Silium

238 1584 312 1614 Lib.
347 1593 393 1614 Π.
421 1589 457 1614 et
488 1584 567 1614 alios
599 1593 734 1623 qumque
756 1583 882 1612 dixisse
906 1586 1088 1612 notaverat
1118 1581 1237 1611 Heius.
1268 1582 1383 1611 Phabe
1411 1583 1495 1613 Exc.
1526 1581 1602 1611 Pat.
1635 1591 1704 1612 rec.

241 1625 351 1656 Plioebi
368 1626 446 1656 Vat.
464 1626 570 1666 quint.
596 1626 729 1656 Plzoebus
747 1626 799 1655 vel
814 1625 926 1655 Phoebe
942 1625 1020 1654 Vat.
1035 1628 1112 1655 tert.
1128 1624 1296 1663 Regu—16
1311 1625 1493 1663 flammavit
1510 1624 1584 1654 Pal.
1602 1623 1698 1655 Med.

904 1717 1045 1751 NOTAE

282 1797 303 1824 9
338 1793 460 1834 Rubor]
505 1793 622 1825 Rubor
658 1794 790 1825 subitus
819 1793 943 1824 frontis
999 1803 1102 1833 aegra,
1128 1793 1187 1824 sed
1215 1793 1303 1833 quod
1332 1792 1422 1823 curis
1439 1791 1609 1824 continuis
1627 1792 1701 1824 red-

239 1843 329 1874 inter
355 1843 479 1873 amoris
497 1843 623 1874 indicia
641 1844 828 1883 reponitur.
862 1843 944 1873 Ovi-

241 1893 333 1923 dius:
346 1892 355 1908 ‘
371 1893 414 1923 Et
430 1892 533 1924 rubor
549 1893 581 1922 in
593 1893 686 1923 vultu
701 1893 943 1933 pignoramen-

242 1943 285 1973 tis
303 1942 428 1974 habet.’

285 1994 325 2023 10
348 1992 492 2032 Injussae]
525 1993 648 2023 Manus
664 1993 873 2033 scripserunt
889 2002 945 2023 no-

240 2051 317 2073 men
330 2041 468 2073 beatum
492 2043 627 2082 Mariae,
652 2043 709 2074 sed
728 2047 862 2082 sponte,
886 2042 943 2072 sed

239 2091 494 2132 injussae‚quasi
512 2102 579 2123 non
596 2092 669 2133 ipse
683 2093 854 2124 Honorius
871 2102 944 2123 sen-

241 2141 335 2173 tiret.
388 2141 429 2172 Id
462 2142 552 2183 quod
581 2143 709 2174 accidit
740 2143 944 2184 amantibus,

239 2199 367 2231 suaque
384 2195 508 2221 natura
523 2192 731 2231 cogitatione
759 2194 872 2234 aliqua
888 2194 945 2224 de-

241 2239 332 2280 fixis,
348 2240 406 2281 qui
432 2240 536 2272 etiam
567 2247 709 2281 canunt,
733 2252 797 2274 nec
823 2252 945 2275 canere

243 2298 278 2321 se
294 2290 457 2321 sentiunt.

286 2342 325 2370 11
363 2339 460 2380 Luce]
502 2340 766 2373 Pulchritudine
796 2342 944 2374 micante

242 2390 330 2421 lucis
344 2390 462 2422 instar.

286 2443 326 2472 12
356 2441 550 2472 Venerabilis
563 2441 671 2481 Livia]
705 2440 852 2481 Augusti
868 2451 944 2472 con-

238 2491 316 2531 jux,
333 2500 407 2532 quae
425 2491 515 2522 inter
532 2492 627 2522 Deos
646 2491 753 2522 relata
770 2496 832 2531 est,
854 2491 945 2522 ideo-

244 2549 310 2582 que
327 2541 548 2571 veneratione
566 2542 677 2581 digua.

288 2592 327 2621 13
344 2591 452 2621 Nurus
464 2591 602 2630 gessere]
616 2590 777 2621 Adulatio
788 2590 946 2630 poetica,

244 2641 341 2681 quasi
357 2641 431 2672 liaec
448 2648 646 2673 ornamenta
669 2642 748 2682 jure
765 2641 945 2672 haeredita-

244 2690 288 2722 tis
305 2690 347 2721 ad
366 2691 557 2723 Honorium
574 2693 742 2724 venirent.

289 2745 329 2773 14
353 2742 430 2783 Spes
444 2743 546 2784 cegra]
583 2744 663 2776 Non
689 2743 780 2785 quod
807 2752 885 2784 spes
902 2742 948 2774 sit

1000 1843 1060 1873 dat
1091 1843 1259 1873 solicitum
1293 1847 1327 1873 et
1360 1853 1488 1882 aegrum
1519 1849 1706 1874 amantem„

999 1892 1182 1930 Virgilius:
1219 1892 1227 1909 ‘
1254 1891 1390 1932 AEgram
1423 1902 1509 1922 vana
1536 1902 1595 1932 spe
1624 1893 1704 1924 lusit

1000 1941 1196 1972 amauteni.'

1042 1990 1165 2030 Morus]
1203 1991 1405 2022 Sallustius:
1431 1991 1440 2008 ‘
1456 1990 1578 2022 Animo
1611 1991 1705 2032 cupi-

1000 2041 1070 2072 enti
1088 2041 1171 2072 nihil
1188 2042 1270 2072 satis
1285 2041 1488 2072 festinatur!

1044 2094 1082 2122 15
1119 2090 1228 2132 Stare]
1277 2091 1361 2122 Dies
1392 2100 1458 2121 non
1485 2089 1606 2131 fluere,
1643 2089 1703 2122 sed

1000 2145 1092 2173 stare
1135 2141 1318 2181 videntur;
1364 2141 1448 2173 adeo
1479 2141 1571 2182 longi
1601 2151 1704 2184 appa-

1000 2197 1087 2225 rent.

1044 2245 1084 2273 16
1108 2242 1234 2284 Scyria]
1258 2242 1361 2284 Apud
1375 2243 1606 2285 Lycomedem
1622 2243 1706 2284 Scy·

1001 2292 1028 2322 ri
1046 2293 1154 2333 AEgaei
1171 2295 1274 2324 maris
1291 2293 1411 2324 insulae
1441 2303 1554 2334 regem
1585 2292 1704 2324 Achil-

1000 2342 1048 2372 les
1062 2353 1081 2373 a
1093 2347 1200 2374 matre
1216 2344 1359 2374 Thetide
1377 2344 1502 2375 bellum
1515 2344 1704 2384 Trojanum

999 2391 1067 2424 filio
1084 2392 1255 2425 funestum
1274 2395 1430 2433 timente,
1452 2395 1568 2426 habitu
1586 2394 1703 2424 mulie-

1000 2442 1053 2473 bri
1080 2444 1270 2474 occultatus
1296 2444 1417 2475 fuerat.
1463 2445 1547 2474 Tum
1577 2443 1703 2474 Deida-

1001 2493 1067 2523 mia
1084 2494 1187 2533 Regis
1204 2492 1285 2532 filia,
1310 2494 1351 2524 ab
1374 2493 1507 2524 Achille
1531 2503 1706 2534 compres-

1001 2552 1038 2573 sa
1059 2543 1195 2583 peperit
1222 2544 1406 2584 Pyrrhum,
1435 2544 1705 2585 Neoptolemum

1000 2593 1142 2624 dictum.

1044 2644 1075 2675 F
1075 2643 1256 2685 lammabat]
1279 2644 1404 2677 Amore
1423 2646 1642 2677 veliementer
1653 2644 1704 2677 in-

1000 2692 1211 2726 flammabat.
