1852 3193
231 205 319 250 152

729 221 802 253 CL.
834 221 1115 253 CLAUDIANI
1152 222 1195 251 V.

289 312 351 354 s-Xt
373 313 604 366 Stilichon,
623 315 839 370 Zephyris
856 331 958 358 cum
980 317 1168 370 primum
1188 317 1346 359 bruma
1367 319 1545 369 remitti,

232 381 287 421 Et
301 381 408 434 juga
429 383 601 424 diffusis
623 385 781 424 nudari
800 390 952 436 coepta
969 384 1153 438 pruinis,

229 449 445 491 Partibus
464 451 606 492 ltaliae
629 452 864 504 tranquilla
880 452 926 491 in
942 465 1056 505 pace
1073 453 1252 504 locatis,

230 520 432 574 Utraque
450 527 597 562 castra
613 535 812 571 movens,
846 521 1009 562 Phoebi
1032 523 1297 575 properabat
1313 521 1370 562 ad
1389 526 1531 573 ortus,

229 588 409 629 Gallica
427 589 631 629 discretis
653 589 836 643 anque
858 592 1021 631 robora
1043 591 1201 631 turmis

1605 591 1691 631 105

228 654 519 709 Complexus.
569 657 813 710 Nunquam
830 663 966 699 tantae
989 658 1152 698 ditione
1172 658 1255 698 sub
1273 670 1363 698 una

229 722 487 765 Convenere
507 738 679 772 manus,
697 739 781 766 nec
803 730 869 766 tot
890 726 1148 766 discrimina
1163 738 1342 767 vocum.

226 789 359 832 Illinc
379 791 602 834 Armeniae
626 794 809 834 vibratis
829 794 1023 834 crinibus
1042 794 1124 834 alae

226 856 432 900 Herbida
454 860 654 901 collectae
673 861 797 901 facili
813 861 1038 902 velamina
1054 860 1172 902 nodo
1192 875 1201 900 z

225 924 338 967 Inde
361 931 506 968 truces
527 928 644 968 ssavo
667 930 935 969 comitantur
952 929 1112 970 vertice
1130 929 1264 976 Galli,

1603 929 1688 970 110

221 1045 368 1086 Stilicho,
383 1048 489 1077 statim
504 1051 595 1087 atque
617 1048 723 1088 hyems
738 1049 828 1089 coepit
843 1049 987 1087 mitigari
1006 1049 1166 1086 Favoniis,
1181 1059 1216 1079 ac
1231 1050 1350 1078 montes
1365 1051 1542 1087 coeperunt
1559 1048 1689 1081 liberari

217 1089 321 1127 glacie
334 1090 483 1129 dispersa,
507 1090 657 1120 tractibus
688 1092 791 1121 ltaliae
816 1092 973 1121 collocatis
992 1092 1026 1121 in
1051 1101 1123 1130 puce
1138 1090 1317 1130 tranquilla,
1329 1099 1507 1129 promovens
1521 1095 1625 1123 castra
1634 1102 1689 1131 ge-

220 1131 319 1169 mina,
338 1131 514 1168 festinabat
530 1142 636 1162 versus
659 1133 763 1163 Solem
778 1134 940 1170 orientem,
971 1133 1084 1163 habens
1099 1133 1181 1163 vires
1197 1132 1360 1163 Gallorum
1383 1136 1414 1163 et
1434 1133 1587 1173 Orientis,
1602 1145 1688 1175 sepa-

218 1175 300 1203 ratis
315 1174 500 1212 agminibus.
548 1175 717 1215 Nunquam
733 1176 814 1206 tanti
840 1176 994 1206 exercitus
1006 1176 1190 1215 congregati
1210 1178 1281 1205 sunt
1296 1173 1350 1205 sub
1366 1184 1425 1205 nno
1439 1175 1582 1215 imperio,
1594 1187 1690 1217 neque

218 1224 367 1257 unquam
391 1220 480 1247 tantu
494 1217 677 1257 differentia
703 1219 881 1257 linguarum
900 1217 977 1250 fuit.
1025 1219 1111 1249 Hinc
1135 1221 1267 1249 catervae
1292 1217 1452 1248 Armeniae
1473 1219 1594 1259 capillis
1615 1220 1691 1250 cris-

217 1260 315 1299 pum,
336 1259 499 1290 habentes
522 1264 620 1292 vestes
635 1261 751 1291 virides
765 1262 904 1292 collectas
918 1263 996 1292 nodo
1012 1262 1096 1292 tenui
1107 1273 1117 1292 .·
1140 1261 1212 1292 inde
1238 1260 1325 1291 Galli
1345 1259 1469 1298 seroces
1483 1261 1620 1293 crinibus
1624 1262 1690 1303 fla-

834 1334 1069 1348 eeeeeeeeeeee

220 1385 291 1417 Hic
306 1396 387 1417 vero
410 1396 527 1417 versus
551 1387 586 1418 in
609 1388 706 1420 Med.
733 1399 801 1420 sec.
824 1398 924 1419 manu
951 1389 1135 1419 recentiori
1165 1389 1199 1419 in
1215 1388 1366 1427 margine
1382 1392 1435 1420 est
1458 1389 1689 1429 ascriptus.—

220 1431 281 1459 101
318 1430 379 1460 Ast
396 1430 472 1461 Pat.
488 1431 685 1462 Exc.V0ss.
720 1432 855 1463 Stilicho
869 1432 946 1463 Vat.
962 1442 1012 1472 pr.
1038 1432 1174 1463 Stilicon
1197 1433 1261 1463 Ex.
1285 1432 1430 1462 Lucens.
1448 1441 1500 1472 pr.
1527 1437 1562 1463 et
1587 1432 1688 1464 Laeti.

220 1472 335 1502 Stilico
352 1473 432 1503 Vat.
449 1482 517 1504 sec.
551 1475 671 1504 remitti
697 1476 750 1505 vel
772 1476 887 1506 reverti
903 1475 1094 1506 Fun—102
1119 1485 1180 1515 pro
1208 1475 1323 1505 nudari
1346 1474 1511 1505 Heinsius
1528 1475 1689 1515 conjicie-

221 1514 282 1545 bat
304 1515 439 1545 viduuri.
456 1520 547 1556 captu
568 1518 652 1548 Exc.
670 1518 877 1548 Voss.—103
915 1520 984 1548 tuta
1011 1517 1067 1548 sub
1094 1528 1167 1557 poce
1194 1518 1314 1548 relictis
1344 1522 1412 1548 vet.
1439 1517 1525 1558 Gyr.
1550 1521 1586 1548 et
1602 1518 1688 1549 Exc.

219 1557 367 1588 Lucens.
397 1568 463 1589 sec.
487 1559 605 1590 relictis
631 1560 709 1591 Vat.
736 1561 847 1591 Livin.
879 1560 1003 1601 Isingr.
1036 1561 1157 1591 relictis
1183 1561 1236 1590 vel
1268 1561 1376 1591 locatis
1401 1561 1481 1592 Vat.
1504 1564 1577 1600 opt.
1604 1560 1687 1592 Put.

222 1601 392 1639 tranquilla
413 1611 488 1641 pace
504 1602 600 1632 Med.
618 1607 697 1634 tert.
715 1603 842 1634 Moret.
862 1606 1039 1634 see—104
1058 1613 1119 1644 pro
1142 1604 1278 1643 Utraque
1304 1602 1469 1633 Heinsius
1486 1603 1688 1642 conjecerat

224 1642 330 1680 Ultra,
345 1642 404 1674 sed
419 1649 539 1683 postea
548 1645 734 1676 deleverat.
745 1647 824 1676 solus
835 1647 955 1677 vitiose
972 1656 1033 1685 pro
1058 1646 1138 1676 Solis
1152 1646 1227 1676 Pal.
1245 1646 1277 1675 M
1285 1645 1338 1676 ed.
1355 1655 1408 1686 pr.
1431 1648 1534 1676 ortum
1549 1645 1686 1677 Prie.—

221 1687 282 1716 105
296 1686 461 1726 discerptis
473 1688 567 1717 Rott.
578 1688 704 1718 disertis
719 1689 812 1719 Med.
830 1699 881 1730 pr.
893 1688 993 1719 turbis
1006 1689 1244 1719 'rimam—106
1256 1689 1428 1728 Amplexus
1438 1689 1520 1718 Vat.
1532 1697 1583 1728 pr.
1600 1689 1687 1720 Exc.

218 1727 364 1760 Lucens.
381 1739 448 1760 sec.
477 1733 893 1772 tanto?nunquumd'l‘huan.
912 1732 1005 1762 Prie.
1030 1742 1179 1772 nusquam
1196 1732 1280 1761 Exc.
1297 1731 1385 1762 Laeti
1402 1741 1444 1762 m.
1460 1740 1529 1762 sec.
1551 1731 1686 1762 statione

218 1770 313 1802 Prie.
331 1782 350 1802 a
366 1782 408 1802 m.
426 1776 587 1812 pr.-—107
622 1784 680 1804 non
695 1778 741 1804 tot
759 1775 832 1806 Pal.
849 1774 944 1805 Med.
963 1778 1125 1814 pn—IOS
1151 1775 1242 1805 Illinc
1258 1775 1411 1804 Florent.
1438 1774 1571 1805 Bonon.
1587 1773 1686 1805 Med.

218 1823 287 1845 sec.
305 1813 426 1845 Ambr.
444 1825 514 1846 sec.
531 1817 610 1847 Vat.
629 1817 741 1847 Livin.
766 1818 837 1848 Illic
852 1818 932 1848 Vat.
949 1827 1017 1848 sec.
1035 1818 1108 1849 Pal.
1128 1818 1219 1847 Prie.
1238 1817 1344 1848 Oisel.
1361 1817 1446 1847 Exc.
1464 1816 1560 1847 Laeti.
1585 1816 1688 1848 vibra·

215 1855 261 1886 tis
286 1858 341 1887 vel
374 1857 504 1888 vibrutoe
530 1859 614 1890 Exc.
640 1860 740 1890 Laeti.
765 1860 895 1890 vibrata>
912 1860 1034 1901 reliqui
1053 1860 1161 1891 Codd.
1178 1869 1299 1899 magno
1325 1868 1477 1897 numer0‚
1493 1864 1531 1889 ut
1547 1864 1584 1889 et
1600 1860 1686 1891 Exc.

218 1898 362 1931 Gevart.
387 1901 469 1931 Var.
502 1901 574 1932 LL.
606 1902 661 1932 ed.
690 1902 793 1934 Antv.
823 1903 903 1933 item
930 1903 984 1934 ed.
1011 1903 1232 1934 Vicet.-—109
1262 1902 1397 1933 Fervida
1430 1907 1499 1931 tres
1517 1901 1600 1932 Vat.
1617 1901 1685 1932 duo

218 1940 334 1972 Oxou.
352 1942 419 1973 duo
436 1943 532 1974 Leid.
559 1944 635 1975 Pal.
652 1945 755 1976 Farn.
779 1946 871 1977 Prie.
899 1946 996 1976 Rott.
1015 1945 1122 1976 Oisel.
1147 1946 1232 1976 Exc.
1257 1945 1356 1976 Laeti.
1393 1943 1537 1974 Herbida
1552 1945 1685 1976 Bonon.

217 1983 299 2015 Put.
317 1985 401 2016 Exc.
415 1986 559 2016 Lucens.
575 1996 643 2017 sec.
662 1987 787 2028 Isingr.
801 1988 931 2026 fervida
946 1989 1000 2018 vel
1017 1987 1145 2025 ferbida
1163 1988 1242 2019 Vat.
1258 1997 1309 2027 pr.
1326 1987 1408 2017 Var.
1422 1987 1490 2017 LL.
1505 1986 1562 2017 ed.
1579 1986 1685 2019 Antv.

218 2025 400 2059 Helmaest.
439 2028 588 2070 Fervida,
614 2030 720 2061 Habea
737 2031 791 2061 vel
833 2032 950 2061 Tenum
967 2031 1085 2062 Ambr.
1108 2040 1161 2071 pr.
1198 2030 1314 2061 Findiu
1339 2034 1374 2060 et
1398 2029 1518 2060 eadem
1534 2039 1636 2060 manu
1651 2029 1686 2060 in

882 2094 1027 2128 NOTAE

261 2146 322 2173 101
348 2144 515 2184 Zephyris]
560 2146 740 2187 Zephyrus
771 2157 831 2179 seu
862 2149 924 2179 Fa-

216 2193 349 2233 vonius,
373 2199 494 2224 ventus
516 2195 624 2226 lenior
640 2197 696 2236 qui
712 2196 772 2227 flat
791 2197 832 2228 ab
855 2198 923 2228 Oc-

218 2244 378 2280 cidente‚·
417 2246 474 2285 qui
513 2247 614 2277 solvit
653 2246 792 2287 frigora,
823 2247 923 2278 flores

217 2295 322 2335 parit.
369 2295 468 2326 Unde
485 2295 610 2327 (licitur
628 2298 725 2337 quasi
753 2297 923 2338 ζωηφόρος,

217 2345 289 2376 sive
306 2344 343 2375 τὸ
359 2345 418 2387 ζῇν
429 2345 652 2387 φέρων,ίεν67ιε
666 2348 774 2379 vitam.
812 2348 923 2378 Plinio

217 2395 354 2435 dicitur,
390 2397 399 2412 ‘
424 2396 582 2436 genitalis
610 2397 730 2428 Mundi
757 2397 922 2438 spiritus.'

219 2447 396 2478 Catullus:
421 2446 430 2463 ‘
448 2446 544 2477 Aura
568 2447 658 2488 parit
682 2446 783 2479 flores
811 2447 921 2487 tepidi

218 2496 379 2528 foecunda
392 2497 543 2528 Favoni.'

263 2551 323 2579 104
349 2548 474 2588 Phoebi]
505 2548 603 2588 Solis,
626 2548 682 2590 qui
699 2549 839 2589 dicitur,
855 2550 922 2580 Φοῖ-

217 2600 283 2637 βος,
299 2599 411 2638 clarus,
429 2608 506 2638 ceu,
520 2599 584 2638 φῶς
600 2597 680 2637 βίου,
696 2600 752 2630 lux
771 2599 856 2631 vitre.

262 2652 322 2680 105
348 2649 433 2689 an]
471 2647 562 2690 ‘'Ec-25,
578 2654 614 2682 et
628 2651 699 2690 ἠὼς,
715 2651 803 2682 unde
820 2653 922 2692 Eous,

220 2698 364 2739 Aurora,
381 2699 520 2731 Oriens.

265 2752 323 2779 108
349 2751 507 2781 Armeniae
520 2750 650 2781 vibratis
663 2752 815 2792 crinibus]
858 2752 920 2784 Ar»

220 2800 331 2830 menia
356 2806 407 2831 est
436 2800 525 2833 Asiae
540 2802 645 2842 regio,
663 2802 696 2832 in
714 2813 778 2844 qua
796 2803 920 2835 milites

978 2148 1153 2180 habebant
1179 2147 1290 2179 crines
1316 2148 1369 2177 vel
1409 2150 1532 2177 natura
1555 2146 1684 2187 crispos

979 2199 1033 2228 vel
1050 2197 1142 2228 ferro
1162 2197 1326 2228 vibratos.
1677 2233 1681 2238 ι

1020 2247 1106 2286 Alae]
1151 2247 1237 2277 Sunt
1249 2247 1302 2277 hie
1318 2246 1475 2277 cohortes
1490 2245 1647 2278 militum.

1020 2300 1083 2327 109
1107 2297 1250 2328 Herbida
1278 2297 1445 2337 velamina]
1487 2297 1611 2327 Vestes
1640 2297 1682 2328 ad

977 2348 1127 2378 colorem
1161 2347 1319 2386 viridem,
1346 2347 1527 2378 herbarum
1564 2346 1684 2387 instar,

977 2397 1195 2429 aecedentes.
1235 2398 1336 2439 Apud
1349 2399 1516 2429 Romanos
1531 2396 1596 2428 hoc
1609 2406 1682 2428 ves-

977 2449 1020 2479 tis
1037 2457 1142 2488 genus
1156 2454 1229 2479 erat
1247 2449 1500 2489 pauperiorum.

1021 2502 1082 2530 110
1106 2499 1203 2530 Flavo
1219 2499 1332 2530 vertice
1345 2498 1447 2538 Galli]
1485 2497 1578 2529 Galli
1595 2497 1682 2529 dicti

976 2559 995 2580 a
1009 2550 1121 2579 colore
1137 2548 1298 2588 candido,
1326 2558 1402 2579 nam
1419 2546 1507 2587 γάλα
1518 2548 1564 2578 lac
1580 2547 1682 2588 signi-

974 2599 1068 2631 ficat.
1135 2599 1220 2631 Quae
1269 2598 1454 2639 appellatio
1500 2598 1680 2629 Gallorum

975 2650 1289 2690 comprehendebat
1315 2653 1350 2680 et
1378 2649 1580 2687 Germanos,
1606 2648 1679 2689 qui-

977 2701 1038 2731 bus
1061 2699 1150 2734 flava
1174 2711 1232 2732 seu
1257 2701 1267 2717 ‘
1292 2709 1395 2731 aurea
1424 2698 1593 2731 caesaries'
1621 2698 1680 2730 tri-

978 2750 1106 2782 buitur.
