1852 3193
220 221 306 264 476
660 229 734 259 cn.
767 223 1048 257 CLAUDIAM
1082 224 1232 256 xviii.

223 328 275 368 In
292 327 472 378 similes,
495 326 752 378 animosque
771 323 907 375 ligant
927 322 1149 363 consortia
1170 322 1333 363 damni.

222 396 311 436 Istc
332 409 409 436 nec
433 394 640 435 eunuchis
660 391 886 445 placidus:
919 389 994 430 sed
1016 390 1140 444 pejus
1159 390 1203 430 in
1224 402 1376 430 aurum
1593 391 1679 434 190

222 464 418 504 AEstuat.
479 462 581 502 Hoc
602 473 687 501 uno
708 459 863 500 fruitur
882 459 1059 499 succisa
1078 457 1230 498 libido.

279 531 399 581 Quid
419 541 574 569 nervos
596 528 790 568 secuisse
804 526 969 580 juvat?
1002 525 1070 565 vis
1091 525 1209 565 nulla
1230 528 1450 566 cruentam

222 599 396 639 Castrat
417 597 660 638 avaritiam.
722 595 880 636 Parvis
901 594 1094 635 exercita
1114 593 1260 642 furtis,

222 666 337 716 Quae
360 670 533 706 vastare
555 676 731 717 penum,
752 661 1040 714 neglectaque
1062 664 1265 701 sueverat
1286 671 1403 700 arcae

221 733 426 774 Claustra
443 731 646 780 remoliri,
665 742 780 770 nunc
799 728 996 769 uberiore
1016 727 1176 781 rapina
1594 729 1683 773 195

218 801 385 842 Peccat
405 800 450 840 in
470 799 575 839 orbe
596 810 767 839 manus.
830 795 1057 849 Quicquid
1079 809 1125 836 se
1144 795 1291 848 Tigris
1318 796 1375 837 ab
1398 795 1564 838 Haemo

222 867 410 918 Dividit,
432 868 517 907 hoc
538 869 657 907 certa
677 865 886 918 proponit
906 877 1048 904 merce
1067 864 1304 905 locandum

220 998 390 1030 similitudo
419 998 570 1027 malorum
598 995 743 1026 conciliat
769 999 893 1027 mentes.
938 995 1005 1026 Iste
1029 1005 1126 1035 neque
1150 996 1239 1026 milis
1261 1001 1312 1027 est
1332 997 1490 1038 eunuchis,
1514 998 1567 1028 sed
1594 998 1684 1028 ardet

220 1040 357 1072 deterius
382 1039 532 1070 desiderio
554 1038 712 1078 pecunioe:
743 1038 897 1078 cupiditas
921 1042 1041 1068 resecta
1068 1038 1190 1078 potitur
1216 1038 1272 1069 hae
1299 1040 1364 1069 sola
1395 1040 1551 1079 pecunia.
1599 1040 1684 1075 Quid

218 1084 342 1124 prodest
358 1085 543 1131 amputasse
565 1080 694 1113 nervos?
739 1081 868 1111 Nullum
889 1080 1013 1118 ferrum
1040 1084 1155 1111 resecat
1170 1081 1339 1112 avaritiam
1359 1083 1523 1112 crudelem.
1569 1082 1685 1113 Manus

221 1126 307 1156 Euti
311 1125 378 1165 opii
394 1134 433 1154 ea
431 1128 522 1164 perta
536 1124 569 1154 in
577 1123 680 1161 furtis
693 1123 828 1163 exiguis,
841 1133 908 1163 qiioe
919 1133 1036 1154 manus
1051 1123 1144 1154 solita
1159 1127 1227 1154 erat
1238 1124 1381 1173 populari
1395 1125 1512 1163 celiam,
1525 1127 1555 1155 et
1570 1134 1687 1164 expug-

220 1177 294 1199 nare
309 1177 409 1198 ceram
424 1177 506 1197 arcoe
515 1166 692 1206 sepositam,
707 1176 787 1196 nunc
799 1167 961 1207 praedatur
968 1166 1060 1204 furto
1076 1166 1253 1206 copiosiore,
1265 1167 1298 1198 in
1319 1168 1442 1198 mundo.
1487 1148 1684 1198 S⁹ecundum

220 1212 254 1241 id
279 1220 376 1252 omne,
398 1219 464 1252 quo
490 1208 599 1249 Tigris
627 1212 791 1250 separatur
816 1209 855 1241 ab
870 1210 975 1249 AEmo,
1000 1209 1188 1250 Eutropius
1211 1209 1351 1241 venditor
1366 1209 1456 1249 regni
1485 1214 1521 1242 et
1541 1209 1686 1242 venditor

836 1319 1071 1332 aeaeaeaeaeaeaeaeaeaeaeae

220 1408 350 1440 Mazar.
373 1408 468 1440 Med.
484 1412 594 1450 quart.
610 1408 697 1440 Exc.
713 1407 801 1440 Laeti
818 1414 853 1440 et
875 1407 929 1439 ed.
949 1407 1062 1438 Vicet.
1095 1407 1179 1438 natis
1191 1406 1337 1446 generive
1351 1406 1478 1439 Moret.
1494 1417 1561 1440 sec.
1593 1408 1685 1440 timet

221 1452 315 1483 Med.
333 1461 400 1483 sec.
422 1452 576 1483 dementia
591 1452 670 1483 Vat.
688 1461 736 1492 pr.
754 1461 796 1482 m.
813 1453 973 1491 pr.—189
996 1451 1101 1489 legant
1118 1451 1198 1482 Vat.
1212 1460 1262 1491 pr.
1279 1460 1322 1481 m.
1335 1460 1386 1490 pr.
1409 1451 1588 1482 commercia
1603 1451 1683 1484 Jiiri.

219 1503 272 1534 pr.
285 1496 375 1533 regni
389 1495 520 1526 Bonon.
533 1495 638 1525 damni
649 1495 704 1525 vel
716 1494 806 1533 regni
818 1494 1008 1525 Pure-190
1021 1493 1080 1524 iste
1095 1492 1161 1524 duo
1178 1493 1296 1524 Leidd.
1313 1499 1349 1524 et
1366 1494 1503 1533 plurimi
1521 1494 1592 1533 alii,
1603 1494 1688 1526 ExC·

220 1537 363 1569 Gevart.
379 1538 522 1569 Lucens.
537 1547 589 1578 pr.
606 1537 683 1569 Aid.
700 1542 735 1568 et
751 1537 805 1568 ed.
820 1537 933 1567 Vicet.
958 1535 1018 1566 Ille
1034 1536 1087 1566 vel
1103 1536 1167 1567 Iste
1179 1537 1264 1567 Exc.
1276 1537 1377 1567 Laeti.
1403 1536 1572 1567 Eunuchus
1582 1537 1684 1569 Farn.

219 1579 299 1610 Vat.
310 1584 387 1611 tert.
398 1590 441 1611 m.
455 1590 503 1620 pr.
516 1590 577 1620 pro
590 1579 679 1620 pejus
687 1580 806 1611 Heins.
818 1580 1015 1619 conjecerat
1024 1581 1254 1619 prorius.—19l
1269 1589 1409 1610 succensa
1424 1578 1543 1610 Ambr.
1555 1589 1606 1620 pr.
1618 1579 1686 1611 inc,

221 1620 451 1653 Heins.—192
466 1633 574 1653 nervos
589 1624 673 1653 Exc.
692 1623 836 1653 Lucens.
853 1631 921 1653 sec.
943 1631 1086 1651 numeros
1103 1621 1185 1652 Put.
1201 1622 1416 1662 Med.quart.
1429 1621 1484 1652 ed.
1500 1622 1616 1653 Vicet.
1638 1621 1687 1652 cis

221 1663 283 1694 ulla
299 1664 537 1696 Bonum—193
551 1665 723 1695 amicitiam
742 1665 873 1695 Bonon.
885 1665 1036 1694 exterrita
1051 1664 1237 1694 Pan-494
1260 1665 1398 1703 neglecta
1410 1665 1553 1695 sueverat
1563 1665 1617 1696 ed.
1627 1664 1687 1694 vi-

223 1710 289 1737 cet.
305 1715 386 1736 «ιη-α’
402 1707 481 1737 Vat.
498 1716 549 1746 pr.
569 1711 638 1737 vet.
654 1707 739 1746 Gyr.
756 1707 841 1737 Exc.
857 1705 945 1736 Laet'i
961 1709 995 1735 et
1011 1706 1141 1736 Scliott.
1158 1706 1260 1735 archa>
1277 1706 1361 1736 Exc.
1381 1708 1524 1738 LucenS.
1549 1716 1603 1746 pr.
1618 1716 1689 1738 aree

221 1747 318 1780 Med.
336 1758 386 1788 pr.
404 1749 457 1779 ed.
478 1749 591 1779 Parin.
617 1751 685 1778 arte
701 1748 777 1778 Pal.
796 1749 890 1778 Rott.
907 1747 1016 1777 Oisel.
1046 1753 1116 1777 tres
1134 1748 1228 1778 Med.
1257 1748 1323 1778 iiic.
1355 1748 1474 1779 Heius.
1506 1748 1602 1780 Leid.
1631 1758 1684 1789 pr.

222 1790 351 1821 Moret.
368 1800 435 1821 sec,
453 1790 587 1819 Thuan.
605 1790 735 1821 Mazar.
764 1794 834 1820 tres
851 1790 976 1820 Petav.
993 1789 1078 1819 Exc.
1095 1789 1239 1819 Gevart.
1263 1790 1388 1819 Sclied.
1406 1790 1498 1821 Gud.
1514 1792 1596 1822 Var.
1614 1791 1685 1823 LL.

222 1832 278 1863 ed.
297 1832 402 1863 Antv.
420 1837 455 1862 et
469 1832 523 1862 ed.
540 1832 654 1863 Vicet.
671 1836 744 1862 ante
760 1832 840 1863 vat.
856 1841 923 1862 sec.
937 1833 1006 1861 arte
1020 1831 1072 1861 vel
1085 1841 1154 1861 arce
1174 1831 1273 1861 Farn.
1290 1841 1370 1862 arcae
1387 1833 1438 1862 vel
1454 1836 1522 1863 arte
1538 1834 1686 1865 Florent.

222 1875 351 1906 Mazar.
378 1884 424 1905 m.
449 1883 518 1905 sec.
548 1874 652 1910 arche,
684 1875 738 1904 vel
765 1884 845 1913 arce,
868 1874 922 1904 vel
944 1877 1016 1904 ante
1044 1874 1128 1913 Reg.
1155 1872 1268 1903 Oxon.
1287 1877 1445 1913 pia—195
1469 1885 1529 1906 non
1549 1875 1688 1908 uberiore

220 1918 306 1948 Exc.
325 1917 411 1948 Laeii
436 1927 480 1947 m.
513 1927 562 1958 pr.
582 1917 664 1947 item
696 1916 773 1947 ΑΜ.
802 1922 837 1946 et
861 1916 983 1955 Isingr.
1011 1916 1069 1956 qui
1097 1916 1130 1946 in
1158 1916 1308 1956 margine
1334 1927 1415 1947 nunc
1447 1918 1500 1948 vel
1523 1928 1608 1949 num.
1631 1928 1687 1950 nec

221 1959 277 1990 ed.
290 1960 406 1991 Vicet.
421 1970 502 1990 nunc
516 1960 583 1990 duo
600 1959 724 1990 Leidd.
740 1969 815 1989 cum
833 1959 952 1999 viginti
970 1964 1115 1998 quatuor
1131 1959 1284 1998 scriptiS,
1303 1960 1386 1990 Exc.
1405 1960 1548 1991 Gevart.
1562 1961 1687 1993 Sclied.

223 2001 315 2033 Gud.
332 2003 414 2033 Var.
429 2003 497 2033 LL.
515 2012 533 2033 e
550 2011 656 2042 marg.
674 2002 789 2032 Parni.
807 2005 841 2032 et
865 2002 919 2032 ed,
936 2000 1041 2032 Antv.
1056 2001 1199 2032 liberiore
1216 2001 1310 2032 Med.
1334 2005 1552 2042 quart—196
1575 2004 1687 2034 Peecet

221 2045 256 2075 in
285 2044 357 2076 orbe
385 2044 515 2077 mamis?
538 2046 623 2077 Exc.
650 2044 747 2075 Laeti.
772 2045 887 2075 Portut
911 2044 965 2074 ed.
981 2044 1091 2075 vicet.
1110 2044 1224 2075 Pecu-at
1254 2044 1319 2075 duo
1345 2044 1467 2075 Leidd.
1485 2051 1521 2077 et
1549 2045 1687 2086 plurimi

223 2087 334 2118 Codd.
362 2088 448 2118 Exc.
479 2088 623 2118 Gevarr.
653 2088 799 2118 Lucens.
832 2097 884 2128 pr.
913 2086 967 2118 ed.
1003 2087 1114 2117 l’arm.
1146 2093 1180 2117 et
1207 2087 1319 2119 Vicet.
1348 2088 1461 2119 Peccat
1484 2089 1539 2119 vel
1567 2089 1686 2120 Pareat

221 2130 376 2161 Floreat.
403 2140 510 2160 manus
526 2131 654 2161 Moret.
681 2140 733 2172 pr.
762 2130 845 2160 Exc.
863 2129 1007 2161 Gevart.
1034 2129 1147 2160 Haemo
1170 2130 1222 2160 vel
1253 2130 1314 2160 imo
1341 2131 1392 2160 vel
1423 2130 1544 2161 Hermo
1571 2131 1685 2163 Oxou.

223 2175 399 2204 sem—197
425 2172 474 2203 hic
501 2173 581 2203 Vat.
613 2173 720 2214 quint.
753 2172 849 2204 Med.
880 2178 992 2214 quart.
1031 2173 1168 2204 mercede
1197 2172 1442 2206 Tholos.—198
1465 2173 1599 2205 Institor
1629 2175 1684 2205 vel

885 2275 1024 2307 NOTAE

265 2352 328 2382 189
354 2350 520 2381 Consortia
556 2349 678 2390 damni]
730 2350 925 2382 Similitudo
979 2361 1057 2382 men
1071 2361 1193 2383 nei-vos
1218 2351 1357 2383 alterius
1373 2350 1521 2383 libidinis
1538 2355 1575 2384 et
1589 2350 1684 2393 cupi-

221 2400 398 2438 malorum,
424 2410 499 2440 quae
524 2400 598 2440 quis
624 2400 695 2441 pati
721 2405 847 2440 potest,
871 2401 925 2430 vel
978 2401 1097 2432 ditatis
1111 2402 1144 2432 in
1158 2411 1287 2432 aurum.

221 2449 255 2480 in
273 2459 319 2490 se,
336 2450 389 2480 vel
407 2451 441 2480 in
458 2450 586 2489 liberis,
608 2450 770 2481 conciliat
785 2451 923 2481 animos.
1024 2455 1085 2483 196
1110 2452 1265 2491 Quicquid
1280 2461 1311 2482 se
1325 2451 1453 2491 dividit]
1478 2451 1541 2482 Est
1554 2451 1682 2491 phrasis

222 2499 386 2540 Virgilius
409 2500 451 2530 de
478 2500 616 2532 Didone
634 2511 641 2531 :
677 2502 685 2517 ‘
702 2501 782 2532 Non
804 2501 924 2540 ignara
979 2503 1120 2533 Graeca:
1137 2503 1200 2533 hoc
1212 2508 1276 2541 est,
1289 2501 1380 2541 κατὰ,
1390 2500 1575 2532 secundum
1590 2502 1683 2544 quic·

221 2551 302 2582 mali
318 2551 448 2581 miseris
465 2560 666 2581 succurrere
683 2551 776 2582 disco
789 2550 811 2580 :’
979 2552 1059 2592 quid
1076 2551 1250 2582 dividitur.

268 2606 327 2635 191
354 2602 484 2641 Libido]
520 2603 584 2633 Est
602 2602 654 2633 vel
678 2602 800 2632 amoris
817 2602 849 2632 in
867 2600 925 2632 foe-
1023 2602 1143 2642 Tigris]
1176 2600 1313 2631 Fliivius
1339 2600 1548 2642 Armeniam,
1576 2601 1682 2643 Assy-

222 2653 341 2690 minas,
354 2654 407 2683 vel
420 2654 452 2683 in
465 2662 594 2683 aurum.
619 2653 674 2683 Sic
684 2651 802 2683 succisa
818 2651 924 2691 libido,
979 2651 1077 2689 riam,
1093 2651 1243 2691 aliasque
1260 2650 1454 2691 provincias
1474 2652 1617 2685 alluens.

222 2702 256 2735 id
270 2707 334 2742 est,
344 2702 528 2743 Eutropius
543 2703 692 2733 succisos
707 2702 834 2733 habens
851 2712 924 2734 ner·
1021 2700 1147 2740 Haemo]
1176 2701 1243 2732 vei
1265 2701 1370 2733 AEmo.
1423 2700 1489 2734 Hic
1513 2705 1565 2737 est
1585 2711 1682 2735 mons

223 2759 284 2785 vos
311 2752 459 2785 libidinis
487 2753 521 2785 in
542 2751 707 2794 foeminas,
728 2752 856 2785 retinet
876 2759 924 2785 ta·
978 2750 1147 2784 Thraciae.
