1857 3177
552 207 597 235 is
636 205 710 235 «311.
745 206 1103 236 cummanum.
1489 200 1545 238 :32³

94 306 161 343 cst
183 302 297 342 enini
333 302 559 341 multorum
595 300 823 354 poctarum
858 300 1149 353 perpolitionc
1186 300 1281 340 trita
1316 308 1442 353 atquc
1474 301 1546 341 de-

92 373 279 418 cantata,
312 370 505 421 variique
536 368 668 421 mythi
699 381 797 408 cum
833 367 910 407 illa
942 366 1167 420 conjuncti
1191 371 1306 415 sunt,
1348 369 1422 418 qui
1464 382 1545 408 non

91 437 234 477 solum
265 437 319 477 ad
341 438 580 488 argumenti
601 436 849 476 dilationem
883 439 1011 488 atque
1041 433 1437 488 amplificationem,
1474 437 1546 475 sed

91 504 223 544 etiam
261 503 315 543 ad
350 506 551 543 ornatum
585 507 626 543 et
661 503 916 543 varietatem
952 502 1160 555 pertinere
1193 502 1378 555 possint.
1460 501 1546 541 llis

93 570 363 611 Claudianus
384 570 558 622 quidem
581 583 684 609 usus
707 574 786 618 cst,
809 569 952 609 minus
974 575 1119 609 tamen
1149 568 1204 608 ad
1233 569 1449 608 actionem
1472 581 1547 609 va-

90 638 283 678 riandam
322 641 366 677 et
400 637 787 691 multiplicandam,
818 649 950 689 quam
981 636 1035 675 ad
1064 649 1204 676 rerum
1233 636 1546 688 descriptiones

88 705 392 757 facultatisque
410 705 612 745 oratoriae
634 704 979 745 ostentationem.
1043 703 1176 753 Quod
1193 704 1310 744 enim
1332 716 1388 743 ex
1409 704 1545 743 omni-

90 773 170 812 bus
193 772 473 820 carminibus,
497 772 651 824 paucis
672 775 839 811 tantum
861 772 1076 824 exceptis,
1113 774 1303 820 constat,
1337 770 1468 811 etiam
1489 784 1545 811 ex

88 840 170 880 hoc
187 839 348 888 elucet,
371 839 661 879 Claudianum
682 838 935 892 neutiquam
959 839 1132 892 ingenio
1163 839 1432 888 destitutum,
1469 838 1545 878 sed

89 910 223 947 totum
247 907 354 947 illud
377 911 650 948 consumtum
679 920 776 947 esse
796 908 842 948 in
865 907 1127 955 elocutione,
1155 907 1217 947 ita
1237 911 1284 947 ut
1305 905 1543 947 inventioni

88 986 247 1015 vacare
268 988 352 1015 non
374 979 533 1028 posset.

145 1042 396 1095 Sequuntur
416 1042 629 1095 epistolae,
659 1055 842 1095 quarum
864 1041 1118 1094 dignitatem
1138 1042 1315 1094 reliquis
1348 1040 1547 1082 carmini-

88 1111 170 1151 bus
192 1109 436 1150 inferiorem
469 1114 593 1162 putat
624 1110 846 1150 Gesnerus
868 1109 995 1158 adeo,
1027 1112 1076 1149 ut
1101 1110 1336 1158 existimet,
1372 1109 1458 1148 sibi
1479 1119 1547 1148 ro—

89 1177 278 1230 gandum
299 1190 397 1218 esse
419 1178 638 1226 lectorem,
671 1190 725 1217 ne
742 1191 796 1217 ex
819 1176 904 1216 illis
927 1176 1107 1217 virtutes
1129 1176 1359 1216 Claudiani
1382 1176 1546 1228 ponde-

88 1249 166 1295 ret,
200 1258 278 1286 seu
312 1258 364 1285 ne
397 1245 642 1293 arbitretur,
674 1245 883 1297 quoniam
915 1243 1141 1295 superiora
1169 1243 1344 1295 egregia
1375 1243 1545 1291 suerint,

88 1314 220 1353 etiam
240 1313 318 1352 has
340 1312 426 1352 sibi
448 1324 544 1351 csse
564 1311 814 1351 imitandas.
877 1310 1115 1350 Moverunt
1134 1309 1256 1349 illum
1278 1310 1420 1348 virum
1441 1308 1544 1349 doc-

87 1379 305 1419 tissimum
330 1391 398 1427 ea,
436 1390 539 1431 quae
562 1378 665 1417 olim
696 1378 898 1418 solebant
928 1390 1026 1417 cum
1041 1376 1096 1416 de
1117 1376 1320 1416 universo
1341 1374 1545 1427 epistola-

86 1459 176 1487 rum
199 1459 367 1498 genere,
388 1449 478 1486 tum
510 1445 564 1485 de
585 1445 786 1498 epistolis
806 1443 996 1498 poeticis
1017 1443 1246 1496 disputari,
1268 1443 1468 1483 omnibus
1489 1442 1545 1483 ad

86 1513 309 1555 Ciceronis
331 1518 373 1554 et
391 1513 568 1554 Horatii
587 1513 800 1566 epistolas
821 1512 985 1552 relatis.
1047 1510 1136 1551 Sed
1149 1523 1231 1551 nec
1254 1509 1412 1551 Cicero
1429 1511 1545 1550 tenui

85 1586 129 1623 et
149 1583 341 1623 incomto
363 1581 585 1622 scribendi
605 1594 762 1634 genere
783 1593 955 1633 semper
975 1592 1080 1620 usus
1101 1581 1182 1628 est,
1204 1592 1351 1619 verum
1380 1577 1435 1618 ad
1457 1591 1542 1627 res,

85 1662 308 1703 personaS,
326 1655 370 1690 et
392 1652 592 1702 tempora
609 1647 962 1699 accommodato;
977 1659 1118 1700 neque
1134 1645 1423 1698 Ovidius,qui
1436 1644 1545 1685 illud

84 1730 219 1770 genus
251 1717 476 1771 praecipue
511 1717 755 1766 exornavit,
786 1727 1005 1769 nusquam
1037 1714 1232 1765 exsurgit
1264 1725 1545 1765 sermoneque

83 1784 214 1825 utitur
234 1784 538 1837 exquisitiore.
601 1783 715 1833 Quae
739 1796 840 1825 cum
872 1783 936 1823 ita
967 1783 1070 1832 sint,
1108 1781 1306 1823 Gesnero
1341 1780 1543 1820 assentiri

85 1864 169 1892 non
190 1865 392 1906 possum3
415 1864 665 1905 quanquam
685 1864 771 1891 non
791 1851 831 1891 is
853 1863 965 1900 sum,
980 1851 1054 1903 qui
1074 1853 1237 1903 putem,
1255 1848 1301 1888 in
1322 1848 1409 1887 illis
1427 1848 1544 1900 epis-

83 1920 185 1960 tolis
205 1919 394 1973 poeticis
414 1920 638 1961 luculenta
654 1919 874 1961 facultatis
892 1918 1083 1972 poeticae
1105 1917 1348 1970 specimina
1363 1914 1545 1956 Claudi·
1579 1958 1582 1961 ,

83 1999 213 2027 anum
235 1987 440 2028 edidisse.
500 1987 549 2027 Si
572 2000 599 2027 a
620 1985 835 2027 scribendi
869 1998 1022 2037 genere
1041 1983 1237 2032 recedas,
1275 1983 1395 2035 quod
1416 1982 1544 2022 nimis

85 2054 320 2107 quaesitum
342 2054 556 2095 interdum
576 2053 687 2094 adeo
708 2056 856 2101 tumet,
878 2052 955 2092 illa
975 2051 1169 2091 carmina
1184 2050 1358 2089 minime
1381 2050 1422 2088 in
1444 2062 1545 2103 pos-

84 2122 228 2161 tremis
249 2121 344 2173 ejus
362 2124 462 2161 sunt
480 2120 706 2171 habenda;
735 2123 777 2159 et
797 2119 906 2159 illud
924 2118 979 2158 ad
1002 2117 1246 2171 Olybrium,
1279 2118 1321 2156 in
1342 2117 1458 2169 quod
1480 2118 1545 2157 in-

82 2188 236 2241 primis
258 2188 451 2228 censoris
479 2188 751 2228 severitatem
787 2185 1015 2236 destringit
1043 2184 1282 2232 Gesnerus‚
1322 2184 1425 2223 mihi
1448 2184 1544 2237 qui-

81 2254 176 2296 dem
197 2268 283 2295 non
304 2254 539 2295 admodum
561 2253 782 2306 displicet,
817 2265 917 2292 cum
948 2255 1159 2305 reputem,
1195 2250 1427 2303 epistolam
1449 2264 1544 2291 esse

84 2321 139 2363 ad
170 2322 348 2376 poetam
383 2326 427 2362 et
464 2325 677 2362 oratorem
708 2320 940 2374 copiosum
970 2322 1013 2359 et
1048 2318 1383 2371 grandiloquum
1418 2318 1480 2372 (v.
1499 2318 1542 2360 3.

80 2388 212 2444 sqq.),
244 2390 372 2443 cujus
399 2389 568 2444 judicio
589 2392 632 2430 et
652 2389 866 2435 voluntati
895 2388 966 2429 vel
982 2388 1026 2428 in
1046 2387 1182 2428 literis
1214 2386 1544 2427 conscribendis

79 2462 194 2498 esset
213 2458 497 2499 serviendum.
560 2457 630 2498 De
648 2458 790 2511 prima
811 2457 1014 2510 epistola,
1039 2469 1117 2497 seu
1135 2454 1325 2496 carmine
1349 2464 1541 2493 xxxlx.

74 2524 166 2577 ,iam
207 2538 338 2579 supra
369 2525 540 2566 locutus
580 2538 675 2565 sum
693 2538 702 2566 :
755 2538 853 2578 quae
888 2529 1064 2573 restant,
1107 2523 1162 2564 ad
1195 2521 1367 2562 dicendi
1408 2534 1543 2574 genus

82 2589 314 2633 Claudiani
334 2593 583 2634 universum
606 2593 838 2646 pertinent,
860 2591 913 2632 de
934 2605 1021 2646 quo
1042 2591 1153 2631 infra
1175 2602 1314 2630 sermo
1337 2589 1428 2629 erit.

140 2658 381 2702 Veniamus
408 2661 504 2715 jam
526 2661 583 2701 ad
603 2661 679 2702 illa
697 2660 903 2709 carmina,
919 2671 1021 2713 quae
1048 2656 1253 2713 Eidyllta,
1277 2657 1448 2696 nomine
1471 2668 1541 2696 sa-

84 2725 140 2766 tis
158 2726 395 2780 indefinito,
433 2732 657 2779 vocantur,
695 2728 960 2771 narrationes
980 2731 1023 2768 et
1042 2725 1353 2779 descriptiones
1375 2724 1540 2766 similes
