1852 3193
203 187 289 230 360
674 201 750 230 cr..
783 197 1063 229 CLAumANl
1096 198 1177 227 xv.

206 294 408 336 Advenio
430 296 640 350 supplex,
662 308 747 335 non
767 299 818 334 ut
837 293 1070 346 proculcet
1089 291 1271 334 Araxen

207 362 371 403 Consul
392 377 541 413 ovans,
563 369 778 403 nostraeve
799 366 1001 415 premant
1022 362 1295 415 phraretrata
1316 373 1491 402 secures

209 430 339 480 Susa,
362 445 440 471 nee
462 436 505 471 ut
525 432 667 471 rubris
689 429 879 484 Aquilas
898 430 1083 482 figamus
1106 431 1264 470 arenis.

208 497 324 539 Haec
345 500 487 548 nobis,
509 500 606 540 haec
644 502 744 539 ante
762 497 914 539 dabas.
977 498 1021 538 N
1024 511 1109 538 unc
1133 498 1303 551 pabula
1322 500 1492 538 tantum

209 566 355 607 Roma
375 581 545 620 precor.
606 566 818 608 Miserere
840 571 947 616 tuae,
968 571 1094 620 pater
1117 567 1294 620 optime,
1315 565 1467 618 gentis.

207 633 459 674 Extremam
482 634 668 675 defende
689 634 860 675 famem.
924 634 1192 675 Satiavimus
1213 634 1337 682 iram,

208 701 257 742 Si
279 714 368 754 qua
386 701 478 743 fuit.
540 703 757 755 Lugenda
778 702 924 752 Getis,
947 706 990 743 et
1005 702 1147 742 flenda
1168 699 1326 741 Sue'vis

210 768 479 811 Hausimus:
511 771 611 823 ipsa
631 784 751 811 meos
770 771 970 811 exhorret
991 769 1171 810 Parthia
1191 782 1339 809 casus.

211 836 332 887 Quid
352 838 531 878 referam
551 839 748 880 morbive
768 839 897 889 luem,
919 838 1168 879 tumulosve
1188 837 1373 889 repletos

211 904 453 958 Stragibus,
477 909 520 946 et
542 907 717 946 crebras
739 911 943 958 corrupto
963 905 1107 946 sidere
1129 904 1325 945 mortes?

1613 565 1670 606 35

1617 901 1674 941 40

207 1048 267 1069 ‘non
283 1041 317 1068 ut
332 1037 436 1067 consul
446 1037 643 1076 triumphans
655 1040 795 1075 proterat
811 1036 954 1073 Araxen,
978 1038 1008 1066 et
1033 1037 1170 1074 potestas
1184 1036 1290 1063 nostra
1306 1034 1473 1063 contundat
1490 1032 1570 1063 Susa
1591 1032 1673 1064 Pha-

208 1079 468 1117 retrasferentia‚
484 1089 579 1118 neque
594 1083 629 1109 ut
644 1078 787 1119 figamus
809 1079 902 1117 signa
927 1078 968 1108 ad
993 1077 1122 1107 rubrum
1149 1085 1243 1106 mare.
1288 1075 1369 1105 Haec
1395 1074 1493 1113 nobis,
1508 1075 1572 1105 haec
1584 1075 1675 1115 prius

209 1122 399 1161 indulgebas.
445 1122 518 1161 Ego
537 1121 635 1151 Roma
648 1130 728 1151 nuuc
742 1122 837 1151 solum
848 1131 923 1159 rogo
938 1120 1105 1150 alimenta:
1129 1129 1148 1149 o
1162 1121 1254 1159 pater
1264 1117 1392 1158 optime,
1407 1117 1550 1148 miserere
1571 1118 1679 1157 populi

208 1165 267 1195 tui.
304 1164 563 1201 Remorefamem
578 1165 731 1195 ultimam.
765 1164 968 1204 Explevimus
990 1162 1184 1193 iracundiam
1200 1166 1306 1199 tuam,
1319 1160 1347 1190 sz'
1368 1170 1427 1202 qua
1441 1159 1523 1198 fuit.
1563 1160 1678 1190 Pertu-

211 1208 303 1238 limus
319 1208 407 1238 mala
422 1207 559 1247 deflenda
577 1206 680 1244 Getis,
692 1210 722 1237 et
737 1208 867 1237 dolenda
879 1205 1006 1237 Suevis:
1029 1204 1165 1235 Parthia
1180 1205 1247 1243 ipsa
1263 1204 1368 1233 horret
1383 1203 1575 1233 calamitates
1586 1212 1678 1234 meas.

214 1250 369 1286 Quorsum
394 1259 517 1281 narrem
543 1250 686 1289 contagia
709 1250 821 1290 morbi,
842 1253 872 1280 et
898 1249 1041 1289 ingentes
1054 1251 1156 1279 strues
1171 1248 1364 1283 cadaverum,
1379 1244 1541 1284 acfunera
1554 1246 1680 1276 assidua

829 1343 1062 1355 eeeeeeeeeeee

213 1422 380 1454 Putffiel
408 1422 518 1452 Oua-en
544 1420 625 1451 Vat.
659 1431 711 1461 pr.
750 1421 869 1450 Oaxem
886 1418 1005 1449 decem
1029 1418 1096 1450 alii.
1127 1419 1212 1450 Exc.
1240 1417 1376 1448 Ruben.
1417 1417 1554 1447 Oraxem
1583 1415 1681 1447 Leid.

212 1474 264 1505 pr.
297 1465 407 1496 Oxou.
437 1475 486 1504 pr.
516 1465 597 1495 Lov.
622 1464 702 1495 Vat.
727 1468 839 1504 quart.
868 1462 964 1493 Rott.
990 1462 1073 1502 Reg.
1105 1462 1235 1492 Mazar.
1263 1461 1341 1492 Pat.
1368 1459 1502 1490 Tholos.
1540 1459 1682 1489 Araxem

212 1506 280 1538 duo
299 1507 391 1539 Med.
408 1508 537 1538 Thuan.
562 1506 678 1537 Ambr.
704 1516 772 1537 sec.
796 1506 921 1536 Moret.
938 1514 1005 1536 sec.
1022 1506 1102 1535 Vat.
1118 1509 1229 1545 quart.
1248 1513 1309 1543 pro
1327 1503 1421 1533 varia
1436 1503 1596 1539 lectione,
1613 1505 1681 1532 vet.

213 1550 299 1590 Gyr.
328 1551 412 1581 Exc.
444 1550 591 1581 Gevart.
631 1551 752 1580 Oaxem
781 1549 834 1579 vel
865 1549 1003 1579 Oruwem
1025 1548 1151 1578 Movet.
1180 1557 1230 1587 pr.
1244 1545 1339 1577 Med.
1366 1548 1504 1586 pr.-32
1528 1547 1682 1574 nostraeve

216 1592 284 1623 duo
312 1593 407 1623 Med.
440 1593 503 1623 inc.
535 1592 654 1623 Heius.
683 1592 762 1622 Put.
794 1592 877 1630 Reg.
905 1591 1036 1621 Thuan.
1069 1590 1136 1620 duo
1169 1591 1294 1620 Moret.
1318 1593 1354 1619 et
1384 1587 1505 1619 Ambr.
1537 1586 1682 1617 totidem

219 1634 332 1666 oxon.
364 1640 432 1665 tres
465 1636 587 1665 Petav.
617 1635 698 1665 Var.
728 1635 795 1664 LL.
826 1633 880 1663 ed.
913 1632 1015 1663 Antv.
1065 1636 1237 1672 nostroeque
1263 1631 1329 1662 duo
1356 1630 1452 1661 Vatt.
1485 1630 1561 1659 Pal.
1587 1628 1681 1659 Prie.

217 1677 324 1709 Oisel.
343 1677 420 1707 Ala.
445 1681 597 1707 nostroene
627 1676 682 1706 ed.
718 1676 832 1706 Vicet.
861 1678 999 1714 prement
1033 1674 1227 1704 Oisel.—-33
1251 1674 1284 1703 in
1310 1673 1414 1703 rubris
1448 1671 1567 1711 viginti
1601 1676 1681 1701 octo

217 1719 325 1752 Codd.
356 1719 409 1750 ed.
433 1721 548 1751 Parm.
583 1723 618 1749 et
656 1719 769 1749 Vicet.
810 1718 893 1748 Exc.
935 1718 1077 1748 Gevart.
1114 1717 1218 1747 rubeis
1243 1715 1339 1746 Med.
1371 1719 1482 1755 quart.
1519 1713 1685 1754 fugiamus

216 1762 380 1794 Pan—34
415 1762 500 1792 robis
535 1762 586 1792 ed.
615 1761 814 1792 Parm.—35
856 1760 956 1791 Roma
988 1764 1092 1790 tamen
1123 1760 1178 1789 vel
1212 1759 1312 1789 Roma
1348 1758 1429 1797 petit
1471 1756 1567 1787 Med.
1613 1765 1683 1787 sec.

216 1807 283 1837 dux
306 1807 420 1846 optime
449 1805 545 1835 Med.
574 1806 771 1844 quarn-36
794 1803 916 1833 Heius.
953 1802 1043 1842 conj.
1088 1802 1365 1832 satiarimus.——37
1392 1799 1429 1830 St
1457 1809 1516 1839 qua
1534 1798 1604 1836 suit
1630 1799 1685 1829 vel

207 1848 318 1887 forent
345 1848 469 1878 Moret.
492 1849 648 1877 see—38
672 1846 814 1876 exhorret
832 1849 900 1875 vet.
925 1845 1009 1885 Gyr.
1044 1844 1193 1874 horrescit
1220 1843 1346 1873 Moret.
1374 1852 1425 1882 pr.
1460 1842 1598 1871 horreret
1616 1851 1686 1872 om-

219 1901 279 1921 nes
297 1891 393 1921 Vatt.
418 1890 491 1920 Pal.
508 1890 599 1920 Pric.
638 1888 780 1919 horrebat
805 1889 907 1918 Farn.
933 1887 987 1918 ed.
1014 1887 1125 1918 Vicet.
1142 1887 1226 1917 Exc.
1243 1885 1320 1916 Pat.
1337 1895 1402 1915 rec.
1421 1894 1464 1914 m.
1482 1893 1549 1914 sec.
1580 1885 1685 1915 horret

215 1933 277 1969 iam
292 1934 371 1964 Vat.
388 1942 439 1973 pr.
457 1943 498 1962 m.
517 1942 584 1963 sec.
603 1932 699 1962 Rou.
714 1930 810 1962 Med.
828 1940 895 1961 see.
913 1931 1044 1960 Bonon.
1064 1930 1145 1960 Put.
1161 1930 1240 1959 Vat.
1259 1928 1368 1958 Livin.
1403 1937 1439 1957 en
1463 1927 1567 1956 horret
1584 1927 1688 1957 corri-

216 1977 321 2017 gebat
338 1975 596 2006 Heinsius.—-39
619 1975 762 2004 mansure
778 1973 898 2004 Ambr.
918 1983 967 2013 pr.
1000 1972 1156 2012 morbique
1177 1972 1275 2002 Fam.
1297 1970 1393 2001 Med.
1412 1979 1480 2000 sec.
1517 1970 1687 2000 tumulosve

218 2019 296 2050 Vat.
313 2023 423 2060 quart.
452 2018 528 2049 Pal.
553 2017 646 2049 Prie.
671 2017 768 2047 Rott.
794 2016 908 2047 Oxou.
934 2025 985 2055 pr.
1011 2015 1107 2046 Leid.
1133 2024 1180 2055 pr.
1219 2014 1409 2053 tumulosque
1426 2012 1493 2043 alii.
1517 2012 1688 2042 cumulosve

217 2062 313 2093 Med.
330 2072 382 2102 pr.
398 2072 442 2092 m.
461 2071 510 2101 pr.
549 2061 661 2091 Vicet.
689 2059 768 2091 Ald.
793 2059 915 2098 Isiugr.
941 2059 1085 2099 Raphel.
1111 2063 1147 2088 et
1174 2057 1279 2088 Gesn.
1297 2061 1333 2087 et
1349 2056 1403 2086 ed.
1421 2056 1561 2095 Bipont.
1584 2064 1688 2085 cumu-

218 2106 320 2145 losque
346 2104 399 2135 vel
427 2104 596 2135 tumulosve
626 2108 773 2143 quatuor
806 2102 901 2133 Vatt.
936 2103 1037 2132 Farn.
1070 2100 1265 2132 OiseL—40
1288 2098 1403 2130 crebris
1428 2098 1506 2129 Vat.
1536 2097 1688 2138 quint.—

888 2192 1029 2224 NOTAE

266 2263 305 2290 31
330 2258 476 2298 Araxen]
499 2257 656 2288 Fluvium
669 2255 929 2295 A1·meniae‚sed
983 2254 1227 2294 immanissimi,
1258 2253 1314 2295 qui
1355 2253 1524 2284 Romanos
1566 2250 1689 2292 saepius

223 2311 391 2351 accipitur
408 2319 470 2349 pro
488 2308 588 2339 Asia:
614 2317 691 2348 pars
708 2316 769 2347 pro
786 2310 870 2336 t0t0.
980 2305 1198 2336 infestarunt.

266 2364 306 2392 33
331 2359 426 2399 Susa]
451 2359 560 2399 Regia
572 2362 627 2388 est
642 2357 823 2388 Persarum
841 2354 930 2396 peri'-

221 2412 428 2444 tissimorum
446 2419 507 2440 usu
523 2408 734 2448 sagittarum.

264 2462 410 2502 Aquilas]
439 2461 518 2492 Non
534 2464 573 2491 ut
587 2460 686 2500 signa
701 2459 929 2490 Romanorum

222 2512 364 2553 figamus
381 2511 423 2542 ad
442 2511 580 2541 rubrum
595 2518 699 2540 mare.

266 2568 306 2595 35
335 2563 408 2594 Tuae
421 2559 541 2601 gentis]
574 2561 626 2591 Ex
654 2565 689 2590 te
714 2562 818 2597 ortam
853 2568 928 2589 nam

224 2616 388 2647 Romulus
410 2613 536 2645 Martis
572 2611 678 2648 filius;
711 2610 807 2640 Mars
839 2608 928 2639 filius

225 2671 301 2696 erat
315 2665 429 2702 ,Iovis3
464 2665 579 2704 sicque
603 2660 746 2693 Romani
767 2659 928 2699 originem

226 2716 351 2746 ducunt
369 2715 410 2746 ab
429 2715 502 2755 ipso
519 2713 617 2746 Jove.

271 2771 305 2798 32⁷
337 2767 445 2807 Getis]
483 2765 596 2803 Getae,
618 2767 652 2794 et
679 2762 792 2801 Sum-i,
810 2761 928 2802 populi

1027 2360 1067 2388 38
1092 2356 1243 2396 Parthia]
1267 2355 1470 2386 Parthorum
1486 2353 1687 2384 Persarum-

984 2416 1048 2447 que
1066 2406 1160 2446 regio
1181 2406 1335 2445 tangitur
1352 2405 1483 2436 casibus
1504 2402 1603 2439 meis3
1626 2402 1689 2433 sic-

983 2465 1047 2497 que
1065 2466 1137 2486 sum
1146 2457 1193 2486 vel
1206 2455 1288 2485 hosti
1303 2454 1498 2485 miseranda:
1514 2452 1687 2491 adagium.

1025 2509 1067 2536 39
1090 2506 1201 2545 Luem]
1223 2506 1275 2535 Ex
1291 2503 1380 2534 fame
1398 2502 1517 2543 pestis,
1530 2511 1573 2532 ex
1590 2507 1688 2542 peste

984 2565 1073 2586 mors
1091 2556 1160 2586 tate
1178 2554 1409 2595 grassabatur.

1025 2609 1066 2637 40
1092 2608 1245 2645 Corrupto
1255 2604 1371 2644 sidere]
1398 2604 1474 2634 Non
1488 2602 1577 2643 quod
1594 2603 1686 2633 sidus

984 2661 1182 2696 corruptum
1213 2655 1268 2694 sit,
1298 2654 1356 2684 sed
1389 2653 1479 2693 quod
1520 2659 1688 2684 astrorum

983 2707 1194 2747 malignitate
1209 2705 1266 2736 aer
1282 2709 1532 2744 corrumpatur.
