1842 3193
229 225 286 266 32
776 231 1148 262 PROLEGOMENA

226 329 485 369 incassum?
534 327 605 376 Et,
630 327 668 367 si
701 330 953 375 tentaverat,
977 326 1095 379 quod
1121 329 1264 365 tamen
1283 335 1502 377 nusquam
1523 323 1689 376 signifi-

229 401 365 446 catur,
388 408 579 449 quanam
598 409 641 435 re
662 398 806 434 motus
824 394 1010 446 Jupiter,
1026 391 1244 444 siquidem
1267 391 1444 431 omnino
1465 391 1510 430 id
1533 403 1691 443 negare

228 465 429 518 potuerit,
452 463 655 515 negavit?
691 461 878 509 Deinde,
901 460 937 499 si
962 460 1201 499 Parcarum
1224 459 1404 498 arbitrio
1425 458 1573 498 omnia
1589 459 1692 498 sub-

222 532 349 585 jecta
371 534 471 571 sunt
491 529 557 583 (v,
579 529 796 578 oli—53),
818 540 894 567 cur
917 527 972 566 ad
994 526 1126 579 pedes
1145 525 1343 566 Plutonis
1364 525 1569 566 accidunt
1586 537 1690 578 sup-

227 598 402 652 plices?
453 597 605 637 Possis
628 596 786 645 dicere,
808 608 893 634 non
915 593 1111 634 Deorum
1133 606 1217 642 reS‚
1239 594 1316 632 sed
1337 593 1575 640 hominum,
1598 604 1692 632 om-

225 666 430 717 niumque
450 676 605 712 rerum,
629 676 727 715 quae
758 662 804 701 in
834 661 958 701 terris
982 664 1098 710 sunt,
1123 660 1179 699 ad
1201 660 1425 700 arbitrium
1450 660 1690 700 Parcarum

227 744 289 772 ex
308 734 447 772 mente
469 730 612 783 po‘e'tae
644 730 853 782 pertinere
883 727 950 782 (v.
973 725 1207 780 55-613.);
1256 726 1331 766 scd
1363 728 1401 766 si
1432 726 1690 767 dissolutio-

223 812 323 839 nem
346 798 477 854 legum
493 797 606 851 pacis
623 795 895 848 firnzatarum
927 795 993 850 (V.
1014 793 1124 847 64),
1159 806 1342 847 quarum
1363 797 1562 834 auctores
1580 793 1690 834 Par-

226 879 292 906 cae
315 878 361 906 sc
391 866 660 918 profitentur,
686 876 783 903 cum
819 876 875 902 ex
907 863 976 911 iis,
1007 875 1107 914 quae
1141 862 1286 901 statim
1320 866 1576 914 sequuntur,
1595 863 1689 901 tum

223 946 281 974 ex
303 933 603 985 superioribus
624 931 692 985 (v.
711 929 921 984 42—47.>
941 930 1156 983 explices,
1186 942 1328 969 rerum
1349 929 1543 969 omnium
1572 940 1690 969 com-

220 1000 406 1053 plexum
427 1000 482 1040 ab
515 1004 623 1039 nutu
656 1002 698 1039 et
731 998 909 1038 arbitrio
932 998 1177 1038 Parcarum
1199 997 1386 1049 pendere
1410 995 1684 1036 Claudianus

222 1067 363 1108 finxit.
425 1066 481 1106 cf.
505 1078 549 1105 v.
571 1065 816 1106 eis—217.
877 1064 1089 1112 Tandem,
1112 1064 1150 1103 si
1182 1063 1319 1103 futuri
1340 1067 1461 1103 erant
1481 1063 1690 1112 consciae,

223 1133 328 1186 quid
360 1134 538 1173 omnino
568 1132 671 1171 belli
706 1134 923 1182 apparatu
954 1133 1048 1168 erat
1080 1142 1208 1180 opuS,
1231 1129 1588 1182 quandoquidem
1619 1143 1686 1172 eae

222 1203 386 1241 tantum
407 1213 433 1240 a
453 1198 642 1239 Plutone
663 1196 850 1237 fuissent
871 1194 1181 1236 consulendae?
1245 1194 1359 1244 Quae
1385 1209 1483 1236 cum
1503 1197 1567 1238 ita
1588 1198 1688 1247 sint,

222 1270 418 1320 apparet,
446 1269 580 1306 totam
599 1277 688 1304 rem
709 1276 795 1303 non
817 1263 927 1302 satis
949 1265 1149 1302 accurate
1172 1274 1199 1301 a
1217 1261 1350 1314 po'eta
1368 1263 1505 1304 fuisse
1527 1276 1691 1317 expen-

224 1347 333 1374 sam.
396 1332 509 1373 Sunt
530 1334 757 1384 praeterea,
781 1342 882 1382 quaa
903 1332 1054 1368 notatu
1075 1328 1208 1380 digna
1241 1328 1493 1371 videantur:
1530 1332 1688 1384 praeci-

223 1413 309 1454 pue
331 1399 534 1453 displicet
555 1398 826 1451 comparatio
848 1399 912 1448 (v,
934 1396 1138 1447 69-75.)
1159 1410 1235 1451 per
1255 1409 1301 1438 se
1329 1398 1435 1439 satis
1452 1398 1586 1448 bona,
1610 1399 1689 1440 sed

222 1469 322 1508 1000
343 1468 502 1521 inepto.

281 1535 503 1576 Mercurio
525 1548 707 1589 propere
729 1535 873 1576 accito
907 1534 1269 1576 declamationem
1295 1534 1445 1584 Pluto,
1467 1547 1525 1576 ex
1544 1534 1687 1576 rheto-

223 1616 321 1643 rum
355 1603 572 1643 subselliis
607 1603 803 1655 petitam,
845 1603 1040 1652 detonat,
1064 1616 1151 1656 qua
1183 1603 1292 1643 satis
1321 1603 1507 1656 superbe
1526 1602 1687 1643 Jovem

221 1671 431 1723 increpat,
451 1670 698 1722 bellumque
717 1671 955 1719 minitatur,
976 1671 1062 1710 nisi
1083 1672 1351 1723 obtemperet
1380 1671 1687 1723 imperataque

224 1737 362 1778 faciat
397 1740 462 1787 (v.
498 1737 730 1787 89—116).
805 1738 996 1791 Jupiter,
1033 1739 1214 1791 perlatis
1252 1738 1488 1788 mandatis,
1529 1741 1687 1778 terrore

221 1804 371 1845 forsan
408 1805 652 1858 perculsus,
693 1805 931 1858 postulatis
966 1805 1139 1855 annuit3
1179 1805 1255 1845 illo
1296 1808 1466 1845 tantum
1499 1806 1687 1859 angitur,

221 1885 320 1925 quae
358 1873 534 1913 tandem
580 1873 688 1912 illud
742 1872 992 1925 conjugium
1035 1873 1092 1912 sit
1136 1876 1355 1913 secutura.
1438 1870 1527 1913 Sed
1565 1885 1684 1921 ecce,

221 1939 448 1990 cogitanti,
469 1940 744 1992 animumque
778 1941 822 1979 in
853 1952 1004 1980 omnes
1035 1943 1185 1992 partes
1207 1940 1411 1990 versanti,
1446 1939 1686 1993 pulcherri-

218 2018 336 2045 mum
381 2005 549 2045 scilicet
588 2007 808 2046 suboritur
849 2007 1078 2046 consilium
1118 2006 1182 2061 (v.
1224 2005 1486 2061 117-1121).
1568 2006 1684 2056 Quae

219 2075 459 2126 sequuntur
486 2072 539 2112 de
563 2072 716 2112 Cerere
736 2077 777 2113 et
798 2073 1067 2125 Proserpina
1086 2072 1148 2127 (v.
1172 2071 1419 2127 122—140)
1439 2074 1546 2114 satis
1567 2074 1686 2114 bona

218 2143 331 2187 sunt,
355 2139 516 2191 quibus
546 2139 712 2180 indicat
743 2139 892 2193 poeta,
929 2141 1103 2180 unicam
1140 2140 1311 2181 Cereris
1342 2141 1477 2181 filiam
1499 2141 1684 2181 Proser-

219 2206 371 2258 pinam
393 2217 493 2243 esse
516 2204 734 2256 matrique
756 2207 1043 2255 carissimam,
1056 2207 1151 2258 jam
1173 2207 1228 2245 ab
1246 2205 1454 2259 Apolline
1474 2210 1518 2247 et
1540 2206 1683 2248 Marte

219 2273 265 2312 in
299 2271 624 2312 matrimonium
658 2271 854 2323 petitam,
876 2284 988 2324 quos
1023 2275 1166 2311 tamen
1201 2275 1338 2312 mater
1370 2273 1681 2326 repudiaverit,

217 2338 423 2390 illamque
441 2337 645 2389 puellam,
681 2350 782 2376 cum
802 2342 950 2390 raptus
986 2337 1080 2391 ejus
1107 2342 1199 2378 tum
1219 2339 1415 2379 maxime
1446 2339 1679 2391 timeretur,

217 2405 263 2446 in
284 2405 437 2445 Sicilia
457 2405 559 2444 loco
581 2404 728 2456 aliquo
751 2407 847 2444 ante
863 2408 1113 2457 praeparato
1136 2419 1164 2446 a
1183 2410 1318 2446 matre
1337 2406 1474 2447 fuisse
1493 2407 1680 2449 abscon-

218 2472 365 2514 ditam.
427 2471 631 2525 Sequitur
651 2471 778 2511 locus
801 2474 1043 2512 communis
1064 2473 1117 2514 de
1148 2473 1303 2514 Sicilia
1323 2474 1504 2527 ejusque
1523 2475 1678 2522 insulae

216 2542 383 2589 natura,
420 2540 547 2591 cujus
583 2538 887 2591 descriptione,
916 2540 1038 2580 velut
1072 2541 1300 2592 gemmula,
1338 2554 1510 2581 carmen
1544 2541 1679 2594 poeta

218 2607 483 2660 distinguere
505 2605 687 2655 studuit,
710 2618 794 2645 non
816 2606 990 2659 quidem
1014 2608 1192 2648 omnino
1227 2608 1386 2656 aliena,
1419 2607 1499 2648 sed
1532 2611 1678 2649 tamen

213 2674 516 2726 frigidiuscula
548 2672 613 2728 (v.
648 2671 909 2726 140-157).
970 2674 1118 2715 AEtnae
1150 2676 1310 2716 montis
1347 2675 1582 2728 descriptio
1608 2674 1676 2729 (v.

219 2740 463 2796 158-168)
482 2741 661 2786 alienior
697 2743 776 2791 est,
812 2741 1060 2795 aptiorique
1095 2741 1283 2784 fortasse
1321 2743 1423 2785 loco
1455 2740 1551 2797 (111.
1572 2742 1672 2785 330.
