1857 3177
563 210 624 238 nn
661 208 816 238 snum
850 207 1135 238 canonico.
1491 193 1576 233 :359

118 307 327 347 Interius:
362 304 508 357 sugere
531 318 653 356 genae
673 318 681 345 :
709 305 859 358 jejuna
880 303 1067 344 lacertos

117 375 277 415 Exedit
297 373 485 413 macies:
518 372 707 412 humeris
730 373 807 412 vix
829 372 1011 412 sustinet
1033 368 1160 423 aegris

115 441 397 494 Squalentem
420 441 620 494 clypeum
638 454 646 480 ε
680 440 829 481 laxata
848 438 1022 479 casside
1044 438 1190 491 prodit

115 508 342 557 Canitiem,
365 509 626 561 plenamque
648 507 776 548 trahit
797 506 1009 557 rubiginis
1029 506 1218 546 hastam.

114 574 271 628 Attigit
295 581 341 617 ut
361 576 530 617 tandem
554 576 732 624 coelum,
755 574 1022 627 genibusque
1043 572 1257 614 Tonantis

116 642 365 693 Procubuit,
388 644 500 684 tales
524 643 690 683 orditur
710 644 871 682 moesta
892 640 1090 692 querelas
1109 654 1118 680 ε

173 710 220 750 Si
242 724 337 751 mea
358 712 574 752 mansuris
595 711 836 750 meruerunt
854 706 1021 746 moenia
1037 706 1174 756 nasci,

113 777 303 830 Jupiter,
327 779 546 830 augurii53
579 778 616 816 si
635 778 750 816 stant
768 777 946 815 immota
967 773 1150 827 Sibyllae

115 844 334 893 Carmina,
356 844 574 897 Tarpeias
596 844 632 884 si
653 842 839 883 necdum
860 841 1031 895 respuis
1052 853 1204 892 arces3
1520 835 1576 876 30

1523 501 1546 540 ‘v

1549 500 1575 538 Ur

111 988 186 1014 orta
202 992 243 1014 ex
252 982 369 1020 jejunio
385 982 558 1013 attenuavit
582 981 727 1012 brachia.-
759 990 841 1020 oegre
868 981 1021 1010 sustentat
1038 976 1172 1008 humeris
1186 974 1319 1017 infirmis
1331 976 1453 1005 scutum
1464 971 1556 1003 triste
1567 983 1576 1001 .-

108 1027 198 1065 galea
214 1027 314 1056 soluta
331 1025 462 1055 ostendit
480 1034 580 1061 canos,
598 1028 628 1055 et
657 1024 756 1055 trahit
783 1023 939 1063 cuspidem
954 1021 1105 1062 oppletam
1119 1018 1276 1057 rubigine.
1322 1017 1492 1057 Postquam
1507 1017 1576 1045 tan-

109 1070 178 1099 dem
192 1068 325 1107 contigit
345 1068 473 1106 Caelum,
495 1071 524 1097 et
549 1067 663 1098 accidit
689 1068 730 1096 ad
751 1076 853 1105 genua
878 1065 990 1099 Jovis‚·
1014 1072 1141 1093 moerens
1162 1060 1273 1100 incipit
1289 1059 1343 1089 hos
1358 1061 1494 1099 questus.
1538 1056 1576 1087 Si·

108 1112 189 1142 muri
206 1110 265 1141 mei
282 1111 386 1140 meriti
402 1114 472 1140 sunt
486 1119 624 1148 surgere,
640 1109 787 1149 auspiciis
802 1108 939 1145 (eternis,
963 1116 982 1136 o
998 1105 1146 1145 Jupitcr;
1171 1104 1198 1134 si
1211 1102 1432 1143 praedictiones
1447 1099 1575 1140 Sibyllae

110 1157 267 1185 remanent
282 1156 454 1184 constantes
464 1164 476 1190 ‚·
505 1153 531 1182 si
556 1162 612 1183 non
629 1152 727 1183 adhuc
750 1150 919 1182 contemnis
942 1153 1044 1179 turres
1063 1147 1221 1187 Tarpeias,
1234 1145 1320 1176 renio
1337 1144 1378 1175 ad
1397 1148 1430 1174 te
1447 1151 1575 1184 rogans,

721 1254 956 1266 eeeeeeeeeeee

110 1334 178 1355 sec.
204 1325 333 1355 latentes
350 1324 471 1355 Petav.
487 1332 538 1362 pr.
555 1322 680 1352 Moret.
697 1329 751 1360 pr.
769 1320 854 1350 Exc.
872 1318 1006 1349 Ruben.
1020 1317 1073 1348 ed.
1089 1316 1200 1347 Vicet.
1215 1315 1357 1353 jacentes
1374 1313 1455 1343 Exc.
1473 1312 1573 1342 Laeti.

100 1367 243 1405 jacentes
261 1367 313 1398 vel
331 1368 461 1397 latentes
477 1366 561 1396 Exc.
579 1364 657 1394 l'at.
675 1365 828 1393 1·ec.—-22
853 1361 1001 1392 Interius.
1023 1369 1099 1390 cum
1125 1357 1232 1398 τελείᾳ
1256 1354 1376 1396 στιγμῇ
1396 1355 1461 1385 duo
1477 1355 1573 1385 Vatt.

107 1409 230 1440 Petav.
262 1419 312 1449 pr.
334 1410 412 1439 Vat.
431 1408 539 1439 Livin.
556 1407 662 1439 Geso.
677 1405 813 1445 Koenig.
829 1409 865 1435 et
889 1404 944 1434 ed.
964 1403 1103 1443 Bipont.
1118 1401 1276 1439 jacentes:
1302 1397 1439 1429 Interius
1457 1395 1574 1435 sugere

109 1451 230 1483 Heius.
263 1453 368 1483 sedere
382 1451 511 1482 Thuan.
529 1450 582 1481 ed.
600 1449 712 1480 Vicet.
739 1447 845 1478 Gesn.
874 1446 1013 1485 Koenig.
1042 1445 1096 1476 ed.
1122 1444 1261 1484 Bipont.
1286 1441 1420 1472 Ruben.
1437 1439 1471 1470 in
1488 1439 1573 1470 Exc.

107 1494 176 1525 suis
192 1499 289 1525 notat
315 1495 364 1525 ita
389 1494 456 1531 legi
474 1494 506 1523 in
535 1492 622 1531 aliis,
648 1496 683 1522 et
708 1490 856 1530 Lipsium
881 1490 945 1519 hoc
974 1488 1140 1518 maluisse.
1165 1487 1282 1525 sugere
1299 1484 1353 1515 vel
1368 1484 1473 1514 sedere
1490 1482 1574 1512 Exe.

108 1536 186 1567 Pat.
214 1540 367 1568 rem—23
396 1536 513 1567 Exedit
537 1544 620 1565 unus
648 1533 769 1565 Heius.
810 1532 945 1562 Excedit
960 1531 1080 1561 Petav.
1107 1539 1175 1560 sec.
1202 1527 1384 1559 cd.vicet.
1420 1524 1575 1555 Extendit

108 1579 323 1610 'ninam—24
347 1581 460 1610 lassata
486 1579 563 1609 Vat.
579 1577 685 1618 quint.
712 1576 785 1606 Pal.
801 1575 950 1606 Florent.
978 1573 1046 1604 duo
1075 1572 1165 1603 Med.
1191 1580 1274 1601 unus
1305 1569 1422 1600 Heins.
1439 1568 1573 1597 Bonon.

105 1621 241 1652 Tliolos.
285 1623 364 1652 Lov.
409 1622 520 1652 Oxon.
565 1630 632 1651 sec.
669 1618 790 1649 Ambr.
831 1623 910 1648 tert.
954 1625 1061 1655 marg.
1104 1615 1228 1653 Isingr.
1272 1612 1338 1642 duo
1379 1611 1490 1641 Pulm.
1537 1614 1574 1640 et

106 1663 227 1695 Barth.
260 1669 328 1695 tres
364 1664 455 1694 libri.
503 1664 611 1693 laxata
642 1662 694 1692 vel
725 1660 835 1698 forata
861 1659 955 1690 Prie.
991 1658 1114 1697 cuspide
1137 1657 1267 1686 Mazar.
1304 1664 1348 1684 m.
1377 1662 1428 1693 pr.
1454 1650 1574 1682 Ambr.

107 1716 159 1747 pr.
190 1708 309 1738 Petav.
338 1716 406 1737 sec.
436 1705 557 1736 Sched.
584 1704 677 1736 Gud.
715 1703 840 1743 cuspide
867 1702 921 1732 vel
951 1700 1066 1731 casside
1091 1698 1187 1730 Med.
1219 1707 1286 1729 see.
1311 1697 1484 1736 Reg.-25
1512 1695 1573 1724 Ca-

105 1749 218 1780 niciem
244 1750 297 1780 vel
333 1750 475 1780 Canicies
504 1749 582 1778 Vat.
614 1748 753 1787 pr.—26
774 1744 961 1785 genibusque
988 1742 1133 1781 gravatis
1161 1741 1339 1772 Prie—27
1363 1739 1498 1778 talesque
1521 1736 1575 1767 ed.

107 1791 221 1823 Parm.
252 1797 288 1823 et
318 1792 431 1823 Vicet.
466 1793 546 1822 tales
575 1790 641 1820 duo
672 1789 797 1820 Mon-et.
823 1789 905 1818 Lov.
938 1786 1016 1817 ΑΜ.
1044 1785 1185 1825 Raphel.
1212 1784 1298 1814 Exc.
1323 1781 1466 1812 Gevart.
1503 1789 1574 1809 voce

106 1835 242 1875 querelas
267 1834 360 1865 Med.
390 1840 499 1875 quart.
525 1834 608 1864 Exc.
636 1833 714 1862 Pat.
742 1840 811 1861 ree.
856 1830 991 1869 loquelus
1021 1827 1139 1857 Ambr.
1170 1827 1306 1866 pin—28
1330 1824 1491 1854 meruisset
1520 1831 1584 1860 oc-⁴

106 1877 254 1908 todecim
281 1878 415 1917 scripti,
443 1877 525 1907 Var.
555 1876 622 1906 LL.
653 1875 706 1905 ed.
737 1874 841 1904 Antv.
876 1871 1059 1902 meruissent
1090 1869 1203 1899 Oxon.
1245 1867 1325 1905 duo,
1365 1866 1462 1896 Voss.
1491 1864 1573 1903 duo,

108 1919 192 1951 Lov.
220 1923 393 1950 meruerunt
421 1920 504 1950 Exe.
530 1918 610 1948 Pat.
629 1926 698 1948 rec.
727 1926 769 1946 m.
795 1924 861 1945 see.
896 1915 1055 1944 meruisset
1081 1912 1134 1942 vel
1155 1912 1329 1942 meruerunt
1354 1909 1433 1938 Vat.
1460 1912 1572 1947 quart.

108 1962 182 1993 Pal.
200 1962 293 1992 Leid.
311 1972 359 2001 pr.
387 1962 514 1992 Mor-et.
541 1970 608 1991 sec.
640 1959 749 1990 moenia
769 1959 850 1989 Exc.
867 1956 967 1987 Laeti.
992 1956 1115 1986 nomina
1141 1954 1203 1985 ed:
1221 1953 1420 1982 Viam—30
1443 1950 1572 1980 necdum

108 2005 236 2035 Mazar.
270 2007 402 2035 nondum
425 2003 520 2034 Leid.
551 2013 600 2042 pr.
631 2007 668 2033 et
688 2000 944 2042 quatuordecim
977 1998 1047 2035 alii,
1073 1996 1151 2027 Ald.
1176 1996 1256 2025 Var.
1284 1995 1353 2025 LL.
1383 1992 1436 2024 ed.
1464 1991 1572 2023 Antv.

105 2047 233 2087 respicis
250 2048 326 2078 vat.
343 2057 410 2077 sec.
447 2046 576 2086 despicis
592 2045 658 2075 duo
675 2045 769 2074 Vatt.
788 2043 861 2073 Pal.
880 2042 979 2072 Fam.
998 2040 1092 2071 Rott.
1124 2038 1243 2079 respuis
1268 2036 1347 2067 Vat.
1373 2040 1453 2067 tert.
1476 2034 1571 2065 Pric-

109 2097 176 2122 vet.
194 2090 278 2130 Gyr.
298 2091 446 2121 Florent.
463 2089 541 2120 Pat.
561 2088 689 2119 Mazar.
724 2085 852 2126 respicis
869 2084 921 2115 vel
937 2084 1057 2123 respuis
1071 2082 1149 2113 Vat.
1163 2091 1212 2123 pr.
1236 2078 1367 2120 despicis
1383 2079 1436 2109 vel
1452 2076 1571 2117 respuis

772 2173 913 2208 NOTAE

149 2261 190 2289 22
215 2258 337 2296 Fugere
362 2256 468 2296 genoe]
515 2256 623 2287 Genae
654 2254 732 2284 olim
758 2262 810 2283 ru-
866 2249 1095 2282 mittentibus.

107 2307 243 2345 bentes,
260 2313 294 2338 et
307 2317 408 2338 succo
431 2306 559 2347 optimo
585 2306 708 2345 plenae,
725 2312 829 2334 man,
908 2305 950 2333 29
973 2300 1102 2341 Sibyllae
1136 2296 1290 2336 carmina]
1333 2295 1419 2327 Quae
1451 2293 1569 2325 itidem

106 2365 198 2399 cent,
213 2358 362 2399 fugiunt,
377 2358 516 2395 cadunt,
530 2356 650 2387 fluunt.
866 2353 993 2393 populo
1010 2352 1166 2382 Romano
1181 2346 1358 2387 imperium
1378 2343 1569 2374 Romanum

149 2413 189 2441 25
216 2408 386 2448 Canitiem]
419 2409 527 2439 Velut
542 2411 698 2438 senectus
714 2415 811 2445 argu-
863 2405 1107 2445 sempiternum
1138 2399 1385 2441 promiserunt:
1435 2394 1570 2435 Sibylla

108 2465 258 2492 mentum
276 2465 368 2491 esset
382 2459 444 2490 fati
461 2458 680 2489 imminentis.
865 2456 1004 2494 dicitur,
1035 2452 1131 2494 quasi
1160 2450 1231 2482 Σιοῦ
1258 2446 1374 2487 βουλὴ,
1406 2446 1569 2477 consilium

154 2510 280 2550 Trahit]
320 2509 423 2542 Quasi
440 2519 523 2540 onus
541 2509 734 2546 molestum,
755 2505 809 2538 cui
871 2506 947 2538 Dei.

107 2559 249 2591 ferendo
266 2560 354 2591 viros
370 2566 488 2591 tenues
504 2569 570 2590 non
587 2557 769 2589 sufficiant.
909 2559 950 2587 30
977 2553 1126 2594 Tarpeias
1140 2548 1239 2589 arces]
1278 2547 1494 2588 Capitolium,
1518 2545 1567 2576 sic

150 2612 192 2640 28
216 2611 378 2641 Mansuris
391 2610 550 2650 auguriis]
573 2608 756 2648 Praesagiis
769 2617 811 2638 ex
865 2607 997 2637 dictum
1041 2614 1060 2634 a
1092 2600 1237 2641 Tarpeia
1271 2596 1404 2635 vestali,
1429 2595 1567 2635 Tarpeii

110 2660 222 2691 avium
259 2661 472 2701 inspectione
523 2660 726 2697 observatis,
777 2662 812 2689 et
865 2654 1016 2687 custodis
1032 2652 1112 2691 filia,
1128 2646 1438 2688 aSabinis,quibus
1453 2653 1566 2676 arcem

112 2709 339 2742 aeternitatem
369 2711 520 2752 Imperio
551 2711 703 2741 Romano
733 2717 811 2749 pro·
865 2704 1267 2746 prodiderat,oppressa.
