1857 3177
513 222 562 251 ix
599 220 672 249 cn.
705 216 1060 248 CLAUDMNcM.
1457 204 1515 245 43

63 318 286 358 veniamus
306 316 476 357 tandein
493 315 546 356 ad
564 313 901 354 enuntiationem
918 323 991 349 seu
1010 309 1064 349 ad
1083 308 1270 348 indolem
1290 310 1514 358 sermonis,

62 398 149 438 quo
183 392 248 423 est
281 397 401 423 usus.
463 383 635 434 Scripta
669 381 761 433 ejus
785 379 851 418 vel
887 379 1024 418 obiter
1060 375 1334 428 perlustranti
1369 377 1515 415 statim

61 457 258 504 apparet,
309 452 426 490 illum
466 449 722 488 adhibuisse
763 446 936 487 dicendi
975 457 1107 495 genus
1146 442 1516 494 copiosissimum.

62 518 272 559 Ornatuin
296 517 447 570 petivit
469 529 569 554 cuni
587 529 642 555 cx
667 515 795 554 rebus
813 520 903 552 tuin
919 527 973 551 cx
989 511 1224 551 sententiis.
1285 508 1355 548 Ad
1377 522 1517 548 rerum

61 587 251 638 copiam,
275 598 361 636 qua
382 596 554 635 semper
572 583 642 622 rel
665 583 706 621 in
728 585 980 631 argumento
1003 579 1192 618 maxime
1214 576 1329 617 tenui
1351 579 1393 616 et
1412 576 1518 616 exili

61 653 169 693 solet
191 650 425 697 abundare,
458 651 640 702 pertinet
661 649 869 688 doctrinae
895 646 1139 691 ostentatio,
1175 657 1262 697 qua
1284 655 1410 683 nemo
1432 643 1518 682 fere

60 718 286 772 poetarum
304 716 556 757 Latinorum
578 721 676 756 ante
695 727 793 755 eun]
812 718 1034 765 tantopere
1056 712 1141 750 sibi
1164 710 1381 763 placuisse
1399 709 1519 749 vide-

61 790 144 832 tur,
177 797 427 837 quanquam
457 782 724 837 jampridem
759 794 854 821 eam
876 780 1081 820 adhibere
1104 782 1344 830 coeperant,
1381 788 1520 829 eoque

60 852 218 905 majori
245 864 416 904 semper
446 850 609 899 studio,
643 862 730 902 quo
761 849 901 900 magis
932 847 1092 899 ingenii
1124 846 1357 893 desectum,
1391 843 1520 896 cujus

60 920 145 960 sibi
167 919 332 959 conscii
354 922 514 967 essent,
540 918 628 957 illis
651 917 856 957 subsidiis
879 919 1086 968 cuperent
1104 913 1322 966 supplere.
1385 910 1518 961 Quod

61 986 241 1041 quidem
262 986 467 1034 studium,
501 985 629 1038 cujus
660 984 756 1025 fons
788 985 832 1023 in
862 987 1017 1024 natura
1048 981 1180 1021 animi
1210 979 1401 1027 humani,
1432 991 1519 1018 non

60 1066 174 1095 verae
197 1053 390 1100 utilitati,
424 1052 501 1092 sed
522 1052 651 1092 samae
684 1052 816 1099 inani,
849 1049 1073 1091 servientis
1095 1049 1270 1101 partim,
1301 1046 1455 1099 partim
1476 1046 1521 1086 in

63 1122 161 1174 ipsa
181 1120 376 1161 imitandi
396 1120 560 1160 ratione
580 1120 688 1159 situs
710 1123 791 1167 est,
822 1118 941 1158 nulla
964 1117 1053 1157 alia
1075 1116 1229 1156 civitas
1249 1114 1387 1165 magis
1405 1113 1520 1153 alere

63 1193 193 1241 atque
214 1188 405 1228 excitare
428 1191 614 1240 poterat,
647 1198 777 1238 quam
809 1183 1091 1231 Alexandria,
1123 1186 1163 1221 et
1194 1182 1382 1221 virorum
1402 1179 1519 1220 omni

62 1255 281 1294 literarum
302 1266 452 1306 genere
484 1253 710 1291 doctorum
744 1252 886 1303 copia,
920 1254 962 1289 et
992 1252 1360 1288 monumentorum
1383 1247 1520 1298 scrip-

62 1327 203 1362 torum
224 1320 511 1366 multitudine,
545 1319 621 1357 ubi
654 1329 825 1356 summa
856 1315 1048 1355 omnium
1071 1315 1226 1353 artium
1249 1325 1301 1351 ac
1322 1311 1521 1364 discipli·

61 1400 226 1437 narum,
259 1399 369 1439 quas
391 1385 562 1439 quidem
595 1390 697 1426 tunc
730 1384 952 1424 hominum
984 1381 1160 1421 solertia
1177 1379 1519 1430 excogitaverat,

62 1456 182 1496 brevi
212 1461 254 1496 et
283 1455 400 1494 nullo
444 1454 530 1493 fere
574 1453 746 1505 negotio
778 1453 949 1504 poterat
980 1448 1139 1500 colligi.
1203 1446 1303 1496 Quo
1334 1447 1521 1499 amplior

62 1527 207 1563 autem
228 1527 270 1562 et
290 1521 487 1561 diffusior
507 1523 599 1560 erat
627 1532 766 1559 rerum
789 1518 991 1570 cognitio,
1022 1529 1106 1569 qua
1129 1515 1380 1555 memoriam
1399 1514 1521 1554 locu-

63 1589 296 1642 pletabant,
340 1602 391 1629 eo
421 1589 561 1628 minor
593 1587 766 1626 suberat
795 1584 983 1624 facultas
1014 1587 1154 1623 mente
1185 1586 1227 1622 et
1257 1581 1521 1634 cogitatione

63 1670 158 1698 eam
177 1656 410 1709 digerendi,
443 1656 623 1709 ejusque
645 1652 834 1694 acumini
854 1650 1132 1705 subjiciendi.
1197 1648 1300 1698 Qua
1321 1649 1520 1697 utilitate,

63 1737 163 1779 quae
196 1724 252 1764 ad
284 1723 570 1775 subigendum
613 1720 975 1773 for-mandumque
1019 1718 1233 1770 ingenium
1276 1717 1409 1757 unica
1440 1723 1521 1767 est,

63 1792 193 1845 plane
213 1791 387 1832 tandem
409 1790 622 1842 neglecta,
655 1788 730 1828 illa
764 1788 861 1827 sola
893 1792 962 1827 est
994 1786 1160 1834 relicta,
1196 1798 1272 1837 per
1295 1798 1341 1824 se
1362 1785 1521 1825 nullius

62 1861 205 1913 pretii,
251 1872 382 1912 quam
415 1860 459 1898 in
503 1857 789 1898 ostentatione
832 1856 1027 1895 scientiae
1061 1854 1353 1895 collocabant.
1418 1851 1521 1892 Hac

64 1940 239 1981 quoque
261 1928 326 1967 usi
347 1930 446 1966 sunt
466 1924 627 1978 po'etae,
659 1936 739 1963 nec
769 1923 812 1962 in
840 1921 1071 1975 postremis
1093 1920 1377 1961 Claudianus.
1439 1919 1521 1959 So-
1577 1959 1580 1962 ,

62 1996 149 2037 lent
167 1996 341 2049 quidem
364 1995 509 2046 vulgo,
542 1994 583 2032 in
605 1993 761 2045 quibus
789 1990 935 2043 poetis
957 1989 1059 2029 illud
1080 1989 1273 2028 studium
1296 2000 1343 2026 se
1365 1986 1521 2034 exerit,

65 2075 140 2103 eos
172 2062 328 2101 doctos
349 2073 524 2108 vocare,
556 2071 787 2110 eorumque
819 2057 1060 2097 doctrinam
1092 2064 1353 2107 magnopere
1385 2052 1523 2093 admi-

64 2131 173 2169 rari:
220 2141 385 2175 verum,
418 2126 589 2166 etiamsi
621 2137 784 2172 sumas,
817 2136 902 2163 non
924 2123 1085 2170 omnia,
1119 2135 1218 2174 quae
1241 2122 1413 2169 seirent,
1445 2133 1523 2160 eos

65 2195 283 2243 effudisse,
317 2194 395 2233 sed
432 2193 553 2244 longe
589 2193 717 2244 plura
749 2191 994 2237 retinuisse,
1031 2189 1186 2228 solidae
1209 2193 1352 2228 tamen
1381 2187 1522 2227 erudi-

65 2263 196 2304 tionis
246 2262 432 2314 gloriam
463 2259 714 2312 hujusmodi
760 2257 908 2312 po'etae
960 2268 1235 2309 nequaquam
1280 2259 1522 2306 merentur3

67 2328 416 2384 quandoquidem
461 2327 623 2375 omnia,
668 2339 766 2379 quae
799 2324 1041 2373 venditant,
1088 2323 1244 2376 puerili
1288 2321 1436 2362 studio
1479 2323 1524 2363 in

67 2397 229 2439 scholis
249 2402 372 2437 erant
393 2399 660 2448 comparata,
684 2398 760 2434 aut:
781 2392 952 2442 aliunde
974 2391 1097 2432 facili
1118 2390 1293 2443 negotio
1316 2390 1521 2441 quaesita,

68 2469 117 2512 ut
131 2465 340 2506 memoria
362 2468 530 2504 tantum
547 2475 658 2515 opus
675 2465 791 2501 esset
805 2459 1015 2501 mediocri
1032 2459 1088 2499 ad
1108 2471 1160 2498 ea
1178 2457 1524 2509 complectenda,

68 2533 273 2587 nullaque
294 2532 380 2572 fere
400 2531 556 2572 mentis
577 2529 853 2570 contentione
869 2528 925 2568 ad
947 2540 999 2567 ea
1018 2525 1314 2577 intelligenda.
1376 2523 1523 2573 Quam

69 2600 124 2651 ob
153 2613 241 2641 rem
271 2600 433 2648 nescio,
477 2611 532 2638 an
563 2598 735 2638 vanitas
779 2597 949 2636 illorum
982 2595 1126 2648 potius
1156 2591 1350 2641 ridenda,
1394 2604 1522 2644 quam

71 2665 276 2707 doctrinae
298 2667 474 2707 ubertas
506 2665 785 2718 suspicienda
813 2664 882 2703 sit.
944 2660 1215 2702 Claudianus
1236 2659 1355 2699 iniis
1376 2660 1521 2709 rebus,

72 2745 172 2787 quae
212 2733 268 2775 ad
304 2732 636 2787 philosophicas
672 2730 932 2784 disciplinas
965 2729 1189 2782 pertinent,
1237 2739 1336 2766 cum
1376 2725 1522 2768 Mallii

71 2798 347 2854 prudentiam
374 2800 581 2850 laudaret,
614 2812 739 2841 suam
769 2798 912 2853 ipsius
941 2796 1175 2839 lectoribus
1199 2794 1435 2848 jactitasse
1454 2794 1522 2836 vi·
