1852 3193
248 215 334 258 394
726 223 801 253 cu.
836 218 1121 252 CLAUDIANl
1156 218 1240 248 xv.

250 320 475 375 Carpebat
497 322 666 360 teneros
690 317 837 358 Maria
858 327 957 354 cum
978 314 1164 368 conjuge
1187 326 1381 354 somnos.

252 389 438 431 Assistit
459 386 623 439 capiti:
657 389 757 425 tunc
780 383 845 423 sic
867 395 944 435 per
965 381 1138 422 somnia
1160 381 1274 421 fatur
1292 395 1302 422 ε

251 455 453 496 Tantane
476 453 662 494 devictis
683 451 844 491 tumuit
863 449 1024 490 fiducia
1047 448 1235 498 Mauris,

254 523 363 564 Care
384 522 547 575 nepos?
580 520 735 559 iterum
755 522 854 572 post
874 530 942 557 me
964 517 1168 570 conjurat
1188 516 1233 555 in
1255 527 1374 556 arma

254 590 493 642 Progenies
513 600 682 629 vesana
701 586 730 627 J
736 587 849 636 ubfe,
881 585 1133 637 bellumque
1155 583 1333 624 resumit

254 656 452 699 Victoris
473 670 572 697 cuin
595 656 725 709 stirpe
748 655 851 695 sui?
915 653 1167 693 Firmumne
1182 652 1402 705 jacentem

257 724 413 774 Obliti,
434 724 623 778 Libyam
644 728 795 763 nostro
815 722 976 763 sudore
998 726 1225 774 receptam

256 791 431 833 Rursus
452 791 648 831 habent?
682 802 821 830 ausus
846 789 980 829 Latio
1003 787 1266 828 contendere
1289 785 1491 827 Gildon?

255 858 467 900 Germani
487 871 563 898 nec
587 858 681 898 fata
702 857 854 897 timet?
916 856 1049 896 Nunc
1072 855 1133 894 ire
1155 853 1358 907 profecto

261 925 395 968 Nunc
419 925 589 974 vellem,
617 928 838 975 notosque
860 935 995 963 senex
1017 921 1248 962 ostendere
1271 922 1434 962 vultus.

1637 782 1724 825 336

258 1050 363 1081 norius
388 1048 501 1079 cubans
525 1048 559 1078 iu
582 1057 719 1088 purpura
744 1047 841 1086 Tyria
858 1045 1027 1083 fruebatur
1041 1055 1145 1085 sopore
1162 1045 1245 1075 dulci
1265 1055 1334 1075 cum
1353 1054 1449 1075 uxore
1468 1044 1586 1075 Maria.
1632 1043 1728 1075 Astat

259 1101 365 1132 prope
381 1094 473 1130 caput
488 1091 581 1130 ejus:
606 1094 671 1120 tum
698 1089 744 1119 ita
768 1088 936 1128 alloquitur
956 1089 1074 1117 eumin
1099 1088 1234 1118 somnis.-
1256 1088 1308 1118 Λη
1334 1087 1519 1128 confidentia
1541 1089 1630 1116 tanta
1645 1086 1728 1127 cepit

260 1135 390 1164 „Mauros
405 1133 558 1170 subactos,
577 1132 607 1162 O
620 1141 711 1172 nepos
727 1128 864 1162 dilecte?
910 1130 988 1162 Post
1005 1130 1124 1170 proelia
1142 1140 1208 1161 mea
1228 1139 1327 1168 genus
1342 1132 1484 1160 insanum
1499 1129 1593 1159 Juboe
1609 1138 1732 1161 rursum

257 1177 414 1216 conspirat
430 1176 463 1206 in
489 1175 672 1213 certamina,
700 1177 730 1205 et
754 1175 913 1205 instaurat
934 1183 1058 1213 pugnas
1079 1183 1147 1203 cum
1171 1174 1256 1213 prole
1273 1173 1434 1202 domitoris
1454 1169 1529 1203 sui?
1573 1171 1624 1203 An
1640 1171 1731 1202 obliti

258 1223 330 1249 sunt
358 1219 502 1250 Firmum
529 1223 711 1258 tyrannum
739 1214 901 1248 deletum?
932 1217 1088 1255 possident
1117 1217 1231 1246 iterum
1257 1215 1389 1255 Libyam
1412 1215 1592 1245 restitutam
1618 1214 1733 1245 nostris

260 1259 438 1292 laboribus?
486 1260 581 1291 Gildo
598 1261 689 1291 audet
698 1269 839 1299 pugnare
856 1261 964 1290 contra
981 1258 1135 1290 Italiam?
1157 1268 1253 1298 neque
1269 1258 1379 1289 metuit
1396 1257 1605 1290 calamitatem
1614 1256 1735 1295 fratris

259 1302 334 1336 sui?
359 1305 453 1335 Nunc
467 1307 561 1343 certe,
583 1313 662 1334 nunc
689 1313 744 1342 ego
770 1312 863 1333 senex
889 1302 1031 1332 arderem
1050 1301 1220 1343 proficisci,
1246 1304 1275 1331 et
1291 1304 1444 1332 ostentare
1459 1300 1506 1331 illi
1520 1310 1575 1331 ora
1594 1299 1732 1340 cognita.

877 1375 1114 1388 eeeeeeeeeeee

264 1421 350 1452 Exc.
368 1421 468 1460 Laeti,
481 1420 535 1452 ed.
554 1421 667 1452 Parm.
698 1419 797 1458 fortis
812 1420 1004 1451 octodecim
1022 1420 1093 1460 alii,
1116 1420 1202 1451 Exc.
1221 1419 1355 1450 Ruben.
1373 1419 1453 1450 Var.
1471 1419 1539 1450 LL.
1558 1417 1611 1449 ed.
1626 1417 1733 1449 Antv.

264 1463 319 1494 ed.
338 1464 451 1494 Vicet.
468 1464 574 1501 fultus
589 1464 717 1494 Moret.
733 1473 801 1493 sec.
821 1462 923 1500 fortis
939 1463 991 1493 vel
1008 1463 1102 1501 fusus
1119 1463 1309 1494 Pan—329
1336 1462 1472 1493 Adstitit
1488 1465 1517 1492 et
1533 1453 1630 1501 cespiti
1646 1461 1734 1500 Reg.

264 1509 330 1536 lum
345 1506 437 1536 Med.
453 1509 674 1546 quart.*330
685 1506 816 1537 ‹lei-ictis
827 1507 965 1545 teuuitf.
976 1506 1101 1537 Mauris
1112 1511 1178 1536 vet.
1194 1505 1279 1546 Gyr.
1292 1505 1420 1535 devictis
1434 1503 1584 1541 tumuitf.
1594 1504 1641 1534 M.
1655 1504 1736 1534 duo-

264 1548 375 1578 decim
391 1549 523 1589 scripti,
542 1551 626 1580 Exc.
650 1549 750 1586 Laeti,
766 1549 848 1579 Var.
864 1549 934 1579 LI...
951 1559 969 1579 e
986 1558 1093 1588 marg.
1112 1549 1226 1579 Parm.
1243 1549 1324 1578 item
1342 1547 1395 1579 ed.
1410 1547 1516 1578 Antv.
1539 1546 1673 1577 devictos
1689 1549 1737 1577 tu-

266 1591 344 1620 muit
354 1591 386 1628 f.
404 1592 536 1622 Mauros
549 1591 602 1622 ed.
621 1592 734 1622 Vicet.
758 1592 897 1622 devectos
914 1592 996 1622 Pur.
1020 1592 1126 1622 timuit
1140 1591 1232 1622 Med.
1246 1595 1326 1622 tert.
1339 1590 1452 1621 Oxon.
1468 1599 1537 1620 sec.
1562 1589 1668 1620 timuit
1680 1588 1736 1619 vel

265 1634 366 1663 tenuit
382 1634 476 1664 Med.
494 1643 546 1672 pr.
577 1633 708 1664 defictis
732 1633 848 1663 tumuit
869 1634 1025 1664 dementia
1041 1635 1090 1664 M.
1120 1635 1202 1673 Reg.
1225 1633 1362 1664 clei-ictos
1379 1633 1482 1663 tenuit
1500 1632 1532 1670 f.
1550 1633 1597 1663 M.
1616 1632 1737 1663 Heius.

267 1674 373 1705 Gesn.
387 1675 439 1706 ed.
472 1676 719 1714 Bipont.-33l
756 1676 894 1713 conjuret
910 1676 1152 1707 Thuan.-*332
1189 1679 1323 1705 resumat
1339 1675 1468 1705 Thuan.
1491 1675 1636 1704 resumsit
1648 1673 1737 1704 Tho-

265 1717 438 1749 los—333
479 1718 599 1749 Victori
630 1718 757 1749 Moret.
800 1727 851 1756 pr.
906 1718 1048 1748 Firmum
1076 1718 1233 1755 jacentem
1269 1716 1365 1748 Med.
1404 1721 1518 1757 quart.
1558 1716 1736 1753 fratremne

267 1760 419 1791 Florem.
432 1770 475 1790 rn.
494 1771 545 1800 pr.
564 1761 686 1790 Petav.
706 1769 757 1799 pr.
773 1760 902 1791 Thuan.
914 1770 989 1791 cum
1005 1760 1115 1800 glossa
1127 1761 1150 1790 i.
1167 1770 1192 1790 e.
1208 1760 1469 1790 firmum—335
1488 1757 1609 1789 Rursus
1625 1758 1739 1790 hahent

268 1803 354 1833 Exc.
374 1803 508 1834 Scliott.
537 1803 570 1832 in
599 1802 719 1841 quibus
748 1802 941 1832 Gronovius
969 1803 1176 1842 ascripserat
1191 1802 1373 1842 legendum
1391 1801 1479 1832 forte
1495 1805 1600 1833 arent.-
1624 1812 1664 1832 an
1680 1801 1735 1832 sub

268 1844 360 1875 Latio
378 1855 438 1885 pro
462 1855 553 1875 ausus
568 1845 663 1874 Latio
692 1844 790 1874 Leid.
816 1854 868 1883 pr.
902 1845 1019 1874 Gildon
1033 1845 1119 1875 Exc.
1134 1845 1232 1875 Laeti.
1264 1844 1359 1874 Gildo
1377 1844 1430 1874 vel
1464 1844 1539 1874 bello
1556 1844 1670 1875 Oxou.
1686 1854 1738 1884 pr.

268 1890 376 1917 ——336
407 1897 461 1917 uec
478 1888 556 1917 Vat.
574 1887 682 1917 Livin.
717 1897 776 1919 uon
793 1887 921 1917 Moret.
949 1896 1018 1917 sec.
1050 1886 1131 1917 Ald.
1165 1897 1244 1917 nuuc
1260 1886 1324 1916 inc.
1347 1886 1468 1918 Heius.
1485 1886 1543 1927 qui
1560 1886 1637 1917 inde
1666 1896 1739 1918 num

268 1929 474 1968 corrigebat.
491 1929 582 1967 facta
597 1930 668 1960 Pal.
683 1929 783 1960 Farn.
802 1929 892 1960 Prie.
908 1930 1031 1960 Petav.
1045 1934 1124 1960 tert.
1139 1930 1219 1961 Lov.
1237 1939 1280 1961 ni.
1293 1939 1344 1969 pr.
1362 1929 1475 1960 Oxou.
1490 1939 1595 1970 marg.
1612 1929 1738 1970 Isiugr.

261 1971 336 2010 sata
354 1972 406 2004 ed.
423 1972 536 2003 Vicet.
553 1977 588 2003 et
601 1972 713 2002 Parni.
738 1972 814 2010 suta
831 1972 883 2002 vel
897 1972 990 2009 facta
1006 1972 1100 2003 Med.
1117 1982 1171 2012 pr.
1188 1972 1301 2003 Oxou.
1318 1982 1387 2003 sec.
1414 1982 1474 2002 non
1494 1972 1540 2003 ire
1556 1972 1610 2003 ed.
1623 1971 1739 2003 Vieet.

269 2015 347 2047 scire
376 2015 470 2046 Med.
502 2020 583 2047 tert.
614 2015 680 2055 ipse
697 2016 774 2047 Pat.
797 2015 845 2046 ire
858 2015 913 2046 vel
939 2016 1005 2056 ipse
1019 2016 1098 2047 Vat.
1117 2018 1307 2047 tert.—337
1331 2025 1416 2047 senes
1432 2016 1516 2056 Reg.
1534 2015 1655 2047 Petav.
1672 2024 1740 2047 sec.

936 2101 1082 2136 NOTAE

273 2161 340 2193 fuit
356 2172 363 2193 :
390 2162 518 2193 dicitnr
543 2163 586 2194 ab
612 2163 707 2195 Urbe
724 2165 813 2205 Tyro
830 2164 862 2195 in
880 2165 979 2196 Phoe-

274 2222 374 2244 nicia.

316 2266 378 2293 330
399 2262 552 2303 Tantane]
598 2262 733 2294 Alludit
750 2264 791 2294 ad
810 2264 892 2295 illud
903 2266 979 2296 Vir-

275 2313 366 2353 gilii:
393 2314 402 2330 ‘
428 2313 583 2344 Tantane
614 2323 671 2344 vos
704 2314 839 2354 generis
869 2317 981 2347 tenuit

272 2363 399 2394 fiducia
417 2365 521 2395 vestri
537 2364 557 2394 !’

319 2416 378 2444 331
408 2414 574 2455 Conjurat]
620 2415 724 2447 Quasi
742 2425 808 2445 uon
825 2420 892 2446 tam
911 2416 980 2447 bel-

274 2464 346 2494 lum
362 2464 416 2502 sit,
433 2474 533 2505 quam
551 2465 751 2505 conjuratio.
796 2466 850 2497 Sic
867 2471 980 2497 tamen

275 2515 463 2555 Virgilius:
505 2517 513 2533 ⁶
539 2522 635 2548 motu
655 2517 818 2558 Conjorat
845 2517 980 2558 trepido

277 2564 440 2596 Latium!

319 2618 382 2646 332
405 2616 512 2657 Juboe]
557 2616 627 2647 Hic
645 2617 720 2648 Rex
751 2621 825 2648 erat
851 2617 981 2648 Mauri-

279 2666 379 2697 taniae
392 2667 423 2696 in
442 2665 572 2698 Africa.

320 2718 382 2746 333
414 2716 608 2756 Firmumne]
667 2717 794 2748 Firmus
824 2718 982 2750 Gildonis

278 2763 385 2797 frater
410 2765 558 2799 insolens
573 2768 748 2809 Tyrannus
770 2769 900 2801 Zmnam
916 2769 983 2801 fra-

1034 2171 1122 2198 trem
1141 2172 1348 2208 peremerat,
1366 2171 1402 2199 et
1417 2177 1473 2208 ne,
1490 2171 1527 2198 ut
1543 2169 1741 2205 contumax,

1035 2219 1215 2249 damnatus
1246 2219 1486 2259 perimeretur,
1522 2226 1542 2248 a
1575 2217 1740 2248 Romanis

1035 2269 1249 2308 desciverat3
1274 2270 1352 2300 hinc·
1383 2279 1519 2311 pressus
1543 2280 1562 2300 a
1587 2268 1742 2300 Theodo-

1035 2320 1085 2351 sio
1102 2321 1235 2351 seniore
1255 2321 1353 2352 homo
1370 2322 1519 2362 crapulae
1537 2320 1685 2360 deditus,
1707 2320 1741 2353 in

1036 2376 1180 2401 mortem
1197 2372 1264 2402 ruit
1277 2372 1516 2403 voluntariam.

1079 2423 1141 2451 336
1168 2422 1334 2462 Germani]
1380 2422 1503 2462 Neque
1526 2420 1630 2454 Gildo
1643 2420 1744 2452 timet

1036 2469 1177 2500 fatalem
1194 2480 1310 2503 casum
1338 2471 1442 2501 Firmi
1467 2469 1581 2501 fratris
1599 2470 1662 2511 sui,
1684 2471 1743 2512 qui

1038 2529 1057 2548 a
1072 2519 1259 2549 Theodosio
1277 2519 1409 2549 seniore
1424 2519 1617 2550 debellatus
1634 2523 1698 2552 est.

1079 2572 1141 2600 337
1180 2569 1352 2609 Notosque]
1398 2570 1504 2601 Quasi
1539 2571 1610 2601 solo
1643 2571 1742 2604 vultu

1037 2624 1153 2660 posset
1184 2618 1364 2659 profligare
1395 2620 1601 2652 Gildonem:
1636 2625 1672 2652 et
1707 2631 1744 2654 re

1038 2669 1174 2711 quidem
1202 2669 1278 2710 ipsa
1302 2671 1399 2701 aiunt
1415 2670 1447 2701 in
1464 2671 1656 2702 Theodosio
1679 2681 1742 2705 avo

1038 2718 1143 2751 fuisse
1161 2719 1322 2751 Martiam
1340 2721 1452 2754 vultus
1469 2720 1680 2759 torvitatem.
