1842 3193
239 212 296 254 26
778 220 1148 251 PROLEGOMENA

239 322 328 362 tius
362 333 497 374 quam
519 322 562 362 vi
599 320 790 373 puellam
825 320 1115 371 aggrediatur,
1138 320 1267 367 hanc,
1289 331 1343 358 ne
1376 318 1510 360 nimis
1540 319 1701 374 juveni

240 394 468 444 repugnet,
491 389 766 430 adhortatur.

299 456 373 498 Ad
410 457 609 510 quintum
636 467 770 507 genus
804 455 1018 507 pertinent
1049 467 1102 493 ea
1136 454 1347 504 carmina,
1370 468 1471 508 quae
1505 455 1549 495 in
1582 454 1696 497 MSS.

241 525 526 578 epithalamio
563 523 749 563 Honorii
771 526 814 562 et
837 522 995 562 'Mariae
1032 522 1103 562 vel
1131 522 1453 574 praeinittuntm·
1476 524 1546 563 vel
1579 527 1703 576 post-

241 598 469 647 ponuntur.
531 592 750 644 Inscripta
785 591 961 644 quidem
984 591 1112 640 vulgo
1144 593 1245 630 sunt
1285 586 1528 630 Fescennina
1543 606 1557 634 ;
1599 603 1703 631 cum

243 664 383 701 autem
411 661 456 700 in
494 660 604 699 Mss·
632 660 729 700 haec
758 659 987 711 inscriptio
1008 660 1159 708 variet,
1195 672 1297 699 num
1336 672 1390 699 ea
1424 660 1610 711 genuina
1631 660 1707 708 sit,

241 730 388 780 potest
404 726 605 766 dubitari.
636 726 841 767 Carmina
865 729 963 766 sunt
986 729 1187 779 quatuor,
1208 739 1306 775 nec,
1327 730 1374 767 ut
1400 726 1470 766 vel
1496 739 1552 766 ex
1575 738 1706 778 argu-

244 798 390 835 mento
421 798 555 847 patet,
572 795 679 835 inter
711 807 758 834 se
793 794 1137 841 cohae1·entia,ut
1169 793 1347 846 quidam
1374 797 1518 834 tamen
1543 796 1708 834 statue-

244 864 356 910 runt,
375 862 417 901 in
441 875 623 914 quorum
643 861 782 914 primo
798 861 1022 914 Principis
1038 860 1314 914 pulchritudo
1332 860 1589 910 celebratur,
1604 872 1707 913 quae

243 930 367 968 tanta
388 929 457 977 sit,
480 932 526 968 ut
549 941 698 968 omnes
728 929 850 969 Deas
881 940 1026 968 amore
1056 927 1270 968 accendat
1292 932 1334 968 ct
1354 928 1423 967 vel
1451 927 1639 981 Scythas
1665 930 1709 967 et

246 993 522 1049 Hippolyten
539 996 699 1036 (lomet.
760 996 814 1036 In
844 1001 935 1037 toto
956 998 1037 1037 hoc
1067 996 1255 1036 carmine
1276 1008 1327 1035 ne
1357 995 1584 1035 levissima
1616 994 1710 1048 qui-

245 1061 346 1100 dem
365 1062 625 1113 significatio
642 1063 846 1110 occurrit,
861 1063 966 1102 illud
984 1063 1027 1102 in
1046 1063 1238 1102 Houor-ii
1261 1062 1437 1102 laudem
1452 1074 1551 1102 esse
1573 1062 1713 1115 scrip-

245 1131 349 1177 tum,
371 1129 448 1169 sed
469 1133 612 1181 potest
633 1129 687 1168 ad
722 1142 1040 1181 quemcumque
1061 1130 1291 1181 pulchrum
1310 1129 1564 1183 Principem
1583 1131 1711 1171 trahi.

247 1194 445 1235 Ceterum
477 1207 565 1235 non
600 1195 876 1235 invenustum
916 1199 995 1243 est,
1035 1201 1078 1236 et
1117 1196 1226 1235 inter
1259 1196 1443 1237 meliora
1475 1196 1713 1238 Claudiani

245 1265 391 1314 potest
413 1262 596 1302 censeri.
659 1261 713 1301 In
745 1262 936 1302 secundo
958 1265 1078 1302 totus
1096 1264 1306 1303 terrarum
1328 1263 1448 1303 orbis
1482 1264 1537 1304 ad
1554 1276 1709 1306 conce·
1731 1269 1734 1271 ’

246 1328 479 1368 lebrandas
514 1329 686 1382 nuptias
718 1330 939 1371 invitatur.
1000 1329 1143 1370 Priori
1173 1330 1325 1370 forsan
1347 1334 1412 1371 est
1445 1334 1712 1385 postponen-

249 1394 367 1436 dum.
427 1395 637 1446 Tertium,
657 1397 773 1450 quod
798 1398 1010 1450 scriptum
1034 1401 1099 1438 est
1124 1399 1179 1438 ad
1197 1398 1496 1448 Stilichonem,
1510 1398 1714 1450 frigidam

249 1463 443 1502 continet
473 1465 747 1513 sententiam,
775 1477 855 1504 nec
879 1478 904 1505 a
925 1466 1084 1506 virtute
1117 1466 1293 1518 po'e'tioa
1312 1469 1460 1519 potest
1493 1478 1714 1506 commen-

250 1528 361 1570 dari.
422 1529 662 1572 venustius
697 1536 764 1572 est
785 1537 1000 1585 quartum,
1022 1547 1101 1574 nec
1125 1535 1267 1574 solum
1292 1534 1509 1586 ingenium
1533 1531 1714 1583 Catulli,

250 1595 329 1636 sed
349 1597 482 1637 etiam
497 1598 728 1639 lasciviam
752 1600 848 1653 ejus
880 1603 1032 1654 spirat,
1062 1615 1299 1655 verumque
1322 1601 1592 1654 epithalamii
1613 1600 1716 1641 titu-

249 1662 342 1703 lum
363 1665 447 1704 sibi
463 1668 609 1718 potest
631 1667 868 1709 vindicare.
930 1670 1152 1719 Barthius,
1170 1683 1299 1723 quem
1318 1671 1496 1710 secutus
1513 1672 1584 1708 est
1605 1667 1717 1709 Ges-

251 1742 392 1781 nerus,
434 1733 720 1783 existimavit,
756 1737 835 1777 illa
883 1738 1079 1778 carmina
1119 1738 1262 1790 primo
1296 1738 1549 1791 nuptiarum
1585 1736 1656 1777 die
1690 1748 1718 1776 a

254 1796 497 1840 Claudiano
517 1813 612 1841 esse
634 1803 831 1852 recitata,
851 1817 952 1857 quae
968 1818 1065 1845 cum
1082 1806 1223 1846 minus
1243 1805 1519 1858 placuissent
1534 1803 1717 1858 quibus-

253 1864 353 1906 dam
375 1867 682 1920 severioribus,
702 1870 840 1920 illum,
863 1875 913 1911 ut
931 1872 1188 1922 ostenderet,
1206 1885 1252 1913 se
1279 1885 1413 1926 posse
1429 1868 1564 1912 etiam
1584 1871 1717 1912 altius

253 1934 464 1986 quiddam
483 1939 524 1976 et
558 1939 735 1988 gravius
767 1952 938 1990 canere,
959 1941 1150 1993 septimo
1179 1940 1249 1981 die
1278 1940 1478 1981 attulisse
1495 1938 1718 1992 [epithala-

253 2000 404 2049 mium,
430 2004 548 2055 quod
569 2008 720 2046 nostro
742 2007 890 2046 ordine
907 2007 1126 2047 decimum
1146 2013 1229 2048 est.
1290 2006 1457 2047 Verum
1479 2007 1594 2046 enim
1613 2016 1719 2046 vero

255 2069 403 2110 omnia
423 2069 521 2110 haec
558 2072 752 2113 nituntur
788 2073 1062 2126 conjectura,
1098 2075 1169 2115 cui
1197 2086 1350 2114 ansam
1387 2073 1599 2113 dederunt
1633 2084 1719 2113 vrs.

255 2135 297 2176 9.
319 2148 444 2188 seqq.
481 2139 687 2178 carminis
721 2151 795 2181 IX.
834 2153 972 2192 quam
991 2154 1070 2182 nec
1095 2141 1327 2193 infringere
1348 2153 1430 2180 nec
1462 2138 1722 2179 confirmare

257 2214 404 2255 operae
424 2203 610 2254 pretium
629 2204 814 2245 videtur.

315 2269 454 2309 Porro
474 2270 550 2310 illa
581 2273 789 2322 carmina,
824 2274 980 2345 quibus
1011 2274 1207 2327 praelusit
1236 2273 1480 2327 majoribus
1513 2272 1721 2314 Claudia-

257 2349 356 2386 nus,
378 2350 463 2378 nov
468 2351 538 2377 um
561 2352 693 2391 genus
731 2326 1022 2417 conptituunt,
1056 2343 1099 2382 in
1122 2355 1307 2395 quorum
1329 2341 1553 2382 nonnullis
1574 2343 1721 2392 osten,-

259 2404 336 2454 dit,
360 2404 465 2458 quid
489 2411 698 2458 PlMaeStale
721 2394 958 2461 potuisset,
980 2411 1018 2450 si
1043 2410 1188 2451 Musis
1211 2414 1391 2459 tantum,
1408 2422 1499 2450 non
1518 2408 1726 2450 Honorio

260 2475 302 2512 et
323 2470 571 2523 stilichoni,
595 2475 846 2536 cecinissft
904 2476 1073 2517 Forsan
1096 2491 1222 2517 suum
1256 2477 1463 2530 quodque
1497 2488 1674 2517 carmen
1697 2487 1723 2516 e

260 2538 504 2591 majoribus
526 2541 908 2593 praefatiunculam
928 2544 1098 2594 habuit,
1120 2545 1196 2585 sed
1226 2544 1447 2598 quaedam,
1464 2556 1564 2584 cum
1598 2542 1722 2584 colli-

262 2610 457 2657 gerentur
476 2608 520 2648 in
542 2622 674 2650 unum
697 2611 955 2652 fasciculum
978 2612 1212 2653 Claudiani
1235 2613 1443 2662 carmina,
1466 2610 1562 2665 jam
1593 2609 1722 2650 inter·
1743 2621 1748 2624 ·

263 2672 481 2728 ciderant3
512 2679 574 2728 ut,
597 2680 763 2729 contra,
782 2679 986 2732 quaedam
1017 2680 1368 2735 praefatiunculae
1390 2681 1542 2722 extare
1572 2675 1723 2719 viden·
1747 2698 1750 2704 ·
