1852 3193
246 184 331 227 338
738 194 812 226 οι.
846 191 1130 224 anunrANJ
1167 191 1219 223 x.

246 291 410 333 Dicere
431 302 545 333 nunc
567 303 760 345 possem,
784 301 884 343 quae
906 288 1065 341 praelia
1085 292 1210 342 gesta
1229 289 1310 330 sub
1333 288 1514 340 Haemo,

248 358 451 413 Quaequc
470 359 733 400 cruentarint
753 356 991 397 fumantem
1014 355 1249 410 Strymona
1268 371 1426 411 pugnae
1443 371 1453 400 :

247 426 393 477 Quam
414 433 546 467 notus
566 428 737 480 clypeo,
762 428 926 480 quanta
946 425 989 465 vi
1005 424 1202 465 fulminet
1218 425 1404 475 hostem,

248 495 311 536 Ni
331 495 576 548 prohiberet
599 493 790 547 Hymen.
853 491 968 543 Quae
990 492 1255 546 tempestiva
1272 494 1411 534 relatu

249 562 382 603 Nunc
406 563 619 602 canimus.
680 561 795 611 Quis
818 561 1025 610 consilio,
1049 561 1151 614 quis
1164 560 1281 613 juris
1304 565 1347 602 et
1369 561 1489 615 aequi

249 629 400 671 Nosse
423 631 599 670 modum
618 630 800 670 melior?
834 629 952 683 quod
976 642 1145 682 semper
1167 628 1365 680 dissidet,
1385 630 1432 670 in
1454 634 1495 671 te

244 696 489 738 Convenit:
521 699 693 751 ingenio
712 699 858 748 robur,
881 698 1114 752 prudentia
1133 697 1249 739 forti.

248 764 406 806 Fronte
427 765 525 819 quis
542 767 732 819 aequali?
767 780 897 820 quem
920 767 984 807 sic
1007 766 1215 807 Romana
1234 765 1439 807 decerent

248 832 485 874 eulmina?
519 833 761 875 sufficerent
780 836 912 876 tantis
934 847 1034 889 quae
1059 838 1241 888 pectora
1262 834 1411 875 curis?

1627 356 1712 399 310

1625 696 1713 740 315

242 933 370 973 pignus,
388 937 418 964 et
433 934 558 964 liabenae
576 935 706 974 Imperii
732 936 1008 967 committerentur.
1044 936 1136 966 Nunc
1157 945 1273 988 possem
1291 934 1410 972 referre
1432 934 1522 973 bella,
1538 944 1569 974 q
1561 944 1608 965 uoe
1624 936 1716 972 gesta

247 976 561 1007 suntaStilichone
588 977 643 1006 sub
656 978 760 1014 AEmo
790 981 819 1008 et
846 979 1029 1015 certamina,
1043 988 1111 1017 quae
1137 977 1305 1014 inficerint
1331 978 1530 1018 Strymonem
1556 977 1716 1007 calentem.

247 1017 389 1049 Possem
416 1017 560 1057 referre,
584 1029 676 1058 quam
691 1019 826 1057 insignis
852 1024 905 1050 est
920 1021 1029 1058 armis,
1045 1020 1223 1059 quantasor
1225 1020 1358 1050 titudine
1368 1020 1494 1058 dejiciat
1509 1019 1638 1059 hostem,
1651 1018 1718 1049 nisi

244 1062 363 1100 nuptia·
379 1060 522 1091 Honorii
537 1061 742 1100 impedirent:
780 1072 861 1092 nunc
884 1066 1056 1101 cantamus,
1079 1072 1146 1102 quae
1168 1064 1241 1092 sunt
1263 1062 1373 1092 idonea
1397 1062 1493 1092 dictu.
1541 1062 1621 1097 Quis
1634 1071 1716 1110 prce-

243 1103 379 1133 stantior
395 1107 447 1133 est
461 1103 651 1133 Stilichone
662 1104 876 1143 providentia.
869 1102 884 1125 ’ἶ
907 1105 974 1153 quis
990 1104 1210 1144 praestantior
1225 1114 1404 1144 cognoscere
1419 1109 1482 1135 rati
1477 1103 1716 1142 'onernjustitiae

244 1149 275 1175 ιι
289 1144 474 1194 aequitatis?
499 1146 589 1180 Quod
602 1146 715 1194 ubique
729 1146 923 1186 disjungitur
939 1148 971 1177 in
989 1147 1075 1184 aliis,
1087 1147 1287 1186 conjungitur
1300 1148 1332 1177 in
1347 1150 1388 1187 te,
1403 1147 1535 1178 scilicet
1554 1146 1716 1185 fortitudo

244 1196 321 1218 cum
337 1188 474 1228 ingenio,
489 1193 525 1219 et
539 1189 696 1229 sapientia
712 1189 1000 1227 cumfloititudine.
1049 1190 1131 1225 Quis
1143 1195 1196 1221 est
1210 1190 1308 1220 simili
1323 1190 1492 1231 dignitate
1508 1188 1592 1222 oris?
1616 1189 1717 1224 Quem

243 1229 291 1262 ita
308 1230 483 1272 fastigium
500 1231 674 1263 Romanum
685 1230 829 1264 deceret?
855 1233 935 1269 Quis
949 1233 1069 1264 animus
1082 1243 1143 1274 par
1165 1236 1244 1264 esset
1259 1233 1358 1264 tantis
1361 1214 1556 1265 ²³laboribus?
1582 1232 1723 1264 Etiamsi

861 1316 1098 1328 eeeeeeeeeee

246 1374 329 1403 tert.
358 1371 443 1403 Cod.
470 1372 585 1404 Ursin.
613 1376 683 1404 vet.
701 1372 785 1413 Gyr.
814 1372 944 1404 Moret.
972 1382 1041 1404 sec.
1066 1372 1160 1404 Leid.
1189 1383 1240 1413 pr.
1266 1371 1384 1405 Ambr.
1412 1376 1495 1405 tert.
1519 1374 1606 1405 Lov.
1628 1373 1715 1404 Exc.

245 1415 389 1446 Gevart.
406 1420 441 1446 et
456 1416 601 1446 Lucens.
629 1416 761 1446 Discere
776 1415 900 1446 Petav.
923 1425 976 1456 pr.
1004 1416 1136 1447 Mazar.
1161 1417 1246 1448 Exn.
1263 1416 1406 1448 Gevart.
1428 1426 1585 1457 possemus
1606 1415 1717 1447 trede-

245 1458 311 1488 cim
329 1458 398 1488 alii.
412 1461 536 1498 possent
555 1459 676 1489 Petav.
706 1462 786 1490 tert.
815 1458 899 1489 Cod.
925 1458 1045 1499 Epigr.
1068 1459 1185 1491 Ambr.
1209 1462 1333 1500 possent
1351 1460 1405 1491 vel
1428 1469 1583 1499 possemus
1598 1459 1716 1491 Oxon.

245 1510 313 1531 sec.
327 1511 445 1541 possem
463 1501 517 1532 vel
529 1511 684 1541 possemus
699 1501 822 1533 Petav.
841 1511 911 1532 sec..
935 1502 1048 1542 proelia
1065 1502 1156 1540 justa
1179 1503 1392 1534 Farn.—310
1415 1502 1610 1534 cruentarint
1627 1502 1714 1533 Exc.

245 1543 388 1575 Luceus.
406 1554 457 1584 pr.
472 1548 676 1575 cruentarunt
692 1544 759 1575 inc.
776 1545 898 1576 Heius.
914 1545 1007 1576 Med.
1023 1555 1089 1576 sec.
1102 1547 1185 1578 Jun.
1203 1556 1255 1586 pr.
1266 1546 1348 1577 Var.
1367 1546 1432 1577 LL.
1447 1555 1465 1577 e
1477 1555 1582 1586 marg.
1599 1545 1716 1576 Parm.

243 1589 440 1617 cruentarent
459 1591 537 1618 octo
555 1587 612 1618 alii
628 1592 664 1618 et
680 1587 733 1618 ed.
751 1588 973 1619 Vicet.—-3ll
990 1587 1144 1625 fulminat
1172 1589 1266 1620 Rott.
1294 1589 1392 1619 Med.
1422 1593 1504 1620 tert.
1520 1588 1622 1619 hostes
1635 1587 1716 1619 Vat.

245 1638 312 1660 sec.
345 1628 430 1660 Cod.
457 1629 570 1660 Ursin.
597 1630 720 1660 hastam
745 1631 832 1669 Reg.
857 1640 902 1661 m.
929 1633 1107 1661 sea—312
1133 1641 1221 1671 quem
1236 1631 1421 1671 tempestiva
1442 1631 1538 1662 Med.
1557 1634 1637 1662 tert.
1656 1630 1718 1661 Cui

243 1671 427 1711 tempestiva
443 1671 511 1712 leg.
527 1671 756 1703 Heius-313
784 1673 853 1703 Non
868 1673 1006 1703 canimus
1024 1672 1101 1702 Par.
1116 1674 1169 1712 qui
1183 1674 1308 1704 consilio
1320 1674 1402 1705 Jun.
1419 1683 1471 1713 pr.
1488 1673 1622 1704 Consilii
1635 1672 1716 1704 Vat.

245 1717 328 1745 tert.
350 1714 492 1745 conscilio
518 1715 729 1746 Fara—314
752 1715 882 1746 dissidet
910 1715 1043 1745 Thuan.
1062 1715 1186 1746 Petav.
1215 1715 1440 1746 Maza1·.A1d.
1468 1720 1502 1746 et
1520 1716 1576 1746 ed.
1599 1716 1717 1748 Parni.

229 1757 360 1787 -dissilit
377 1756 543 1788 tredecim
562 1757 630 1796 alii,
647 1758 731 1788 Exc.
750 1758 896 1788 Lucens.
915 1767 966 1796 pr.
982 1759 1064 1788 Var.
1082 1758 1149 1789 LL.
1166 1758 1219 1789 ed.
1236 1758 1342 1789 Antv.
1355 1768 1398 1789 m.
1415 1768 1466 1799 pr.
1480 1762 1515 1789 et
1532 1758 1586 1790 e'd.
1602 1758 1717 1791 Vicet.

243 1799 359 1830 dissilit
375 1800 430 1830 vel
446 1799 575 1830 dissidet
593 1800 700 1831 Oisel.
718 1801 803 1839 Reg.
821 1800 887 1831 duo
906 1800 1016 1831 Oxou.
1033 1800 1114 1831 Lov.
1145 1801 1227 1831 Exc.
1255 1801 1399 1832 Gevart.
1402 1804 1508 1832 —315
1536 1801 1570 1832 in
1594 1801 1717 1840 gremio

243 1842 431 1873 Vat.te1t.
457 1852 501 1873 m.
528 1851 596 1873 sec.
622 1842 747 1882 ingenio
778 1843 832 1872 vel
857 1842 973 1873 invicto
999 1842 1152 1874 Florem.
1174 1843 1343 1882 prudentia
1366 1844 1421 1873 vel
1451 1843 1605 1883 patientia
1635 1844 1716 1876 Jun.

244 1893 297 1924 pr.
299 1887 407 1915 ——316
429 1884 556 1925 oequalis
571 1885 661 1916 Prie.
680 1886 773 1915 Rott.
790 1886 942 1916 Florent.
959 1884 1077 1916 A.n1br
1095 1895 1143 1926 pr.
1160 1885 1290 1917 Moret.
1307 1895 1375 1917 sec.
1392 1885 1486 1917 Med.
1504 1890 1615 1927 quart.
1632 1886 1716 1918 Lov.

245 1927 330 1958 Exc.
347 1926 488 1959 Gevart.
504 1927 585 1959 Jun.
603 1938 622 1958 a
638 1938 681 1959 m.
700 1938 752 1968 pr.
769 1929 898 1968 oequalis
914 1929 967 1958 vel
983 1929 1097 1968 <equali
1114 1928 1192 1959 V.at
1221 1938 1272 1969 pr.
1288 1939 1382 1969 quam
1402 1929 1447 1959 sic
1469 1930 1554 1960 Exc.
1572 1929 1716 1961 Lucens.

245 1978 313 2001 sec.
330 1971 487 2010 apposito
500 1973 537 2009 —l-
552 1970 660 2011 signo.
674 1972 818 2002 decorent
833 1972 912 2002 Vat.
930 1981 971 2011 pr
956 1974 1089 2002 r.—317
1105 1971 1258 2013 sufficient
1273 1972 1355 2004 Jun.
1377 1981 1429 2012 pr.
1444 1974 1543 2003 tantis
1557 1981 1624 2012 quae
1640 1981 1720 2013 qua·

245 2017 324 2043 tuor
338 2013 436 2045 Vatt.
453 2024 519 2054 quoe
535 2014 633 2044 tantis
650 2014 727 2045 Vat.
752 2023 802 2054 pr.
828 2014 905 2045 Pal.
931 2013 1028 2044 Med.
1047 2023 1097 2054 pr.
1114 2021 1150 2044 et
1176 2015 1302 2046 Moret.
1329 2014 1458 2046 'lhuan.
1486 2015 1616 2046 Mazar.
1631 2015 1716 2046 Vat.

245 2056 356 2088 Livin.
371 2057 507 2088 culmina
524 2057 607 2098 Reg.
623 2057 720 2088 terris
746 2066 810 2098 pro
827 2057 911 2088 curis
934 2057 1018 2088 Exc.
1043 2057 1294 2089 Gemit-318
1317 2057 1389 2089 Stet
1404 2057 1521 2089 Ambr.
1538 2061 1620 2090 tert.
1664 2057 1719 2090 Sis

909 2126 1050 2157 NOTAE

288 2197 352 2226 309
384 2194 514 2235 Haemo]
544 2195 666 2227 Monte
695 2196 861 2236 Thraciae,
891 2196 951 2228 ubi

245 2244 470 2284 Theodosium,
516 2245 703 2277 comitante
748 2246 950 2287 Stilichone,

247 2296 401 2328 Thracas
416 2295 628 2337 Scythasque
645 2296 790 2328 vicerat.

291 2350 354 2379 310
366 2347 565 2389 Fumantem]
575 2348 952 2389 Strymonem,fluvium

246 2397 415 2439 Thraciae,
431 2398 542 2430 calido
559 2399 706 2431 hostium
719 2399 885 2440 sanguine
901 2399 952 2431 fu-

247 2452 411 2480 mantem.

292 2502 354 2531 311
378 2500 484 2531 Notus
505 2499 625 2541 clypeo]
657 2500 877 2532 Exci-citatus
902 2499 952 2531 in-

247 2549 416 2591 signisque
432 2560 602 2582 armorum
617 2551 835 2583 tractatione.
876 2551 953 2581 Vir-

247 2601 369 2641 gilius:
395 2601 404 2618 ‘
422 2601 578 2634 Quantus
601 2602 637 2633 in
661 2602 822 2643 clypeum
844 2610 953 2633 assur-

249 2651 334 2692 gat,'
349 2652 385 2683 id
401 2656 466 2693 est,
481 2663 582 2694 quam
597 2651 694 2684 fortis
710 2653 766 2684 sit.

292 2706 355 2734 313
376 2704 468 2735 Juris
483 2709 513 2735 et
529 2704 626 2745 oequi]
657 2704 722 2736 Jus
739 2707 791 2736 est
806 2712 954 2735 summus

250 2753 359 2795 rigor:
383 2754 540 2797 aequitas,
566 2759 621 2787 est
645 2755 791 2797 benigna
807 2754 890 2796 legis
907 2754 955 2786 in-

1007 2197 1226 2236 terpretatio.
1276 2196 1326 2227 Ut
1353 2196 1381 2227 si
1411 2195 1484 2237 quis
1513 2195 1720 2227 transilierit

1007 2256 1121 2278 muros
1147 2247 1188 2278 ad
1217 2246 1382 2278 tuendam
1407 2245 1545 2277 urbem:
1579 2245 1607 2276 si
1629 2252 1718 2276 sum-

1007 2306 1097 2327 mum
1109 2297 1167 2337 jus
1183 2302 1332 2337 spectes,
1347 2295 1541 2334 necandus3
1572 2295 1600 2326 si
1615 2295 1717 2336 aequi-

1008 2351 1128 2388 tatem,
1144 2347 1421 2379 remunerandus.
1465 2346 1619 2388 AEquitas
1635 2345 1719 2377 dici-

1007 2402 1063 2430 tur
1084 2397 1241 2430 ἐπιείκεια.

1050 2452 1114 2480 316
1139 2450 1239 2484 Quem
1259 2449 1305 2480 sic
1321 2449 1462 2479 Romana
1485 2448 1627 2478 decerent
1651 2448 1717 2479 cul-

1007 2498 1108 2539 mina]
1133 2499 1244 2531 Quem
1272 2499 1322 2530 sic
1350 2498 1492 2529 deceret
1513 2507 1632 2537 regere
1648 2497 1717 2529 Im-

1008 2550 1139 2591 perium
1155 2551 1355 2590 Romanum,
1372 2553 1408 2580 et
1423 2549 1458 2580 in
1474 2549 1557 2580 solio
1574 2548 1717 2582 sedere?

1009 2602 1120 2633 Miror
1145 2606 1273 2641 tamen,
1311 2611 1373 2632 cur
1410 2601 1476 2632 ista
1507 2600 1715 2634 Claudianus

1009 2653 1116 2693 dicat,
1133 2654 1372 2696 augetquippe
1388 2653 1625 2695 suspicionem,
1638 2663 1715 2695 quae

1008 2705 1043 2736 in
1065 2705 1248 2736 multorum
1274 2705 1396 2736 animis
1419 2704 1607 2747 insederat,
1621 2702 1716 2736 Stili-

1008 2756 1152 2788 chonem
1168 2756 1212 2787 de
1224 2756 1365 2798 imperio
1376 2755 1543 2797 cogitare.
