1857 3177
589 201 649 230 DF,
685 202 749 232 lv.
790 202 927 234 coNs.
962 203 1144 234 HONOR.

138 291 240 333 Hoc
263 292 299 332 si
323 292 541 335 Maeonias
564 294 709 335 cinctu
731 295 955 347 graderere
977 309 1054 350 per
1075 298 1218 345 urbm,

137 358 188 398 In
210 364 249 399 te
269 361 527 414 pampineos
549 363 795 404 transferret
813 363 954 417 Lydia
977 366 1164 420 thyrsos,

137 425 187 466 Iu
210 434 249 467 te
277 427 405 481 Nysa
427 428 598 469 choros.
664 430 926 471 Dubitarent
945 434 1069 484 orgia
1094 432 1275 480 Bacchi,

138 493 221 534 Cui
244 495 432 536 furerent
452 510 461 536 ε
495 497 605 536 irent
625 497 797 538 blanda:
822 498 904 537 sub
928 500 1107 540 vincula
1129 501 1273 552 tigres.

189 561 314 602 Talis
337 562 576 615 Erythraeis
596 564 791 604 intextus
806 565 987 605 nebrida
1008 566 1186 617 gemmis

134 627 266 669 Liber
287 630 376 681 agit
399 641 565 678 currus,
587 635 627 670 et
649 629 819 683 Caspia
838 630 974 671 flectit
994 632 1168 671 eburnis

135 694 260 737 Colla
284 697 431 750 jugis:
464 697 609 750 Satyri
632 698 812 747 circum,
836 698 1086 750 crinemque
1109 699 1265 740 solutae

134 761 363 803 Maenades
385 764 626 816 astringunt
646 763 818 804 hederis
839 764 1104 804 victricibus
1127 764 1264 806 Indos
1285 779 1294 806 ε

1502 504 1512 538 t
1519 502 1585 541 305

132 891 278 931 Honori,
294 892 449 923 incederes
461 892 518 923 hac
531 895 593 923 vest
599 902 614 923 e
623 902 680 933 per
695 892 783 923 urbes
799 893 922 933 Lydiae,
936 893 1036 934 Lydia
1051 892 1171 924 eadem
1185 894 1270 924 daret
1287 893 1345 925 tibi
1361 893 1465 926 hastas
1478 897 1597 937 μαιημί.

131 944 215 973 neas,
230 935 319 976 Nysa
336 934 432 966 daret
449 935 506 966 tibi
521 935 627 966 choros
644 936 890 967 Bacchantum.
917 936 1018 975 Orgia
1036 936 1154 967 Bacchi
1170 936 1362 976 ambigerent
1386 947 1446 978 pro
1460 949 1516 979 quo
1532 939 1597 970 bao-

129 977 315 1008 charentur:
340 978 440 1017 tigres
456 978 647 1009 blandientes
662 980 800 1009 venirent
816 978 871 1009 snb
884 978 1017 1009 habenas
1034 983 1118 1010 tuas.
1143 978 1196 1009 Sic
1207 980 1349 1011 Bacchus
1364 980 1491 1012 habens
1508 982 1597 1012 vesei-

131 1022 268 1050 mentum
282 1023 462 1051 contextum
479 1030 497 1050 e
514 1021 698 1060 nun-garitis
714 1021 814 1051 maris
828 1022 926 1059 rubri,
936 1021 1022 1051 ducit
1035 1031 1170 1060 currum,
1186 1025 1214 1052 et
1230 1031 1247 1052 e
1262 1024 1332 1052 sede
1346 1022 1477 1054 eburnea
1492 1026 1594 1054 domat

131 1063 207 1093 colla
235 1063 374 1103 tigrium
393 1062 631 1103 Hyrcanorum:
665 1062 775 1104 Satyri
791 1064 907 1094 circum
923 1068 1018 1102 eunt,
1034 1067 1062 1094 et
1080 1064 1273 1095 Bacchantes
1287 1065 1452 1097 habentes
1469 1067 1594 1106 cupium

746 1155 979 1166 eeeeeeeeeeee

130 1222 229 1252 nudus
255 1220 335 1253 Jun.
363 1224 522 1262 pru—602
547 1222 722 1253 Moeonidus
745 1222 826 1252 Vat.
852 1226 930 1253 tert.
959 1222 1055 1254 Rott.
1084 1223 1192 1254 Oisel.
1224 1222 1344 1254 Petav.
1382 1228 1460 1255 tert.
1491 1225 1595 1256 cinctu

129 1264 258 1294 Thumi.
278 1264 408 1295 Mazar.
427 1265 480 1296 ed.
499 1265 612 1295 Parni.
628 1275 697 1296 cum
714 1268 747 1295 tu
765 1264 859 1295 Med.
874 1274 941 1295 sec·
959 1275 1001 1295 m.
1017 1275 1066 1305 pr.
1080 1266 1185 1296 Oisel.
1201 1266 1285 1296 cultu
1303 1267 1367 1297 duo
1383 1267 1477 1298 Vatt.
1496 1268 1595 1298 Farn.

130 1306 210 1338 Put.
230 1307 305 1338 Pat.
323 1307 389 1338 inc.
410 1307 527 1338 Heius.
543 1307 620 1337 Am.
640 1308 719 1339 Var.
745 1308 814 1337 LL.
839 1317 857 1337 e
872 1316 976 1347 marg.
994 1307 1108 1339 Parin.
1123 1310 1212 1338 tntltu
1229 1308 1348 1348 viginti
1366 1314 1509 1349 quatuor
1525 1310 1596 1349 alii,

129 1348 212 1379 Exc.
230 1349 373 1380 Lucens.
393 1359 459 1380 sec.
476 1350 556 1380 Var.
573 1350 638 1380 LL.
653 1349 706 1380 ed.
723 1348 826 1380 Autv.
844 1350 930 1379 vultu
963 1350 1015 1379 vel
1032 1351 1134 1380 cinctu
1150 1351 1228 1381 Vat.
1244 1351 1332 1381 cultu
1350 1351 1403 1381 vel
1419 1352 1501 1382 cultu
1515 1352 1595 1383 Vat.

129 1396 240 1432 quart.
256 1391 350 1423 Med.
369 1402 418 1432 pr.
436 1392 555 1423 Petav.
585 1397 662 1423 tert.
692 1393 776 1423 Exc.
802 1391 944 1422 schotti.
966 1393 1133 1431 graderere
1159 1393 1214 1423 vel
1240 1393 1381 1424 veherere
1395 1392 1474 1424 Vat.
1491 1404 1500 1424 t
1515 1394 1597 1425 nint.

130 1435 236 1465 —603
262 1434 448 1472 transferret
476 1435 569 1465 Prie.
599 1435 748 1466 Florent.
778 1435 860 1473 Reg.
885 1435 1017 1465 Thumi.
1046 1440 1113 1466 vet.
1142 1435 1226 1476 Gyr.
1250 1435 1333 1467 Jun.
1359 1445 1409 1475 pr.
1432 1436 1492 1467 Lei
1521 1446 1594 1476 .pr.

130 1476 225 1507 Med.
242 1482 311 1508 vet.
333 1479 413 1508 lixo.
430 1477 574 1508 Lucens.
588 1487 654 1509 sec.
670 1477 792 1517 Isingr.
805 1477 962 1517 proferret
986 1487 1106 1508 novem
1122 1478 1188 1508 alii.
1212 1477 1374 1518 proeserret
1401 1478 1454 1509 ed.
1481 1479 1595 1510 Parin.

129 1522 233 1550 tuscos
250 1529 310 1559 pro
323 1520 446 1561 thyrsos
462 1521 540 1551 Vat.
568 1523 727 1561 pru—(301
754 1520 835 1550 Nisa
851 1521 931 1551 Lov.
946 1520 1012 1550 visa
1036 1520 1149 1552 Vicet.
1173 1521 1278 1551 choors
1305 1521 1386 1552 Lov.
1412 1521 1518 1551 choros
1541 1522 1597 1553 vel

128 1561 235 1592 choors
250 1563 328 1593 Yat.
341 1568 418 1594 tert.
434 1563 541 1593 cohors
555 1563 608 1594 vel
625 1563 731 1593 choros
746 1563 871 1593 Moret.
887 1573 934 1603 pr.
952 1563 1131 1594 dubitarent
1149 1568 1293 1604 quatuor
1307 1563 1386 1594 Vat.
1404 1563 1478 1594 Pal.
1495 1564 1596 1596 Farn.

130 1603 222 1634 Prie.
238 1605 430 1635 dubitassent
446 1605 566 1645 viginti
584 1606 653 1644 alii,
670 1606 751 1636 Exc.
769 1605 912 1636 Gevart.
929 1606 1072 1636 Lucens.
1089 1615 1157 1636 sec.
1170 1605 1223 1637 ed.
1238 1606 1350 1636 parm.
1367 1605 1489 1636 Sched.
1506 1606 1596 1638 Gud.

127 1646 210 1677 Var.
237 1647 304 1678 LL.
331 1647 384 1678 ed.
412 1647 624 1679 Antv.—t305
653 1649 732 1678 Cum
749 1647 896 1685 furerent
922 1648 1003 1679 Put.
1031 1648 1152 1679 Petav.
1175 1658 1241 1679 sec.
1285 1648 1369 1683 Quoi
1393 1648 1486 1679 Med.
1516 1653 1596 1679 tert.

128 1688 254 1720 blandos
268 1690 392 1721 Petav.
411 1692 587 1721 sem—(306
613 1690 772 1730 Erythaeis
785 1690 867 1721 Put.
887 1691 970 1731 Reg.
981 1691 1114 1722 Thuan.
1128 1691 1254 1722 Mazar.
1272 1691 1393 1722 Petav.
1410 1700 1459 1731 pr.
1478 1691 1599 1722 Em‘teis

130 1732 242 1763 Oxou.
261 1742 312 1772 pr.
331 1732 427 1764 Leid.
445 1742 513 1764 sec.
544 1733 684 1763 Eritheis
698 1733 780 1763 Vat.
808 1738 887 1764 tert.
914 1743 982 1764 cum
1008 1734 1116 1764 vitreis
1139 1734 1218 1764 Vat.
1247 1743 1297 1773 pr.
1323 1734 1421 1764 Fam.
1449 1734 1595 1764 Ertctaeis

128 1773 249 1805 Ambr.
267 1784 334 1806 sec.
349 1775 487 1806 Tholos.
504 1775 600 1806 Leid.
618 1785 669 1816 pr.
690 1776 836 1816 Erycteis
849 1776 933 1807 Var.
962 1777 1031 1806 LL.
1058 1776 1111 1806 ed.
1129 1776 1231 1806 Antv.
1250 1776 1409 1806 Erictheis
1423 1776 1502 1807 Vat.
1524 1784 1595 1807 sec.

129 1816 255 1848 Moret.
271 1827 320 1858 pr.
339 1817 500 1848 Erithreis
515 1818 642 1848 Moret.
669 1827 736 1848 see.
754 1818 901 1848 Aristaeis
927 1818 1010 1848 Exc.
1027 1818 1125 1848 Voss.
1151 1818 1282 1848 intextis
1299 1818 1370 1847 Pal.
1388 1817 1481 1848 Med.
1500 1828 1595 1858 pr.—

123 1861 186 1890 607
205 1860 340 1901 Caspida
357 1859 544 1900 Lov.fiext't
558 1860 693 1891 Tholos.
705 1860 800 1890 nectit
818 1859 984 1900 velflecttt
1001 1859 1115 1890 Oxou.
1131 1868 1201 1891 sec.
1217 1860 1326 1890 ahenis
1341 1860 1420 1890 Vat.
1436 1860 1590 1900 quint.-·-

798 1962 937 1994 NOTAE

171 2038 233 2067 604
269 2037 371 2077 Nysa]
416 2036 508 2068 Urbs
538 2037 589 2067 vel
620 2036 757 2067 Arabiae
784 2037 836 2067 vel

128 2085 251 2123 Indiae,
269 2096 287 2116 a
305 2087 440 2118 Baccho
456 2087 608 2125 condita,
620 2087 677 2128 qui
694 2086 773 2118 inde
790 2086 838 2117 di-

127 2135 216 2167 citur
233 2137 417 2177 Dionysius,
432 2137 527 2178 quasi
545 2138 633 2168 Deus
651 2138 760 2178 Nysoe.

933 2039 995 2067 607
1024 2034 1152 2075 Caspia]
1176 2036 1272 2066 Coiln
1288 2035 1439 2076 Tigriuui
1457 2036 1594 2076 Caspia-

891 2095 976 2124 rum,
992 2094 1050 2116 seu
1067 2085 1318 2125 Hyrcanarum,
1341 2084 1383 2115 ad
1407 2095 1497 2116 mare
1515 2086 1595 2117 Cas-

891 2145 993 2176 pium.

172 2186 288 2226 Orgia]
306 2188 520 2218 Caerimoniae
535 2187 677 2228 Bacchi,
688 2187 742 2218 vel
753 2188 837 2219 Bac-

127 2235 280 2276 chantes‚
297 2247 372 2277 quae
399 2247 455 2268 eas
481 2237 673 2275 celebrant,
699 2236 760 2267 ἀπὸ
781 2238 836 2274 τῆς

126 2285 231 2326 ὀργῆς,
248 2287 400 2327 afurore,
417 2298 483 2328 quo
498 2287 741 2319 incitabantur.
805 2323 808 2325 ,

168 2339 231 2368 605
261 2337 386 2378 Tigres]
415 2338 502 2370 Qum
532 2339 672 2369 trahunt
698 2348 834 2370 currum

126 2387 265 2419 Bacchi.
305 2388 344 2418 Id
359 2388 450 2429 quod
468 2388 640 2420 finxerunt
657 2388 700 2420 ob
716 2388 836 2420 crude-

125 2438 258 2470 iitatem
277 2439 460 2470 ebriorum.

167 2491 232 2520 606
257 2489 449 2530 Erythroeis]
483 2489 581 2520 Mare
609 2489 775 2530 ἐρυθραΐον,
801 2488 836 2520 id

125 2545 192 2581 est,
216 2551 301 2573 mare
324 2542 464 2579 rubrum,
492 2541 534 2572 ab
553 2542 703 2581 Erythra
732 2542 838 2582 Rege,

125 2601 228 2632 quem
238 2592 360 2633 Edom,
371 2593 404 2624 id
419 2598 482 2634 est,
493 2592 620 2634 rufum,
633 2594 722 2625 Esau
732 2593 836 2625 fuisse

127 2642 263 2683 quidam
282 2648 416 2684 putant.

170 2692 328 2733 Nebrida]
362 2692 479 2735 Nesspis
504 2697 559 2725 est
586 2693 690 2725 vestis
704 2693 835 2725 Bacchi

129 2750 147 2772 e
164 2741 311 2782 pellibus
327 2748 501 2775 contexta„

933 2187 996 2216 608
1019 2183 1131 2223 Jugis]
1153 2183 1280 2224 Jugum
1309 2188 1362 2215 est
1377 2184 1477 2216 etiam
1495 2186 1594 2218 sedes

890 2234 924 2265 in
941 2244 1006 2276 qua
1022 2233 1121 2265 sedet
1138 2234 1195 2275 qui
1211 2244 1348 2265 currum
1365 2234 1469 2266 ducit.

933 2285 1061 2327 Satyri]
1071 2285 1227 2317 Monstra
1236 2286 1517 2327 libidinosissima‚
1526 2287 1595 2318 vul·

891 2340 929 2367 tu
945 2336 1105 2373 humano,
1122 2335 1235 2375 capite
1261 2339 1414 2375 cornuto,
1427 2335 1519 2367 simis
1534 2346 1593 2368 na·

890 2386 997 2427 ribus,
1022 2386 1166 2427 pedibus
1191 2386 1348 2426 caprinis,
1363 2396 1438 2427 quae
1465 2389 1504 2418 ut
1521 2387 1593 2419 Nu-

890 2438 982 2469 mina
1010 2437 1137 2468 rustica
1163 2436 1268 2467 coluit
1294 2437 1488 2477 antiquitas.
1534 2437 1594 2469 Di-

891 2493 1016 2519 cuntur
1043 2493 1079 2518 et
1107 2487 1220 2525 Fanni,
1239 2486 1352 2526 Panes,
1378 2487 1520 2527 δῃίυαηὶ,
1536 2486 1593 2518 AE-

887 2539 1031 2580 giptmes.
1086 2539 1140 2569 De
1172 2537 1294 2568 Faunis
1323 2541 1359 2568 et
1388 2537 1518 2577 Satyris
1553 2538 1592 2569 S.

890 2589 1119 2629 Hieronymus
1145 2588 1179 2618 in
1205 2587 1275 2618 vita
1289 2587 1323 2618 S.
1341 2586 1440 2617 Pauli
1461 2587 1592 2619 Eremi-

891 2644 947 2671 tae.

932 2692 997 2721 609
1021 2687 1196 2728 Maenades]
1219 2687 1445 2729 fluctuantes,
1459 2685 1520 2720 ἀπὸ
1535 2686 1592 2719 τοῦ

886 2738 1058 2780 μαίνεσθαι,
1071 2738 1193 2777 furere.
