<?xml version="1.0" encoding="UTF-8"?>
<!DOCTYPE html PUBLIC "-//W3C//DTD XHTML 1.0 Transitional//EN"
    "http://www.w3.org/TR/xhtml1/DTD/xhtml1-transitional.dtd">
<html xmlns="http://www.w3.org/1999/xhtml" xml:lang="en" lang="en">
 <head>
  <title>
</title>
<meta http-equiv="Content-Type" content="text/html;charset=utf-8" />
  <meta name='ocr-system' content='tesseract 3.04.00' />
  <meta name='ocr-capabilities' content='ocr_page ocr_carea ocr_par ocr_line ocrx_word'/>
</head>
<body>
  <div class='ocr_page' id='page_1' title='image "./operaomniaexedit01clauuoft/operaomniaexedit01clauuoft_0375.png"; bbox 0 0 1857 3177; ppageno 0'>
   <div class='ocr_carea' id='block_1_1' title="bbox 762 504 881 551">
    <p class='ocr_par' dir='ltr' id='par_1_1' title="bbox 762 504 881 551">
     <span class='ocr_line' id='line_1_1' title="bbox 762 504 881 551; baseline -0.008 0"><span class='ocrx_word' id='word_1_1' title='bbox 762 504 881 551; x_wconf 86' lang='lat' dir='ltr'>XV.</span> 
     </span>
    </p>
   </div>
   <div class='ocr_carea' id='block_1_2' title="bbox 473 714 1163 777">
    <p class='ocr_par' dir='ltr' id='par_1_2' title="bbox 473 714 1163 777">
     <span class='ocr_line' id='line_1_2' title="bbox 473 714 1163 777; baseline 0.007 -5"><span class='ocrx_word' id='word_1_2' title='bbox 473 714 607 773; x_wconf 89' lang='lat' dir='ltr'>CL.</span> <span class='ocrx_word' id='word_1_3' title='bbox 659 717 1163 777; x_wconf 82' lang='lat' dir='ltr'><strong>CLAUDIANI</strong></span> 
     </span>
    </p>
   </div>
   <div class='ocr_carea' id='block_1_3' title="bbox 778 886 844 917">
    <p class='ocr_par' dir='ltr' id='par_1_3' title="bbox 778 886 844 917">
     <span class='ocr_line' id='line_1_3' title="bbox 778 886 844 917; baseline 0 0"><span class='ocrx_word' id='word_1_4' title='bbox 778 886 844 917; x_wconf 90' lang='lat' dir='ltr'>DE</span> 
     </span>
    </p>
   </div>
   <div class='ocr_carea' id='block_1_4' title="bbox 99 1018 1514 1103">
    <p class='ocr_par' dir='ltr' id='par_1_4' title="bbox 99 1018 1514 1103">
     <span class='ocr_line' id='line_1_4' title="bbox 99 1018 1514 1103; baseline 0.006 -11"><span class='ocrx_word' id='word_1_5' title='bbox 99 1018 570 1096; x_wconf 89' lang='lat' dir='ltr'>BELLO</span> <span class='ocrx_word' id='word_1_6' title='bbox 678 1023 1514 1103; x_wconf 88' lang='lat' dir='ltr'>GILDONICO</span> 
     </span>
    </p>
   </div>
   <div class='ocr_carea' id='block_1_5' title="bbox 677 1230 919 1278">
    <p class='ocr_par' dir='ltr' id='par_1_5' title="bbox 677 1230 919 1278">
     <span class='ocr_line' id='line_1_5' title="bbox 677 1230 919 1278; baseline 0.004 -1"><span class='ocrx_word' id='word_1_7' title='bbox 677 1230 919 1278; x_wconf 82' lang='lat' dir='ltr'><strong>LIBER.</strong></span> 
     </span>
    </p>
   </div>
   <div class='ocr_carea' id='block_1_6' title="bbox 565 1516 1042 1552">
    <p class='ocr_par' dir='ltr' id='par_1_6' title="bbox 565 1516 1042 1552">
     <span class='ocr_line' id='line_1_6' title="bbox 565 1516 1042 1552; baseline 0.01 -5"><span class='ocrx_word' id='word_1_8' title='bbox 565 1516 1042 1552; x_wconf 80' lang='lat' dir='ltr'><strong>ARGUMENTUM.</strong></span> 
     </span>
    </p>
   </div>
   <div class='ocr_carea' id='block_1_7' title="bbox 74 1617 1535 1826">
    <p class='ocr_par' dir='ltr' id='par_1_7' title="bbox 74 1617 1535 1826">
     <span class='ocr_line' id='line_1_7' title="bbox 115 1617 1535 1664; baseline 0.008 -17"><span class='ocrx_word' id='word_1_9' title='bbox 115 1617 244 1648; x_wconf 74' lang='lat' dir='ltr'><strong>POETA</strong></span> <span class='ocrx_word' id='word_1_10' title='bbox 261 1618 396 1649; x_wconf 83' lang='lat' dir='ltr'>exultat</span> <span class='ocrx_word' id='word_1_11' title='bbox 409 1618 451 1649; x_wconf 90' lang='lat' dir='ltr'>ob</span> <span class='ocrx_word' id='word_1_12' title='bbox 469 1618 664 1650; x_wconf 82' lang='lat' dir='ltr'><strong>restitutam</strong></span> <span class='ocrx_word' id='word_1_13' title='bbox 681 1629 698 1650; x_wconf 90' lang='lat' dir='ltr'>a</span> <span class='ocrx_word' id='word_1_14' title='bbox 721 1620 908 1652; x_wconf 83' lang='lat' dir='ltr'>Stilichone</span> <span class='ocrx_word' id='word_1_15' title='bbox 926 1622 1078 1664; x_wconf 81' lang='lat' dir='ltr'>Libyam.</span> <span class='ocrx_word' id='word_1_16' title='bbox 1124 1625 1190 1655; x_wconf 84' lang='lat' dir='ltr'>Res</span> <span class='ocrx_word' id='word_1_17' title='bbox 1213 1631 1380 1657; x_wconf 79' lang='lat' dir='ltr'>narratur.</span> <span class='ocrx_word' id='word_1_18' title='bbox 1427 1627 1535 1659; x_wconf 81' lang='lat' dir='ltr'>Roma</span> 
     </span>
     <span class='ocr_line' id='line_1_8' title="bbox 75 1671 1534 1717; baseline 0.007 -16"><span class='ocrx_word' id='word_1_19' title='bbox 75 1671 258 1702; x_wconf 88' lang='lat' dir='ltr'>macilenta</span> <span class='ocrx_word' id='word_1_20' title='bbox 272 1671 424 1712; x_wconf 88' lang='lat' dir='ltr'>queritur</span> <span class='ocrx_word' id='word_1_21' title='bbox 451 1673 539 1712; x_wconf 90' lang='lat' dir='ltr'>apud</span> <span class='ocrx_word' id='word_1_22' title='bbox 556 1673 687 1712; x_wconf 84' lang='lat' dir='ltr'>Jovcm,</span> <span class='ocrx_word' id='word_1_23' title='bbox 715 1673 804 1714; x_wconf 89' lang='lat' dir='ltr'>quod</span> <span class='ocrx_word' id='word_1_24' title='bbox 830 1675 909 1705; x_wconf 91' lang='lat' dir='ltr'>olim</span> <span class='ocrx_word' id='word_1_25' title='bbox 932 1685 1044 1706; x_wconf 89' lang='lat' dir='ltr'>rerum</span> <span class='ocrx_word' id='word_1_26' title='bbox 1062 1676 1208 1717; x_wconf 88' lang='lat' dir='ltr'>domina,</span> <span class='ocrx_word' id='word_1_27' title='bbox 1229 1678 1270 1709; x_wconf 90' lang='lat' dir='ltr'>ob</span> <span class='ocrx_word' id='word_1_28' title='bbox 1287 1679 1454 1710; x_wconf 84' lang='lat' dir='ltr'>ademtam</span> <span class='ocrx_word' id='word_1_29' title='bbox 1472 1681 1534 1712; x_wconf 88' lang='lat' dir='ltr'>sibi</span> 
     </span>
     <span class='ocr_line' id='line_1_9' title="bbox 75 1725 1535 1771; baseline 0.006 -16"><span class='ocrx_word' id='word_1_30' title='bbox 75 1735 95 1755; x_wconf 89' lang='lat' dir='ltr'>a</span> <span class='ocrx_word' id='word_1_31' title='bbox 124 1725 272 1756; x_wconf 88' lang='lat' dir='ltr'>Gildone</span> <span class='ocrx_word' id='word_1_32' title='bbox 298 1725 453 1766; x_wconf 83' lang='lat' dir='ltr'>Libyam,</span> <span class='ocrx_word' id='word_1_33' title='bbox 473 1736 561 1766; x_wconf 87' lang='lat' dir='ltr'>pane</span> <span class='ocrx_word' id='word_1_34' title='bbox 590 1727 751 1767; x_wconf 84' lang='lat' dir='ltr'>indigeat.</span> <span class='ocrx_word' id='word_1_35' title='bbox 796 1728 925 1769; x_wconf 91' lang='lat' dir='ltr'>Diique</span> <span class='ocrx_word' id='word_1_36' title='bbox 952 1730 1107 1771; x_wconf 85' lang='lat' dir='ltr'>Deaeque</span> <span class='ocrx_word' id='word_1_37' title='bbox 1132 1736 1320 1763; x_wconf 90' lang='lat' dir='ltr'>moventur.</span> <span class='ocrx_word' id='word_1_38' title='bbox 1367 1732 1474 1764; x_wconf 79' lang='lat' dir='ltr'>Adest</span> <span class='ocrx_word' id='word_1_39' title='bbox 1498 1738 1535 1765; x_wconf 81' lang='lat' dir='ltr'>et</span> 
     </span>
     <span class='ocr_line' id='line_1_10' title="bbox 74 1776 1534 1826; baseline 0.006 -18"><span class='ocrx_word' id='word_1_40' title='bbox 74 1776 192 1809; x_wconf 81' lang='lat' dir='ltr'>Africa</span> <span class='ocrx_word' id='word_1_41' title='bbox 215 1779 355 1819; x_wconf 89' lang='lat' dir='ltr'>querula</span> <span class='ocrx_word' id='word_1_42' title='bbox 371 1784 407 1810; x_wconf 87' lang='lat' dir='ltr'>et</span> <span class='ocrx_word' id='word_1_43' title='bbox 425 1779 613 1820; x_wconf 80' lang='lat' dir='ltr'>praeferens</span> <span class='ocrx_word' id='word_1_44' title='bbox 630 1786 807 1822; x_wconf 81' lang='lat' dir='ltr'>serpentes</span> <span class='ocrx_word' id='word_1_45' title='bbox 826 1792 901 1813; x_wconf 90' lang='lat' dir='ltr'>suos</span> <span class='ocrx_word' id='word_1_46' title='bbox 917 1782 1058 1814; x_wconf 85' lang='lat' dir='ltr'>Gildoni</span> <span class='ocrx_word' id='word_1_47' title='bbox 1074 1788 1229 1824; x_wconf 85' lang='lat' dir='ltr'>tyranno,</span> <span class='ocrx_word' id='word_1_48' title='bbox 1248 1785 1386 1823; x_wconf 84' lang='lat' dir='ltr'>latroni,</span> <span class='ocrx_word' id='word_1_49' title='bbox 1401 1785 1534 1826; x_wconf 90' lang='lat' dir='ltr'>impuro</span> 
     </span>
    </p>
   </div>
   <div class='ocr_carea' id='block_1_8' title="bbox 73 1831 1585 1874">
    <p class='ocr_par' dir='ltr' id='par_1_8' title="bbox 73 1831 1585 1874">
     <span class='ocr_line' id='line_1_11' title="bbox 73 1831 1585 1874; baseline 0.005 -12"><span class='ocrx_word' id='word_1_50' title='bbox 73 1837 108 1862; x_wconf 90' lang='lat' dir='ltr'>et</span> <span class='ocrx_word' id='word_1_51' title='bbox 133 1831 299 1863; x_wconf 84' lang='lat' dir='ltr'>venefico.</span> <span class='ocrx_word' id='word_1_52' title='bbox 355 1833 495 1873; x_wconf 86' lang='lat' dir='ltr'>Jupiter</span> <span class='ocrx_word' id='word_1_53' title='bbox 524 1838 635 1864; x_wconf 87' lang='lat' dir='ltr'>motus</span> <span class='ocrx_word' id='word_1_54' title='bbox 659 1834 828 1874; x_wconf 88' lang='lat' dir='ltr'>promittit</span> <span class='ocrx_word' id='word_1_55' title='bbox 859 1834 1041 1866; x_wconf 90' lang='lat' dir='ltr'>Gildonem</span> <span class='ocrx_word' id='word_1_56' title='bbox 1068 1835 1110 1866; x_wconf 89' lang='lat' dir='ltr'>ab</span> <span class='ocrx_word' id='word_1_57' title='bbox 1142 1836 1297 1867; x_wconf 88' lang='lat' dir='ltr'>Honorio</span> <span class='ocrx_word' id='word_1_58' title='bbox 1322 1836 1451 1868; x_wconf 82' lang='lat' dir='ltr'>victum</span> <span class='ocrx_word' id='word_1_59' title='bbox 1479 1838 1532 1870; x_wconf 84' lang='lat' dir='ltr'>iri.</span> <span class='ocrx_word' id='word_1_60' title='bbox 1582 1855 1585 1857; x_wconf 97' lang='lat'>-</span> 
     </span>
    </p>
   </div>
   <div class='ocr_carea' id='block_1_9' title="bbox 72 1884 1533 2141">
    <p class='ocr_par' dir='ltr' id='par_1_9' title="bbox 72 1884 1533 2141">
     <span class='ocr_line' id='line_1_12' title="bbox 72 1884 1530 1928; baseline 0.004 -13"><span class='ocrx_word' id='word_1_61' title='bbox 72 1884 164 1916; x_wconf 86' lang='lat' dir='ltr'>Hine</span> <span class='ocrx_word' id='word_1_62' title='bbox 178 1885 244 1916; x_wconf 91' lang='lat' dir='ltr'>duo</span> <span class='ocrx_word' id='word_1_63' title='bbox 260 1885 436 1917; x_wconf 77' lang='lat' dir='ltr'>Theodosii</span> <span class='ocrx_word' id='word_1_64' title='bbox 453 1885 548 1916; x_wconf 86' lang='lat' dir='ltr'>Avus</span> <span class='ocrx_word' id='word_1_65' title='bbox 564 1890 600 1916; x_wconf 87' lang='lat' dir='ltr'>et</span> <span class='ocrx_word' id='word_1_66' title='bbox 613 1886 718 1917; x_wconf 83' lang='lat' dir='ltr'>Pater</span> <span class='ocrx_word' id='word_1_67' title='bbox 734 1890 866 1926; x_wconf 87' lang='lat' dir='ltr'>petunt,</span> <span class='ocrx_word' id='word_1_68' title='bbox 878 1886 932 1917; x_wconf 90' lang='lat' dir='ltr'>hic</span> <span class='ocrx_word' id='word_1_69' title='bbox 949 1887 1290 1928; x_wconf 84' lang='lat' dir='ltr'>Constantinopolim,</span> <span class='ocrx_word' id='word_1_70' title='bbox 1308 1888 1363 1920; x_wconf 89' lang='lat' dir='ltr'>ille</span> <span class='ocrx_word' id='word_1_71' title='bbox 1376 1888 1530 1921; x_wconf 86' lang='lat' dir='ltr'>Italiam:</span> 
     </span>
     <span class='ocr_line' id='line_1_13' title="bbox 73 1936 1533 1981; baseline 0.003 -13"><span class='ocrx_word' id='word_1_72' title='bbox 73 1936 171 1968; x_wconf 89' lang='lat' dir='ltr'>ambo</span> <span class='ocrx_word' id='word_1_73' title='bbox 188 1938 404 1970; x_wconf 87' lang='lat' dir='ltr'>detestantur</span> <span class='ocrx_word' id='word_1_74' title='bbox 428 1939 621 1969; x_wconf 85' lang='lat' dir='ltr'>inimicitias</span> <span class='ocrx_word' id='word_1_75' title='bbox 636 1938 820 1978; x_wconf 58' lang='lat' dir='ltr'>fraterna«,</span> <span class='ocrx_word' id='word_1_76' title='bbox 838 1939 1083 1981; x_wconf 77' lang='lat' dir='ltr'>perfidiamque</span> <span class='ocrx_word' id='word_1_77' title='bbox 1102 1941 1279 1979; x_wconf 88' lang='lat' dir='ltr'>Gildonis;</span> <span class='ocrx_word' id='word_1_78' title='bbox 1305 1946 1339 1972; x_wconf 89' lang='lat' dir='ltr'>et</span> <span class='ocrx_word' id='word_1_79' title='bbox 1353 1941 1533 1974; x_wconf 80' lang='lat' dir='ltr'>hortantur</span> 
     </span>
     <span class='ocr_line' id='line_1_14' title="bbox 72 1990 1532 2027; baseline 0.004 -6"><span class='ocrx_word' id='word_1_80' title='bbox 72 1990 198 2021; x_wconf 87' lang='lat' dir='ltr'>fratres</span> <span class='ocrx_word' id='word_1_81' title='bbox 223 1990 407 2022; x_wconf 85' lang='lat' dir='ltr'>Arcadium</span> <span class='ocrx_word' id='word_1_82' title='bbox 424 1996 459 2022; x_wconf 86' lang='lat' dir='ltr'>et</span> <span class='ocrx_word' id='word_1_83' title='bbox 474 1992 663 2022; x_wconf 82' lang='lat' dir='ltr'>Honorium</span> <span class='ocrx_word' id='word_1_84' title='bbox 690 1992 732 2023; x_wconf 89' lang='lat' dir='ltr'>ad</span> <span class='ocrx_word' id='word_1_85' title='bbox 755 1993 980 2024; x_wconf 87' lang='lat' dir='ltr'>concordiam.</span> <span class='ocrx_word' id='word_1_86' title='bbox 1027 1994 1111 2024; x_wconf 86' lang='lat' dir='ltr'>Post</span> <span class='ocrx_word' id='word_1_87' title='bbox 1139 1995 1310 2025; x_wconf 82' lang='lat' dir='ltr'>Honorius</span> <span class='ocrx_word' id='word_1_88' title='bbox 1335 1995 1433 2026; x_wconf 88' lang='lat' dir='ltr'>ardet</span> <span class='ocrx_word' id='word_1_89' title='bbox 1462 1995 1532 2027; x_wconf 90' lang='lat' dir='ltr'>vin-</span> 
     </span>
     <span class='ocr_line' id='line_1_15' title="bbox 72 2043 1529 2090; baseline 0.003 -15"><span class='ocrx_word' id='word_1_90' title='bbox 72 2053 163 2082; x_wconf 89' lang='lat' dir='ltr'>cere,</span> <span class='ocrx_word' id='word_1_91' title='bbox 179 2044 239 2075; x_wconf 86' lang='lat' dir='ltr'>sed</span> <span class='ocrx_word' id='word_1_92' title='bbox 264 2043 385 2075; x_wconf 85' lang='lat' dir='ltr'>abhoc</span> <span class='ocrx_word' id='word_1_93' title='bbox 413 2045 512 2082; x_wconf 85' lang='lat' dir='ltr'>bello,</span> <span class='ocrx_word' id='word_1_94' title='bbox 529 2050 567 2076; x_wconf 90' lang='lat' dir='ltr'>ut</span> <span class='ocrx_word' id='word_1_95' title='bbox 594 2045 746 2086; x_wconf 83' lang='lat' dir='ltr'>indigno,</span> <span class='ocrx_word' id='word_1_96' title='bbox 776 2047 864 2077; x_wconf 84' lang='lat' dir='ltr'>hunc</span> <span class='ocrx_word' id='word_1_97' title='bbox 896 2047 1048 2077; x_wconf 88' lang='lat' dir='ltr'>deterret</span> <span class='ocrx_word' id='word_1_98' title='bbox 1070 2047 1222 2088; x_wconf 85' lang='lat' dir='ltr'>StilichO,</span> <span class='ocrx_word' id='word_1_99' title='bbox 1243 2048 1299 2089; x_wconf 91' lang='lat' dir='ltr'>qui</span> <span class='ocrx_word' id='word_1_100' title='bbox 1325 2057 1365 2079; x_wconf 86' lang='lat' dir='ltr'>eo</span> <span class='ocrx_word' id='word_1_101' title='bbox 1393 2049 1529 2090; x_wconf 81' lang='lat' dir='ltr'>auspice</span> 
     </span>
     <span class='ocr_line' id='line_1_16' title="bbox 75 2098 1123 2141; baseline 0.004 -13"><span class='ocrx_word' id='word_1_102' title='bbox 75 2102 193 2138; x_wconf 89' lang='lat' dir='ltr'>armat,</span> <span class='ocrx_word' id='word_1_103' title='bbox 206 2103 242 2129; x_wconf 92' lang='lat' dir='ltr'>et</span> <span class='ocrx_word' id='word_1_104' title='bbox 257 2098 377 2129; x_wconf 82' lang='lat' dir='ltr'>statuit</span> <span class='ocrx_word' id='word_1_105' title='bbox 395 2103 513 2138; x_wconf 87' lang='lat' dir='ltr'>petere</span> <span class='ocrx_word' id='word_1_106' title='bbox 530 2098 698 2139; x_wconf 85' lang='lat' dir='ltr'>Africam,</span> <span class='ocrx_word' id='word_1_107' title='bbox 711 2100 959 2141; x_wconf 87' lang='lat' dir='ltr'>Gildonemque</span> <span class='ocrx_word' id='word_1_108' title='bbox 976 2100 1123 2132; x_wconf 75' lang='lat' dir='ltr'>vincere.</span> 
     </span>
    </p>
   </div>
   <div class='ocr_carea' id='block_1_10' title="bbox 681 2193 915 2205">
    <p class='ocr_par' dir='ltr' id='par_1_10' title="bbox 681 2193 915 2205">
     <span class='ocr_line' id='line_1_17' title="bbox 681 2193 915 2205; baseline 0.004 -1"><span class='ocrx_word' id='word_1_109' title='bbox 681 2193 915 2205; x_wconf 57' lang='lat' dir='ltr'>eeeeeeeeeee</span> 
     </span>
    </p>
   </div>
   <div class='ocr_carea' id='block_1_11' title="bbox 69 2247 1529 2460">
    <p class='ocr_par' dir='ltr' id='par_1_11' title="bbox 69 2247 1529 2460">
     <span class='ocr_line' id='line_1_18' title="bbox 115 2247 1529 2289; baseline 0.001 -9"><span class='ocrx_word' id='word_1_110' title='bbox 115 2247 218 2280; x_wconf 87' lang='lat' dir='ltr'>Hunc</span> <span class='ocrx_word' id='word_1_111' title='bbox 240 2247 364 2279; x_wconf 88' lang='lat' dir='ltr'>librum</span> <span class='ocrx_word' id='word_1_112' title='bbox 381 2248 529 2278; x_wconf 90' lang='lat' dir='ltr'>nonnulli</span> <span class='ocrx_word' id='word_1_113' title='bbox 548 2247 657 2279; x_wconf 86' lang='lat' dir='ltr'>Codd.</span> <span class='ocrx_word' id='word_1_114' title='bbox 682 2247 870 2278; x_wconf 89' lang='lat' dir='ltr'>inscribunt</span> <span class='ocrx_word' id='word_1_115' title='bbox 895 2249 1021 2280; x_wconf 82' lang='lat' dir='ltr'>tertium</span> <span class='ocrx_word' id='word_1_116' title='bbox 1037 2248 1069 2279; x_wconf 87' lang='lat' dir='ltr'>in</span> <span class='ocrx_word' id='word_1_117' title='bbox 1088 2248 1245 2289; x_wconf 60' lang='lat' dir='ltr'>Rufinum.</span> <span class='ocrx_word' id='word_1_118' title='bbox 1284 2249 1414 2281; x_wconf 86' lang='lat' dir='ltr'>recenti</span> <span class='ocrx_word' id='word_1_119' title='bbox 1430 2259 1529 2282; x_wconf 85' lang='lat' dir='ltr'>manu</span> 
     </span>
     <span class='ocr_line' id='line_1_19' title="bbox 69 2290 1528 2332; baseline 0.001 -10"><span class='ocrx_word' id='word_1_120' title='bbox 69 2291 217 2332; x_wconf 85' lang='lat' dir='ltr'>scriptus</span> <span class='ocrx_word' id='word_1_121' title='bbox 235 2291 355 2321; x_wconf 90' lang='lat' dir='ltr'>eratin</span> <span class='ocrx_word' id='word_1_122' title='bbox 371 2290 492 2321; x_wconf 88' lang='lat' dir='ltr'>Petav.</span> <span class='ocrx_word' id='word_1_123' title='bbox 511 2301 560 2330; x_wconf 84' lang='lat' dir='ltr'>pr.</span> <span class='ocrx_word' id='word_1_124' title='bbox 607 2291 647 2321; x_wconf 89' lang='lat' dir='ltr'>In</span> <span class='ocrx_word' id='word_1_125' title='bbox 664 2290 792 2321; x_wconf 82' lang='lat' dir='ltr'>Morct.</span> <span class='ocrx_word' id='word_1_126' title='bbox 822 2300 872 2330; x_wconf 82' lang='lat' dir='ltr'>pr.</span> <span class='ocrx_word' id='word_1_127' title='bbox 890 2291 1015 2331; x_wconf 75' lang='lat' dir='ltr'>legitur</span> <span class='ocrx_word' id='word_1_128' title='bbox 1042 2296 1119 2331; x_wconf 85' lang='lat' dir='ltr'>post</span> <span class='ocrx_word' id='word_1_129' title='bbox 1147 2291 1398 2332; x_wconf 74' lang='lat' dir='ltr'>Panegyricum</span> <span class='ocrx_word' id='word_1_130' title='bbox 1423 2293 1528 2323; x_wconf 86' lang='lat' dir='ltr'>Theo-</span> 
     </span>
     <span class='ocr_line' id='line_1_20' title="bbox 70 2333 1527 2373; baseline 0.001 -9"><span class='ocrx_word' id='word_1_131' title='bbox 70 2334 152 2364; x_wconf 87' lang='lat' dir='ltr'>doro</span> <span class='ocrx_word' id='word_1_132' title='bbox 168 2333 311 2364; x_wconf 88' lang='lat' dir='ltr'>dictum.</span> <span class='ocrx_word' id='word_1_133' title='bbox 356 2334 395 2364; x_wconf 94' lang='lat' dir='ltr'>In</span> <span class='ocrx_word' id='word_1_134' title='bbox 410 2334 537 2364; x_wconf 68' lang='lat' dir='ltr'>Movet.</span> <span class='ocrx_word' id='word_1_135' title='bbox 566 2342 634 2363; x_wconf 84' lang='lat' dir='ltr'>sec.</span> <span class='ocrx_word' id='word_1_136' title='bbox 666 2338 701 2363; x_wconf 86' lang='lat' dir='ltr'>et</span> <span class='ocrx_word' id='word_1_137' title='bbox 718 2334 802 2363; x_wconf 79' lang='lat' dir='ltr'>Exc.</span> <span class='ocrx_word' id='word_1_138' title='bbox 831 2333 971 2364; x_wconf 85' lang='lat' dir='ltr'>Gevart.</span> <span class='ocrx_word' id='word_1_139' title='bbox 997 2334 1145 2364; x_wconf 83' lang='lat' dir='ltr'>secundo</span> <span class='ocrx_word' id='word_1_140' title='bbox 1172 2334 1246 2364; x_wconf 92' lang='lat' dir='ltr'>loco</span> <span class='ocrx_word' id='word_1_141' title='bbox 1271 2335 1406 2373; x_wconf 83' lang='lat' dir='ltr'>legitur.</span> <span class='ocrx_word' id='word_1_142' title='bbox 1451 2335 1527 2365; x_wconf 86' lang='lat' dir='ltr'>Flo-</span> 
     </span>
     <span class='ocr_line' id='line_1_21' title="bbox 70 2375 1528 2415; baseline 0.001 -8"><span class='ocrx_word' id='word_1_143' title='bbox 70 2376 222 2407; x_wconf 84' lang='lat' dir='ltr'>rentinus</span> <span class='ocrx_word' id='word_1_144' title='bbox 235 2376 352 2407; x_wconf 89' lang='lat' dir='ltr'>Codex</span> <span class='ocrx_word' id='word_1_145' title='bbox 370 2375 537 2415; x_wconf 88' lang='lat' dir='ltr'>inscribit,</span> <span class='ocrx_word' id='word_1_146' title='bbox 558 2377 567 2392; x_wconf 84' lang='lat'>‘</span> <span class='ocrx_word' id='word_1_147' title='bbox 585 2376 637 2406; x_wconf 92' lang='lat' dir='ltr'>De</span> <span class='ocrx_word' id='word_1_148' title='bbox 661 2375 820 2406; x_wconf 90' lang='lat' dir='ltr'>Victoria</span> <span class='ocrx_word' id='word_1_149' title='bbox 844 2376 1016 2407; x_wconf 86' lang='lat' dir='ltr'>Stiliconis</span> <span class='ocrx_word' id='word_1_150' title='bbox 1042 2381 1077 2407; x_wconf 90' lang='lat' dir='ltr'>et</span> <span class='ocrx_word' id='word_1_151' title='bbox 1102 2377 1247 2407; x_wconf 85' lang='lat' dir='ltr'>Honorii</span> <span class='ocrx_word' id='word_1_152' title='bbox 1274 2381 1390 2407; x_wconf 89' lang='lat' dir='ltr'>contra</span> <span class='ocrx_word' id='word_1_153' title='bbox 1406 2376 1528 2408; x_wconf 89' lang='lat' dir='ltr'>Gildo-</span> 
     </span>
     <span class='ocr_line' id='line_1_22' title="bbox 69 2418 1526 2460; baseline 0.002 -11"><span class='ocrx_word' id='word_1_154' title='bbox 69 2418 169 2451; x_wconf 84' lang='lat' dir='ltr'>nem.&#39;</span> <span class='ocrx_word' id='word_1_155' title='bbox 214 2419 401 2450; x_wconf 88' lang='lat' dir='ltr'>Vaticanus</span> <span class='ocrx_word' id='word_1_156' title='bbox 429 2424 566 2460; x_wconf 86' lang='lat' dir='ltr'>quartus</span> <span class='ocrx_word' id='word_1_157' title='bbox 594 2418 807 2459; x_wconf 87' lang='lat' dir='ltr'>simpliciter,</span> <span class='ocrx_word' id='word_1_158' title='bbox 833 2419 884 2450; x_wconf 88' lang='lat' dir='ltr'>De</span> <span class='ocrx_word' id='word_1_159' title='bbox 909 2419 1043 2450; x_wconf 80' lang='lat' dir='ltr'>Gildone</span> <span class='ocrx_word' id='word_1_160' title='bbox 1068 2419 1132 2450; x_wconf 76' lang='lat' dir='ltr'>sive</span> <span class='ocrx_word' id='word_1_161' title='bbox 1155 2419 1247 2449; x_wconf 82' lang='lat' dir='ltr'>Bello</span> <span class='ocrx_word' id='word_1_162' title='bbox 1262 2418 1334 2456; x_wconf 68' lang='lat' dir='ltr'>ejus.</span> <span class='ocrx_word' id='word_1_163' title='bbox 1359 2420 1438 2451; x_wconf 85' lang='lat' dir='ltr'>Vat.</span> <span class='ocrx_word' id='word_1_164' title='bbox 1456 2429 1526 2452; x_wconf 87' lang='lat' dir='ltr'>sec.</span> 
     </span>
    </p>
   </div>
   <div class='ocr_carea' id='block_1_12' title="bbox 727 2502 867 2535">
    <p class='ocr_par' dir='ltr' id='par_1_12' title="bbox 727 2502 867 2535">
     <span class='ocr_line' id='line_1_23' title="bbox 727 2502 867 2535; baseline -0.007 0"><span class='ocrx_word' id='word_1_165' title='bbox 727 2503 759 2535; x_wconf 90' lang='lat' dir='ltr'>N</span> <span class='ocrx_word' id='word_1_166' title='bbox 764 2502 867 2535; x_wconf 71' lang='lat' dir='ltr'>0¹1¹AE</span> 
     </span>
    </p>
   </div>
   <div class='ocr_carea' id='block_1_13' title="bbox 67 2577 1524 2821">
    <p class='ocr_par' dir='ltr' id='par_1_13' title="bbox 67 2577 1524 2821">
     <span class='ocr_line' id='line_1_24' title="bbox 136 2577 1524 2618; baseline -0.001 -8"><span class='ocrx_word' id='word_1_167' title='bbox 136 2578 187 2610; x_wconf 84' lang='lat' dir='ltr'>De</span> <span class='ocrx_word' id='word_1_168' title='bbox 222 2579 313 2610; x_wconf 84' lang='lat' dir='ltr'>Bello</span> <span class='ocrx_word' id='word_1_169' title='bbox 359 2578 539 2618; x_wconf 79' lang='lat' dir='ltr'>Gildonico]</span> <span class='ocrx_word' id='word_1_170' title='bbox 585 2579 663 2610; x_wconf 87' lang='lat' dir='ltr'>Hoc</span> <span class='ocrx_word' id='word_1_171' title='bbox 701 2578 769 2609; x_wconf 88' lang='lat' dir='ltr'>bel·</span> <span class='ocrx_word' id='word_1_172' title='bbox 823 2582 882 2610; x_wconf 89' lang='lat' dir='ltr'>aut</span> <span class='ocrx_word' id='word_1_173' title='bbox 896 2578 1025 2610; x_wconf 85' lang='lat' dir='ltr'>Africae</span> <span class='ocrx_word' id='word_1_174' title='bbox 1055 2588 1207 2618; x_wconf 84' lang='lat' dir='ltr'>magnam</span> <span class='ocrx_word' id='word_1_175' title='bbox 1234 2582 1364 2618; x_wconf 88' lang='lat' dir='ltr'>partem</span> <span class='ocrx_word' id='word_1_176' title='bbox 1396 2577 1524 2608; x_wconf 90' lang='lat' dir='ltr'>invase-</span> 
     </span>
     <span class='ocr_line' id='line_1_25' title="bbox 69 2626 1524 2670; baseline -0.001 -10"><span class='ocrx_word' id='word_1_177' title='bbox 69 2630 136 2660; x_wconf 91' lang='lat' dir='ltr'>lum</span> <span class='ocrx_word' id='word_1_178' title='bbox 177 2634 370 2670; x_wconf 77' lang='lat' dir='ltr'>susceptum</span> <span class='ocrx_word' id='word_1_179' title='bbox 416 2634 470 2660; x_wconf 81' lang='lat' dir='ltr'>est</span> <span class='ocrx_word' id='word_1_180' title='bbox 502 2634 621 2660; x_wconf 89' lang='lat' dir='ltr'>contra</span> <span class='ocrx_word' id='word_1_181' title='bbox 647 2628 768 2660; x_wconf 83' lang='lat' dir='ltr'>Gildo·</span> <span class='ocrx_word' id='word_1_182' title='bbox 824 2634 887 2660; x_wconf 87' lang='lat' dir='ltr'>rat.</span> <span class='ocrx_word' id='word_1_183' title='bbox 932 2629 996 2661; x_wconf 91' lang='lat' dir='ltr'>Ille</span> <span class='ocrx_word' id='word_1_184' title='bbox 1013 2634 1125 2660; x_wconf 88' lang='lat' dir='ltr'>autem</span> <span class='ocrx_word' id='word_1_185' title='bbox 1150 2627 1263 2666; x_wconf 88' lang='lat' dir='ltr'>Gildo,</span> <span class='ocrx_word' id='word_1_186' title='bbox 1279 2626 1436 2667; x_wconf 81' lang='lat' dir='ltr'>auspiciis</span> <span class='ocrx_word' id='word_1_187' title='bbox 1453 2626 1524 2658; x_wconf 88' lang='lat' dir='ltr'>Ho-</span> 
     </span>
     <span class='ocr_line' id='line_1_26' title="bbox 68 2677 1524 2720; baseline -0.001 -10"><span class='ocrx_word' id='word_1_188' title='bbox 68 2688 158 2719; x_wconf 88' lang='lat' dir='ltr'>nem,</span> <span class='ocrx_word' id='word_1_189' title='bbox 184 2679 241 2720; x_wconf 92' lang='lat' dir='ltr'>qui</span> <span class='ocrx_word' id='word_1_190' title='bbox 277 2685 409 2710; x_wconf 84' lang='lat' dir='ltr'>mortuo</span> <span class='ocrx_word' id='word_1_191' title='bbox 439 2679 642 2717; x_wconf 59' lang='lat' dir='ltr'>Theodosio,</span> <span class='ocrx_word' id='word_1_192' title='bbox 677 2678 771 2709; x_wconf 88' lang='lat' dir='ltr'>mini·</span> <span class='ocrx_word' id='word_1_193' title='bbox 825 2678 921 2718; x_wconf 81' lang='lat' dir='ltr'>nerii,</span> <span class='ocrx_word' id='word_1_194' title='bbox 939 2689 958 2709; x_wconf 89' lang='lat' dir='ltr'>a</span> <span class='ocrx_word' id='word_1_195' title='bbox 983 2678 1168 2710; x_wconf 86' lang='lat' dir='ltr'>Stilichone</span> <span class='ocrx_word' id='word_1_196' title='bbox 1189 2677 1345 2708; x_wconf 87' lang='lat' dir='ltr'>devictus</span> <span class='ocrx_word' id='word_1_197' title='bbox 1373 2681 1435 2717; x_wconf 88' lang='lat' dir='ltr'>est,</span> <span class='ocrx_word' id='word_1_198' title='bbox 1460 2677 1524 2709; x_wconf 88' lang='lat' dir='ltr'>sic-</span> 
     </span>
     <span class='ocr_line' id='line_1_27' title="bbox 67 2727 1522 2771; baseline -0.001 -10"><span class='ocrx_word' id='word_1_199' title='bbox 67 2739 156 2762; x_wconf 87' lang='lat' dir='ltr'>mam</span> <span class='ocrx_word' id='word_1_200' title='bbox 183 2739 277 2770; x_wconf 86' lang='lat' dir='ltr'>spem</span> <span class='ocrx_word' id='word_1_201' title='bbox 311 2730 345 2761; x_wconf 90' lang='lat' dir='ltr'>iu</span> <span class='ocrx_word' id='word_1_202' title='bbox 375 2730 523 2770; x_wconf 85' lang='lat' dir='ltr'>parvulis</span> <span class='ocrx_word' id='word_1_203' title='bbox 549 2729 697 2761; x_wconf 84' lang='lat' dir='ltr'>Arcadio</span> <span class='ocrx_word' id='word_1_204' title='bbox 733 2733 770 2761; x_wconf 89' lang='lat' dir='ltr'>et</span> <span class='ocrx_word' id='word_1_205' title='bbox 823 2738 888 2771; x_wconf 90' lang='lat' dir='ltr'>que</span> <span class='ocrx_word' id='word_1_206' title='bbox 914 2729 1063 2771; x_wconf 85' lang='lat' dir='ltr'>Imperio</span> <span class='ocrx_word' id='word_1_207' title='bbox 1099 2730 1251 2762; x_wconf 81' lang='lat' dir='ltr'>Romano</span> <span class='ocrx_word' id='word_1_208' title='bbox 1276 2727 1436 2760; x_wconf 89' lang='lat' dir='ltr'>restituta</span> <span class='ocrx_word' id='word_1_209' title='bbox 1470 2733 1522 2760; x_wconf 88' lang='lat' dir='ltr'>est</span> 
     </span>
     <span class='ocr_line' id='line_1_28' title="bbox 67 2778 955 2821; baseline -0.002 -8"><span class='ocrx_word' id='word_1_210' title='bbox 67 2779 223 2813; x_wconf 87' lang='lat' dir='ltr'>Honorio</span> <span class='ocrx_word' id='word_1_211' title='bbox 258 2778 333 2811; x_wconf 82' lang='lat' dir='ltr'>fore</span> <span class='ocrx_word' id='word_1_212' title='bbox 371 2780 566 2821; x_wconf 81' lang='lat' dir='ltr'>arbitratus,</span> <span class='ocrx_word' id='word_1_213' title='bbox 601 2780 766 2821; x_wconf 85' lang='lat' dir='ltr'>Africam,</span> <span class='ocrx_word' id='word_1_214' title='bbox 823 2778 955 2812; x_wconf 85' lang='lat' dir='ltr'>Africa.</span> 
     </span>
    </p>
   </div>
  </div>
 </body>
</html>
