1857 3177
560 210 621 238 DE
655 208 720 238 lv.

753 207 891 239 CONS.
925 209 1109 238 HONOR.

112 301 272 350 Mater,
295 306 339 341 et
360 301 414 341 ad
438 302 604 354 primas
626 302 773 342 docuit
791 306 962 355 reptare
984 302 1177 342 curules.

116 367 335 408 Uberibus
351 370 531 417 sanetis,
555 370 870 422 immortalique
895 369 1086 409 Dearum

111 434 288 475 Crescis
311 435 517 476 adoratus
538 437 728 488 gremio:
761 437 838 477 tibi
862 448 985 488 saepe
1008 435 1154 476 Diana

1482 434 1563 473 160

111 501 343 543 Maenalios
366 517 494 544 arcus
515 505 851 556 venatricesque
873 503 1098 555 pharetras

109 568 361 622 Suspendit,
385 571 551 623 puerile
573 571 705 610 decus
724 583 732 606 ε
765 574 812 609 tu
834 582 956 620 saepe
982 568 1194 610 Minervae

107 633 272 676 Lusisti
295 637 463 690 clypeo,
486 638 737 689 fulvamque
758 636 934 687 impune
955 648 1181 688 pererrans

108 702 285 754 AEgida,
309 706 505 745 tractasti
527 703 713 744 blandos
736 702 951 742 interritus
973 714 1152 754 angues.

107 769 239 823 Saepe
262 775 362 811 tuas
385 773 533 820 etiam,
549 771 759 823 jamtum
781 768 995 821 gaudente
1018 769 1191 818 marito,

1482 770 1564 809 165

106 836 287 879 Velavit
309 839 483 891 Regina
505 851 670 886 eomas,
692 838 939 889 festinaque
960 837 1051 877 voti

106 903 397 946 Praesumtum
420 905 624 945 diadema
645 904 783 945 dedit:
815 909 906 946 tum
928 905 1102 945 lenibus
1123 904 1236 944 ulnis

102 1022 154 1053 Tu
171 1022 337 1054 honoratus
358 1024 455 1054 sacris
471 1025 621 1064 mammis,
636 1028 666 1054 el
681 1027 796 1054 aterno
810 1025 881 1054 sinu
902 1026 1041 1056 Deorum
1067 1024 1221 1054 adolescis,

1266 1023 1373 1054 Diana
1382 1022 1562 1064 frequenter

101 1066 260 1105 suspendit
270 1076 311 1097 ex
329 1067 473 1096 lnnneris
493 1067 557 1096 tuis
573 1076 662 1097 arcus
678 1067 854 1104 Moenulios,
869 1071 897 1097 et
908 1068 1073 1106 pharetras
1087 1070 1176 1105 uptus
1188 1066 1354 1104 venationi,
1371 1067 1403 1096 in
1419 1066 1561 1097 honorem

98 1109 210 1146 pueri:
232 1108 456 1148 tufrcquenter
470 1110 638 1138 delectatus
653 1119 684 1139 es
698 1112 782 1138 scuto
809 1110 959 1147 Palladis,
985 1112 1013 1138 el
1032 1118 1212 1148 percurrens
1238 1111 1304 1138 tulo
1331 1109 1466 1148 clypeum
1489 1109 1560 1148 ejus

101 1150 282 1189 terribilem,
299 1152 570 1189 teligislisecurus
585 1155 739 1190 serpentes
765 1151 837 1191 ejus
862 1151 1060 1181 blandientes.
1107 1151 1299 1190 Frequenter
1323 1161 1438 1190 quoque
1463 1150 1564 1189 Impe-

100 1193 206 1223 ratri.r
221 1194 321 1224 cinxit
336 1197 421 1224 tuum
437 1194 615 1233 cupul,jurn
633 1197 697 1223 tum
717 1195 843 1223 loelunte
855 1193 1177 1231 conjuge'rheodosio
1191 1204 1198 1230 ;
1223 1196 1251 1224 et
1274 1193 1425 1223 desiderio
1440 1196 1561 1232 promto

100 1234 212 1266 tribuit
231 1236 293 1267 tibi
308 1237 449 1267 diadema
463 1237 649 1266 ‹lestinulum
662 1237 770 1275 prius:
794 1239 866 1266 tunc
875 1236 988 1266 extulit
1003 1242 1034 1266 te
1046 1235 1178 1266 brachiis
1190 1236 1315 1274 teneris,
1331 1239 1359 1266 et
1375 1236 1509 1266 admovit
1528 1240 1560 1265 te

716 1323 948 1335 eeeeeeeeeeee

100 1381 161 1409 157
174 1379 307 1419 Jamque
325 1379 484 1415 Quirinali
497 1380 620 1410 Moret.
632 1381 805 1409 see—158
820 1377 922 1407 decuit
935 1377 1012 1408 Vat.
1024 1380 1183 1416 pr.-—159
1194 1376 1290 1407 sacris
1306 1377 1432 1407 Mazar.
1445 1377 1558 1407 inmor-

99 1421 232 1461 talisque
255 1423 335 1453 Exc.
361 1423 503 1453 Gerart.
528 1423 667 1453 Deru-um
694 1421 771 1451 Vat.
789 1423 900 1460 quart.
918 1419 1012 1450 Med.
1040 1424 1118 1450 tert.
1135 1419 1256 1451 Petav.
1276 1429 1325 1459 pr.
1342 1418 1461 1449 Ambr.
1479 1424 1558 1450 tert.

99 1464 182 1495 Exc.
200 1465 343 1495 Lucens.
359 1475 427 1496 sec.
464 1466 602 1496 Deorum
626 1471 758 1503 septem
782 1462 847 1492 alii.
884 1462 1021 1492 Deorum
1038 1463 1090 1492 vel
1118 1462 1256 1493 Deorum
1281 1463 1360 1492 Vat.
1384 1471 1433 1502 pr.
1461 1463 1559 1493 Farn.

98 1507 227 1537 duarum
251 1507 304 1538 vel
332 1508 470 1539 Deorum
497 1508 576 1538 Vat.
592 1507 806 1548 quint.-——160
843 1505 963 1535 Crescit
990 1504 1068 1535 Vat.
1094 1508 1173 1535 tert.
1200 1506 1294 1535 Rott.
1322 1503 1408 1543 Reg.
1441 1514 1482 1535 m.
1509 1515 1558 1544 pr.

102 1548 179 1578 Cum
195 1550 238 1580 sis
253 1550 349 1581 Med.
365 1556 476 1591 quart.
498 1551 643 1581 odoratus
660 1550 741 1579 Exc.
755 1549 898 1579 Lucens.
915 1557 980 1578 sec.
1003 1548 1172 1577 adornatus
1182 1548 1259 1578 olim
1278 1546 1415 1587 legebat
1440 1546 1559 1578 Heius.

98 1594 204 1621 —163
227 1593 358 1623 Jussisti
374 1594 452 1624 Var.
470 1593 536 1624 LL.
554 1593 607 1623 ed.
627 1593 728 1622 Antv.
743 1591 921 1631 flavumque
939 1589 1056 1620 Ambr.
1069 1599 1136 1621 sec.
1155 1590 1220 1621 inc.
1237 1590 1462 1620 Heius—164
1477 1589 1559 1620 blun—

97 1634 209 1673 dosque
236 1634 315 1666 Jun.
339 1646 399 1665 non
414 1636 544 1665 territus
567 1635 645 1666 Put.
668 1634 746 1664 Pat.
774 1632 962 1673 perterritus
987 1633 1066 1664 Vat.
1095 1636 1172 1663 tert.
1190 1632 1286 1663 Rott.
1303 1631 1410 1663 Oisel.
1428 1632 1558 1662 Bonon.

96 1676 247 1708 Florent.
263 1687 306 1708 m.
322 1688 371 1718 pr.
387 1679 453 1708 duo
470 1678 591 1708 Petav.
606 1677 718 1716 anguis
727 1677 811 1707 Exc.
824 1676 966 1706 Lucens.
983 1678 1140 1715 pru—165
1155 1675 1302 1713 jamtum
1320 1674 1417 1704 ambo
1433 1674 1557 1704 Moret.

96 1718 181 1750 Exc.
197 1719 286 1750 Laeti
302 1726 338 1751 et
356 1721 500 1752 Lucens.
517 1731 567 1761 pr.
590 1721 664 1751 ιῙαηι
680 1729 758 1750 nunc
774 1718 867 1749 Med.
892 1723 1001 1759 quart.
1026 1718 1155 1748 Bonon.
1173 1717 1249 1748 Pat.
1266 1716 1361 1747 Leid.
1376 1725 1426 1756 pr.
1443 1721 1478 1746 et
1491 1726 1557 1746 see.

96 1770 139 1791 m.
156 1771 223 1793 sec.
244 1763 384 1794 Lucens.
401 1769 436 1794 et
451 1763 504 1794 ed.
521 1764 632 1794 Vicet.
665 1763 741 1792 an
766 1765 833 1791 tum
849 1762 901 1791 vel
927 1761 1002 1791 Jam
1024 1770 1102 1790 nunc
1118 1761 1200 1790 Exc.
1218 1760 1360 1790 Gevart.
1392 1759 1466 1789 Jum
1483 1761 1557 1788 tum·

97 1803 219 1845 reliqui
236 1809 469 1838 omnes.—167
495 1806 593 1837 deest
617 1805 672 1835 hic
699 1814 814 1835 versus
831 1803 862 1834 in
887 1803 967 1835 Jun.
996 1812 1044 1842 pr.
1083 1803 1279 1833 Praesenlum
1294 1802 1373 1832 Vat.
1391 1811 1440 1841 pr.
1459 1802 1556 1831 Farn.

757 1889 788 1920 N
796 1888 898 1919 OTAE

141 1955 201 1984 158
226 1954 352 1984 Primus
375 1955 509 1994 curules]
547 1955 663 1985 Mater
681 1952 799 1983 docuit

96 2007 131 2033 te
146 2007 216 2033 tum
234 2005 380 2043 primum
396 2014 516 2044 repere
529 2004 570 2033 ad
584 2003 799 2042 dignitatem,

96 2063 162 2094 qua
187 2053 243 2094 qui
270 2054 473 2094 conspicuus
490 2058 555 2091 est,
573 2053 705 2083 vehitur
726 2052 799 2082 sella

95 2103 240 2142 eburnea,
256 2113 313 2133 seu
332 2104 441 2143 curuli,
459 2114 533 2144 quae
551 2104 584 2133 in
601 2103 706 2143 ipsius
724 2111 798 2132 cur-

96 2162 134 2182 ru
151 2153 343 2192 imponitur.
381 2153 437 2184 Sic
454 2153 568 2184 curulis
585 2153 721 2192 ponitur
738 2161 798 2192 pro

96 2204 306 2241 Consulatu;
331 2204 462 2244 signum
480 2214 541 2244 pro
560 2214 595 2235 re
613 2204 755 2243 signata.

138 2256 200 2284 159
227 2253 379 2284 Uberibus
399 2254 529 2293 sanctis]
560 2254 649 2285 Cura
666 2258 701 2284 et
718 2253 798 2284 edu-

94 2303 230 2334 catione
247 2304 364 2335 matris
376 2303 551 2344 Augustae,
567 2304 702 2342 crescis,
716 2304 796 2334 ado-

94 2359 188 2385 ratus
215 2355 248 2385 in
273 2355 400 2395 gremio
424 2355 542 2386 Dianae
569 2360 604 2386 et
632 2353 797 2394 Palladis,

92 2414 166 2444 quae
198 2404 262 2435 tibi
305 2405 536 2436 blandiuntur.
596 2405 637 2436 Id
673 2404 798 2435 dicitur

92 2454 217 2494 forsan,
233 2455 323 2496 quod
348 2455 521 2487 Honorius
538 2454 733 2495 venatione,
747 2464 797 2485 ar-

91 2505 166 2544 mis,
182 2510 217 2536 et
233 2505 340 2536 literis
358 2505 602 2537 delectaretur.

135 2558 196 2586 160
219 2555 342 2596 Diana]
381 2556 484 2587 Soror
514 2554 698 2596 Apollinis,
728 2554 797 2585 filia

95 2603 234 2636 Latonae
250 2610 285 2636 et
298 2606 409 2646 Jovis,
422 2608 498 2637 Dea
515 2605 716 2637 venationis.

138 2655 196 2683 161
222 2655 386 2686 Moenalios
408 2656 512 2695 arcus]
539 2656 671 2689 Quibus
689 2654 795 2686 utitur

93 2702 125 2730 in
145 2702 302 2744 Maenalo,
324 2709 439 2738 monte
462 2705 622 2738 Arcadiae
640 2706 672 2737 in
699 2706 796 2738 Grae-

94 2761 155 2782 cia.

897 1954 958 1982 162
986 1950 1160 1991 Minori-cc]
1189 1950 1275 1982 Quae
1293 1954 1329 1980 et
1346 1949 1471 1988 Panas,
1488 1948 1555 1978 filia

852 2002 961 2041 Jovis,
978 2003 1051 2032 Dea
1067 2011 1234 2032 armorum
1253 2005 1287 2031 et
1301 1999 1544 2030 doctrinarum.

898 2054 957 2081 164
982 2051 1115 2090 -Egi‹lu]
1148 2051 1315 2090 Clypeum
1339 2050 1387 2081 sic
1414 2049 1554 2084 dictum,

852 2100 912 2130 ἀπὸ
927 2102 981 2136 τῆς
997 2099 1095 2139 αἰγὸς,
1112 2110 1130 2130 α
1146 2109 1247 2139 caprce
1270 2100 1361 2138 pelle,
1377 2109 1444 2139 qua
1461 2099 1553 2136 AEgis

852 2160 911 2180 seu
928 2151 1077 2190 Clypeus
1094 2150 1188 2182 Jovis
1214 2150 1321 2189 patris
1349 2149 1529 2188 tegebatur
1546 2161 1552 2179 t

852 2202 929 2233 hinc
946 2202 1039 2241 AEgis
1065 2201 1188 2241 saepius
1214 2201 1355 2232 sumitur
1373 2210 1433 2241 pro
1463 2201 1553 2230 Deo-

852 2261 925 2282 rum
943 2251 1084 2292 clypeis.

895 2302 1034 2332 Blandus
1049 2300 1181 2340 angues]
1218 2301 1404 2341 Serpentes
1432 2301 1554 2332 Medu-

852 2362 911 2390 sae,
927 2352 1045 2393 quibus
1058 2352 1216 2382 horrebat
1233 2352 1373 2391 clypeus
1389 2351 1554 2391 Palladis,

850 2402 1112 2434 blandiebantur
1139 2401 1303 2440 Honorio,
1319 2410 1386 2431 non
1403 2409 1498 2432 secus
1514 2411 1552 2432 ae

851 2454 914 2494 ipsi
930 2453 1082 2484 Palladi:
1115 2461 1270 2491 magnum
1297 2451 1382 2482 Deae
1409 2450 1441 2481 in
1457 2450 1551 2481 illum

853 2505 975 2535 amoris
991 2508 1236 2544 argumentum.

895 2558 956 2586 166
982 2554 1167 2593 Festinaque
1196 2551 1275 2591 voti]
1314 2551 1404 2582 Ante
1433 2553 1551 2592 praeci-

851 2605 947 2645 piens
971 2604 1252 2644 praeveniensque
1266 2611 1361 2631 suum
1375 2601 1417 2631 (le
1436 2601 1551 2631 Houo-

850 2655 901 2685 rio
940 2658 1066 2689 votum,
1104 2662 1198 2682 suum
1237 2651 1452 2689 desiderium,
1483 2661 1549 2691 quo

849 2705 960 2745 ipsum
976 2703 1223 2744 Imperatorem
1236 2710 1309 2731 esse
1326 2701 1478 2741 optabat.

895 2755 955 2784 167
981 2750 1204 2790 Proesumtunz]
1244 2750 1333 2781 Ante
1364 2751 1548 2791 legitimam
