1857 3177
525 201 578 231 lx
613 199 685 230 cL.
717 197 1075 228 CLAUmANUM.
1471 187 1528 230 27

67 303 149 348 tur,
171 311 268 351 quae
289 297 344 337 nd
377 298 452 338 illa
474 297 683 344 carmina,
721 296 882 348 quibus
903 306 1015 334 nunc
1046 291 1214 345 praffigi
1235 293 1386 341 solent,
1405 295 1543 335 nullo¹

65 366 200 408 modo
222 366 449 418 pertinent.
512 364 697 404 Carmen
720 363 897 415 quidem
917 372 978 401 iv.
1002 360 1118 414 quod
1136 360 1175 398 in
1190 360 1327 398 fronte
1350 361 1528 401 secundi

64 433 109 473 in
147 432 354 473 Rufinum
389 432 597 471 carminis
627 431 890 470 collocatum
920 428 1135 475 videmus,
1157 426 1213 466 ad
1237 426 1320 465 hoc
1350 426 1527 466 minime

67 503 249 553 spectat,
267 498 636 552 quemadmodum
663 499 756 550 jam
777 496 983 536 Burthius
1012 500 1127 535 recte
1159 494 1432 542 observavit,
1455 507 1530 534 ne—

68 580 152 620 que
175 567 314 619 magis
337 566 392 606 ad
412 566 531 606 aliud
555 566 862 618 quodcumque
883 577 1047 612 eorum,
1083 576 1182 615 quae
1216 567 1390 602 servata
1413 566 1528 602 sunt.

67 632 186 682 Quo,
207 633 293 672 nisi
315 632 464 672 onmia
492 645 572 671 nos
595 631 760 679 saliunt,
784 632 825 670 ei
846 630 1027 670 carmini
1049 630 1285 682 praelusum
1307 633 1388 676 est,
1413 629 1530 681 quod

66 700 295 741 victoriani
327 699 380 738 de
404 698 530 738 Getis
550 711 574 737 a
589 698 829 738 Stilichone
852 698 896 736 in
918 697 1102 737 Graecia
1120 700 1392 749 reportatam
1416 696 1528 736 cele-

67 767 239 815 brabant,
254 765 309 806 ad
333 778 464 818 quani
497 777 583 804 non
605 765 746 804 unoin
766 765 864 804 loco
898 764 1167 804 Claudianus
1197 763 1368 804 alludit.
1430 763 1530 804 Nec

67 832 277 875 credibile
310 837 390 880 est,
421 832 611 885 poetam,
647 832 725 886 qui
747 832 892 871 w'ctos
933 831 989 871 ad
1023 831 1284 872 Pollentiam
1318 831 1533 871 barbaros

68 900 247 948 cecinit,
270 899 389 939 illam
410 898 582 939 cladem
608 898 736 939 Getis
758 898 923 938 illut-[un
955 899 1130 939 silentio
1171 899 1531 951 praetermisisse,

69 981 168 1010 cum
189 973 275 1009 tam
310 967 503 1020 amplam
539 966 744 1007 laudandi
780 966 1034 1006 Stilichonis
1071 967 1304 1007 materiam
1337 966 1530 1019 praebere

66 1036 294 1090 potuisset.
356 1034 410 1074 In
431 1034 515 1075 hoc
539 1034 695 1075 Musas
717 1035 909 1083 invocat,
941 1039 982 1075 et
1007 1033 1263 1087 Apollinem
1296 1035 1456 1087 ipsum,
1485 1036 1533 1074 ut

67 1115 162 1143 suae
185 1102 306 1143 sedis
327 1101 599 1142 defensorem
621 1106 838 1149 coronent,
859 1101 1012 1141 deinde
1041 1106 1338 1153 argumentum
1376 1101 1531 1140 carmi-

67 1170 137 1210 nis
157 1169 349 1223 majoris,
367 1168 486 1222 quod
505 1168 688 1208 subinde
707 1169 968 1208 recitaturus
990 1173 1069 1216 est,
1084 1169 1304 1221 proponit,
1324 1168 1532 1208 Stilicho-

67 1250 252 1291 nemque
272 1242 411 1289 rogat,
435 1242 483 1276 ut
505 1236 674 1275 canenti
695 1235 780 1274 sibi
799 1248 924 1274 aures
946 1236 1156 1286 praebeat.
1218 1235 1368 1273 Sermo
1389 1247 1534 1286 purus

68 1308 193 1346 estet
214 1308 399 1352 comtes,
435 1315 575 1355 neque
596 1306 747 1342 ornatu
778 1314 918 1354 neque
937 1302 1138 1340 doctrina
1158 1300 1371 1339 molestus
1389 1313 1399 1350 3
1433 1312 1530 1340 sen·

66 1372 213 1412 tentiae
254 1383 340 1411 non
379 1383 567 1424 operose
608 1370 827 1422 quaesitae,
862 1369 941 1409 sed
978 1369 1034 1408 ab
1072 1368 1173 1421 ipsa
1205 1380 1251 1407 re
1289 1371 1532 1419 suggestae.

69 1438 261 1491 Propter
293 1439 475 1479 nimium
506 1444 724 1479 tumorem
753 1438 898 1477 minus
926 1437 1076 1490 placet
1115 1447 1290 1476 carmen
1331 1445 1383 1474 ιι.
1411 1433 1532 1487 quod

65 1505 213 1546 forsan
231 1506 565 1559 interpolatione
601 1506 792 1546 laborat.
851 1503 1103 1544 Jucundam
1124 1515 1300 1556 quoque
1331 1501 1533 1542 similitu-

68 1573 211 1614 dinem
227 1574 418 1614 continet
438 1584 500 1614 vr.
515 1572 646 1613 modo
667 1572 960 1620 obliviscaris,
978 1571 1122 1611 Deum
1136 1570 1257 1610 illum
1275 1568 1531 1609 Honorium

19 1644 21 1647 ’
67 1639 221 1690 fuisse,
253 1640 498 1694 puerulum,
522 1640 798 1681 undecimum
825 1640 903 1680 vix
937 1638 1087 1679 aetatis
1117 1650 1277 1678 annum
1311 1639 1529 1689 agentem.

70 1707 274 1761 Dignitas
295 1721 393 1748 cum
415 1708 630 1747 suavitate
651 1707 820 1759 egregie
843 1708 999 1760 juncta
1020 1706 1148 1746 estin
1179 1706 1369 1745 carmine
1385 1716 1450 1744 lx.
1472 1707 1531 1753 et,

71 1777 109 1816 si
128 1776 232 1830 quid
247 1777 420 1830 judico,
450 1776 536 1829 ipsi
557 1775 860 1828 epithalamio,
883 1774 957 1815 cui
977 1773 1211 1828 praefixum
1233 1776 1314 1822 est,
1336 1771 1445 1812 illud
1467 1774 1533 1811 est

69 1843 436 1896 anteponendum.
498 1842 650 1882 Minus
672 1843 818 1894 placet
851 1854 1023 1881 carmen
1054 1852 1164 1881 xvi.
1185 1843 1362 1894 propter
1380 1838 1534 1880 simili-

69 1909 264 1952 tudinem
285 1910 413 1951 nimis
442 1911 572 1962 ionge
608 1910 848 1963 quaesitam
878 1922 1024 1962 neque
1047 1909 1159 1949 satis
1181 1907 1531 1948 convenientem.

68 1975 279 2018 Praefatio
299 1978 503 2018 carminis
536 1988 683 2017 xvim.
701 1990 785 2016 non
816 1976 1006 2028 amplius
1033 1977 1172 2022 extat,
1193 1986 1281 2026 qua
1302 1977 1460 2022 tamen,
1481 1975 1532 2013 ut
1576 1960 1580 1964 ’

72 2057 129 2084 ex
150 2043 384 2084 Claudiani
422 2044 737 2085 consuetudine
768 2043 974 2094 colligere
995 2053 1246 2094 possumus,
1271 2039 1532 2080 destitutum

70 2125 159 2152 non
178 2112 277 2154 suit.
301 2113 443 2154 Etiam
466 2113 709 2153 secundum
730 2112 776 2150 in
793 2110 1051 2162 Eutropium
1075 2109 1380 2162 p1·aelusionem
1401 2106 1533 2147 habet

69 2179 170 2233 ipso
208 2180 402 2220 carmine
434 2179 560 2231 longe
595 2179 840 2218 meliorem.
902 2176 1088 2216 Carmen
1111 2185 1373 2214 XX111.non
1402 2174 1530 2214 tertio

67 2247 182 2289 libro
201 2247 247 2287 in
268 2245 577 2295 Stilichonem,
594 2244 671 2285 sed
690 2244 847 2297 primo,
865 2240 1183 2295 praefigendum
1198 2240 1387 2289 ridetur,
1406 2245 1452 2280 et
1473 2239 1531 2281 ad

73 2327 224 2355 omnes
253 2317 343 2353 tres
367 2312 648 2365 pertinuisse,
665 2324 745 2351 nec
768 2323 827 2351 ex
843 2320 977 2350 xxii.
1007 2309 1105 2349 286.
1120 2321 1247 2361 seqq.
1267 2309 1419 2360 possis
1440 2307 1530 2347 col-

71 2381 218 2434 ligere,
241 2381 530 2421 Stilichonem
561 2378 755 2419 nondum
776 2377 938 2418 Romae
969 2376 1121 2424 fuisse,
1145 2388 1246 2415 cum
1266 2374 1344 2414 illa
1364 2374 1529 2415 scribe-

71 2452 230 2490 rentur.
290 2447 395 2488 Non
416 2446 592 2501 quidem
617 2434 891 2486 invenustum
913 2448 985 2484 est
1010 2456 1184 2484 carmen
1208 2453 1335 2483 XXV.
1358 2442 1436 2482 sed
1455 2454 1531 2482 ve-

73 2516 245 2557 nustius
281 2527 452 2557 XXVM.
492 2516 529 2555 si
556 2508 666 2555 illud
698 2514 860 2567 ipsum,
880 2525 969 2553 non
1005 2524 1103 2552 eum
1142 2509 1286 2559 simul,
1324 2509 1370 2550 in
1401 2520 1547 2562 quemt

76 2583 287 2638 scriptum
326 2586 409 2632 est,
450 2582 718 2624 consideres.
779 2579 1168 2634 Elegantissimum
1205 2589 1311 2618 sane
1350 2586 1546 2617 xxxin·

74 2647 335 2701 habendum,
357 2650 476 2704 quod
496 2651 729 2705 principia,
743 2649 1028 2698 incrementa,
1051 2650 1092 2688 et
1113 2644 1429 2700 perfectionem
1447 2656 1527 2686 na-

76 2715 307 2769 vigationis
326 2717 488 2771 paucis
517 2717 720 2761 versibus
740 2716 1066 2772 complectitur,
1097 2713 1179 2755 sed
1200 2711 1256 2754 ad
1285 2712 1458 2763 librum,
1481 2710 1530 2753 in
