<?xml version="1.0" encoding="UTF-8"?>
<!DOCTYPE html PUBLIC "-//W3C//DTD XHTML 1.0 Transitional//EN"
    "http://www.w3.org/TR/xhtml1/DTD/xhtml1-transitional.dtd">
<html xmlns="http://www.w3.org/1999/xhtml" xml:lang="en" lang="en">
 <head>
  <title>
</title>
<meta http-equiv="Content-Type" content="text/html;charset=utf-8" />
  <meta name='ocr-system' content='tesseract 3.04.00' />
  <meta name='ocr-capabilities' content='ocr_page ocr_carea ocr_par ocr_line ocrx_word'/>
</head>
<body>
  <div class='ocr_page' id='page_1' title='image "./operaomniaexedit01clauuoft/operaomniaexedit01clauuoft_0046.png"; bbox 0 0 1842 3193; ppageno 0'>
   <div class='ocr_carea' id='block_1_1' title="bbox 241 210 1159 251">
    <p class='ocr_par' dir='ltr' id='par_1_1' title="bbox 241 210 1159 251">
     <span class='ocr_line' id='line_1_1' title="bbox 241 210 1159 251; baseline -0.004 0"><span class='ocrx_word' id='word_1_1' title='bbox 241 210 299 251; x_wconf 73' lang='lat'>528</span> <span class='ocrx_word' id='word_1_2' title='bbox 787 218 1159 250; x_wconf 72' lang='lat' dir='ltr'><strong>PROLEGOMENA</strong></span> 
     </span>
    </p>
   </div>
   <div class='ocr_carea' id='block_1_2' title="bbox 244 310 1720 2522">
    <p class='ocr_par' dir='ltr' id='par_1_2' title="bbox 244 310 1711 773">
     <span class='ocr_line' id='line_1_2' title="bbox 244 310 1706 367; baseline -0.003 -12"><span class='ocrx_word' id='word_1_3' title='bbox 244 315 370 367; x_wconf 76' lang='lat' dir='ltr'>cujus</span> <span class='ocrx_word' id='word_1_4' title='bbox 390 313 532 355; x_wconf 82' lang='lat' dir='ltr'>fronte</span> <span class='ocrx_word' id='word_1_5' title='bbox 553 328 665 355; x_wconf 88' lang='lat' dir='ltr'>nunc</span> <span class='ocrx_word' id='word_1_6' title='bbox 685 314 853 366; x_wconf 75' lang='lat' dir='ltr'>legitur,</span> <span class='ocrx_word' id='word_1_7' title='bbox 875 314 953 353; x_wconf 79' lang='lat' dir='ltr'>vix</span> <span class='ocrx_word' id='word_1_8' title='bbox 975 313 1169 365; x_wconf 75' lang='lat' dir='ltr'>pertinet,</span> <span class='ocrx_word' id='word_1_9' title='bbox 1190 323 1329 363; x_wconf 84' lang='lat' dir='ltr'>neque</span> <span class='ocrx_word' id='word_1_10' title='bbox 1349 310 1492 362; x_wconf 79' lang='lat' dir='ltr'>magis</span> <span class='ocrx_word' id='word_1_11' title='bbox 1517 321 1706 351; x_wconf 73' lang='lat' dir='ltr'>XXXIV.</span> 
     </span>
     <span class='ocr_line' id='line_1_3' title="bbox 246 378 1707 432; baseline -0.003 -10"><span class='ocrx_word' id='word_1_12' title='bbox 246 381 368 422; x_wconf 77' lang='lat' dir='ltr'>Nihil</span> <span class='ocrx_word' id='word_1_13' title='bbox 390 385 501 422; x_wconf 80' lang='grc'><strong>6111111</strong></span> <span class='ocrx_word' id='word_1_14' title='bbox 539 383 694 422; x_wconf 79' lang='lat' dir='ltr'>inillis</span> <span class='ocrx_word' id='word_1_15' title='bbox 717 387 799 429; x_wconf 80' lang='lat' dir='ltr'>cst,</span> <span class='ocrx_word' id='word_1_16' title='bbox 833 381 949 432; x_wconf 86' lang='lat' dir='ltr'>quod</span> <span class='ocrx_word' id='word_1_17' title='bbox 973 381 1027 419; x_wconf 80' lang='lat' dir='ltr'>ad</span> <span class='ocrx_word' id='word_1_18' title='bbox 1065 392 1130 426; x_wconf 77' lang='lat' dir='ltr'>ea,</span> <span class='ocrx_word' id='word_1_19' title='bbox 1172 378 1334 430; x_wconf 79' lang='lat' dir='ltr'>quibus</span> <span class='ocrx_word' id='word_1_20' title='bbox 1369 379 1707 430; x_wconf 54' lang='lat' dir='ltr'>praemittuntun</span> 
     </span>
     <span class='ocr_line' id='line_1_4' title="bbox 244 444 1706 501; baseline -0.002 -12"><span class='ocrx_word' id='word_1_21' title='bbox 244 452 389 501; x_wconf 81' lang='lat' dir='ltr'>possit</span> <span class='ocrx_word' id='word_1_22' title='bbox 410 451 535 490; x_wconf 79' lang='lat' dir='ltr'>u-ahi.</span> <span class='ocrx_word' id='word_1_23' title='bbox 599 450 700 490; x_wconf 84' lang='lat' dir='ltr'>Hoc</span> <span class='ocrx_word' id='word_1_24' title='bbox 723 456 863 488; x_wconf 79' lang='lat' dir='ltr'>autem</span> <span class='ocrx_word' id='word_1_25' title='bbox 880 460 1030 487; x_wconf 82' lang='grc'><strong>01111165</strong></span> <span class='ocrx_word' id='word_1_26' title='bbox 1052 446 1140 486; x_wconf 77' lang='lat' dir='ltr'>sere</span> <span class='ocrx_word' id='word_1_27' title='bbox 1156 447 1314 486; x_wconf 71' lang='lat' dir='ltr'>habent</span> <span class='ocrx_word' id='word_1_28' title='bbox 1333 444 1706 498; x_wconf 69' lang='lat' dir='ltr'>praefatiunculae,</span> 
     </span>
     <span class='ocr_line' id='line_1_5' title="bbox 244 512 1708 571; baseline -0.003 -14"><span class='ocrx_word' id='word_1_29' title='bbox 244 520 292 557; x_wconf 92' lang='lat' dir='ltr'>ut</span> <span class='ocrx_word' id='word_1_30' title='bbox 313 517 369 557; x_wconf 91' lang='lat' dir='ltr'>iis</span> <span class='ocrx_word' id='word_1_31' title='bbox 390 518 552 571; x_wconf 84' lang='lat' dir='ltr'>aliquid</span> <span class='ocrx_word' id='word_1_32' title='bbox 574 517 693 563; x_wconf 81' lang='lat' dir='ltr'>insit,</span> <span class='ocrx_word' id='word_1_33' title='bbox 727 529 781 555; x_wconf 85' lang='lat' dir='ltr'>ex</span> <span class='ocrx_word' id='word_1_34' title='bbox 802 515 962 567; x_wconf 81' lang='lat' dir='ltr'>quibus</span> <span class='ocrx_word' id='word_1_35' title='bbox 985 518 1082 553; x_wconf 87' lang='grc'><strong>11110</strong></span> <span class='ocrx_word' id='word_1_36' title='bbox 1105 514 1306 565; x_wconf 63' lang='lat' dir='ltr'>colligam,</span> <span class='ocrx_word' id='word_1_37' title='bbox 1333 525 1539 566; x_wconf 80' lang='lat' dir='ltr'>quorsum</span> <span class='ocrx_word' id='word_1_38' title='bbox 1576 512 1708 565; x_wconf 85' lang='lat' dir='ltr'>perti-</span> 
     </span>
     <span class='ocr_line' id='line_1_6' title="bbox 244 580 1710 633; baseline -0.003 -8"><span class='ocrx_word' id='word_1_39' title='bbox 244 590 390 625; x_wconf 84' lang='lat' dir='ltr'>neant.</span> <span class='ocrx_word' id='word_1_40' title='bbox 452 584 652 625; x_wconf 86' lang='lat' dir='ltr'>Ceterum</span> <span class='ocrx_word' id='word_1_41' title='bbox 688 585 784 624; x_wconf 82' lang='lat' dir='ltr'>haec</span> <span class='ocrx_word' id='word_1_42' title='bbox 808 583 896 622; x_wconf 87' lang='lat' dir='ltr'>duo</span> <span class='ocrx_word' id='word_1_43' title='bbox 927 583 1124 622; x_wconf 47' lang='lat' dir='ltr'>causina</span> <span class='ocrx_word' id='word_1_44' title='bbox 1142 581 1207 620; x_wconf 90' lang='lat' dir='ltr'>illi</span> <span class='ocrx_word' id='word_1_45' title='bbox 1244 580 1389 633; x_wconf 88' lang='lat' dir='ltr'>epico,</span> <span class='ocrx_word' id='word_1_46' title='bbox 1412 581 1586 620; x_wconf 74' lang='lat' dir='ltr'>etiamsi</span> <span class='ocrx_word' id='word_1_47' title='bbox 1602 581 1710 620; x_wconf 87' lang='lat' dir='ltr'>inte-</span> 
     </span>
     <span class='ocr_line' id='line_1_7' title="bbox 245 647 1711 706; baseline -0.004 -13"><span class='ocrx_word' id='word_1_48' title='bbox 245 665 368 704; x_wconf 83' lang='lat' dir='ltr'>grum</span> <span class='ocrx_word' id='word_1_49' title='bbox 406 653 460 693; x_wconf 81' lang='lat' dir='ltr'>ad</span> <span class='ocrx_word' id='word_1_50' title='bbox 496 667 575 694; x_wconf 87' lang='grc'><strong>1105</strong></span> <span class='ocrx_word' id='word_1_51' title='bbox 605 652 894 706; x_wconf 78' lang='lat' dir='ltr'>pervenisset,</span> <span class='ocrx_word' id='word_1_52' title='bbox 918 651 1078 690; x_wconf 69' lang='lat' dir='ltr'>virtute</span> <span class='ocrx_word' id='word_1_53' title='bbox 1110 647 1290 702; x_wconf 68' lang='lat' dir='ltr'>poetica</span> <span class='ocrx_word' id='word_1_54' title='bbox 1325 648 1520 700; x_wconf 78' lang='lat' dir='ltr'>palmam</span> <span class='ocrx_word' id='word_1_55' title='bbox 1555 647 1711 701; x_wconf 83' lang='lat' dir='ltr'>praeri-</span> 
     </span>
     <span class='ocr_line' id='line_1_8' title="bbox 245 716 1505 773; baseline -0.004 -14"><span class='ocrx_word' id='word_1_56' title='bbox 245 720 389 773; x_wconf 82' lang='lat' dir='ltr'>piunt,</span> <span class='ocrx_word' id='word_1_57' title='bbox 410 721 494 760; x_wconf 88' lang='lat' dir='ltr'>nisi</span> <span class='ocrx_word' id='word_1_58' title='bbox 517 721 770 773; x_wconf 74' lang='lat' dir='ltr'>dignitatem</span> <span class='ocrx_word' id='word_1_59' title='bbox 788 720 993 760; x_wconf 77' lang='lat' dir='ltr'>carminis</span> <span class='ocrx_word' id='word_1_60' title='bbox 1011 716 1276 769; x_wconf 78' lang='lat' dir='ltr'>decempeda</span> <span class='ocrx_word' id='word_1_61' title='bbox 1296 716 1505 755; x_wconf 78' lang='lat' dir='ltr'>metiaris.</span> 
     </span>
    </p>

    <p class='ocr_par' dir='ltr' id='par_1_3' title="bbox 244 782 1720 2522">
     <span class='ocr_line' id='line_1_9' title="bbox 304 782 1712 841; baseline -0.004 -12"><span class='ocrx_word' id='word_1_62' title='bbox 304 787 488 828; x_wconf 85' lang='lat' dir='ltr'>Carmen</span> <span class='ocrx_word' id='word_1_63' title='bbox 506 790 694 841; x_wconf 85' lang='lat' dir='ltr'>epicum,</span> <span class='ocrx_word' id='word_1_64' title='bbox 715 787 833 841; x_wconf 86' lang='lat' dir='ltr'>quod</span> <span class='ocrx_word' id='word_1_65' title='bbox 854 787 983 838; x_wconf 80' lang='lat' dir='ltr'>vulgo</span> <span class='ocrx_word' id='word_1_66' title='bbox 1003 784 1070 825; x_wconf 80' lang='lat' dir='ltr'>De</span> <span class='ocrx_word' id='word_1_67' title='bbox 1093 791 1215 838; x_wconf 74' lang='lat' dir='ltr'>raptu</span> <span class='ocrx_word' id='word_1_68' title='bbox 1235 782 1491 836; x_wconf 54' lang='lat' dir='ltr'>Pras-emine&amp;</span> <span class='ocrx_word' id='word_1_69' title='bbox 1509 784 1712 834; x_wconf 82' lang='lat' dir='ltr'>barbare,</span> 
     </span>
     <span class='ocr_line' id='line_1_10' title="bbox 244 851 1713 908; baseline -0.003 -13"><span class='ocrx_word' id='word_1_70' title='bbox 244 859 293 896; x_wconf 89' lang='lat' dir='ltr'>ut</span> <span class='ocrx_word' id='word_1_71' title='bbox 327 856 551 896; x_wconf 78' lang='lat' dir='ltr'>existimat</span> <span class='ocrx_word' id='word_1_72' title='bbox 573 855 805 905; x_wconf 76' lang='lat' dir='ltr'>Heinsius,</span> <span class='ocrx_word' id='word_1_73' title='bbox 839 855 915 908; x_wconf 83' lang='lat' dir='ltr'>qui</span> <span class='ocrx_word' id='word_1_74' title='bbox 951 859 1092 906; x_wconf 68' lang='lat' dir='ltr'>raptus</span> <span class='ocrx_word' id='word_1_75' title='bbox 1126 851 1384 905; x_wconf 72' lang='lat' dir='ltr'>Proserpina:</span> <span class='ocrx_word' id='word_1_76' title='bbox 1413 851 1713 903; x_wconf 84' lang='lat' dir='ltr'>corrigendum</span> 
     </span>
     <span class='ocr_line' id='line_1_11' title="bbox 247 911 1712 976; baseline -0.003 -13"><span class='ocrx_word' id='word_1_77' title='bbox 247 929 410 973; x_wconf 85' lang='lat' dir='ltr'>censet,</span> <span class='ocrx_word' id='word_1_78' title='bbox 432 911 688 976; x_wconf 80' lang='lat' dir='ltr'>inscriptum</span> <span class='ocrx_word' id='word_1_79' title='bbox 710 927 790 972; x_wconf 87' lang='lat' dir='ltr'>est,</span> <span class='ocrx_word' id='word_1_80' title='bbox 824 924 880 963; x_wconf 80' lang='lat' dir='ltr'>ab</span> <span class='ocrx_word' id='word_1_81' title='bbox 914 922 1100 970; x_wconf 81' lang='lat' dir='ltr'>actione,</span> <span class='ocrx_word' id='word_1_82' title='bbox 1122 933 1254 974; x_wconf 79' lang='lat' dir='ltr'>quarn</span> <span class='ocrx_word' id='word_1_83' title='bbox 1288 920 1429 960; x_wconf 76' lang='lat' dir='ltr'>voluit</span> <span class='ocrx_word' id='word_1_84' title='bbox 1460 918 1712 972; x_wconf 78' lang='lat' dir='ltr'>primariam</span> 
     </span>
     <span class='ocr_line' id='line_1_12' title="bbox 246 987 1714 1043; baseline -0.003 -12"><span class='ocrx_word' id='word_1_85' title='bbox 246 991 381 1043; x_wconf 75' lang='lat' dir='ltr'>poeta</span> <span class='ocrx_word' id='word_1_86' title='bbox 412 1005 523 1041; x_wconf 90' lang='lat' dir='ltr'>esse,</span> <span class='ocrx_word' id='word_1_87' title='bbox 545 992 717 1032; x_wconf 79' lang='lat' dir='ltr'>titulum</span> <span class='ocrx_word' id='word_1_88' title='bbox 739 992 890 1040; x_wconf 78' lang='lat' dir='ltr'>traxit,</span> <span class='ocrx_word' id='word_1_89' title='bbox 927 1004 1054 1043; x_wconf 85' lang='lat' dir='ltr'>quern</span> <span class='ocrx_word' id='word_1_90' title='bbox 1079 990 1160 1030; x_wconf 88' lang='lat' dir='ltr'>etsi</span> <span class='ocrx_word' id='word_1_91' title='bbox 1180 1002 1309 1029; x_wconf 88' lang='lat' dir='ltr'>nemo</span> <span class='ocrx_word' id='word_1_92' title='bbox 1330 988 1462 1028; x_wconf 78' lang='lat' dir='ltr'>facile</span> <span class='ocrx_word' id='word_1_93' title='bbox 1483 987 1714 1028; x_wconf 75' lang='lat' dir='ltr'>contendet</span> 
     </span>
     <span class='ocr_line' id='line_1_13' title="bbox 246 1055 1711 1110; baseline -0.002 -12"><span class='ocrx_word' id='word_1_94' title='bbox 246 1070 346 1098; x_wconf 89' lang='lat' dir='ltr'>csse</span> <span class='ocrx_word' id='word_1_95' title='bbox 362 1059 610 1110; x_wconf 85' lang='lat' dir='ltr'>genuinum,</span> <span class='ocrx_word' id='word_1_96' title='bbox 621 1063 764 1098; x_wconf 79' lang='lat' dir='ltr'>tamen</span> <span class='ocrx_word' id='word_1_97' title='bbox 775 1058 961 1097; x_wconf 80' lang='lat' dir='ltr'>similem</span> <span class='ocrx_word' id='word_1_98' title='bbox 975 1056 1084 1096; x_wconf 88' lang='lat' dir='ltr'>illud</span> <span class='ocrx_word' id='word_1_99' title='bbox 1100 1069 1275 1096; x_wconf 75' lang='lat' dir='ltr'>carmen</span> <span class='ocrx_word' id='word_1_100' title='bbox 1287 1056 1331 1095; x_wconf 88' lang='grc'>111</span> <span class='ocrx_word' id='word_1_101' title='bbox 1348 1055 1490 1095; x_wconf 80' lang='lat' dir='ltr'>fronte</span> <span class='ocrx_word' id='word_1_102' title='bbox 1505 1055 1711 1107; x_wconf 77' lang='lat' dir='ltr'>gessisse,</span> 
     </span>
     <span class='ocr_line' id='line_1_14' title="bbox 247 1121 1714 1175; baseline -0.001 -11"><span class='ocrx_word' id='word_1_103' title='bbox 247 1125 406 1164; x_wconf 81' lang='lat' dir='ltr'>docent</span> <span class='ocrx_word' id='word_1_104' title='bbox 421 1126 556 1164; x_wconf 80' lang='lat' dir='ltr'>verba</span> <span class='ocrx_word' id='word_1_105' title='bbox 573 1125 742 1164; x_wconf 87' lang='lat' dir='ltr'>Sidonii</span> <span class='ocrx_word' id='word_1_106' title='bbox 757 1123 1029 1175; x_wconf 77' lang='lat' dir='ltr'>Apollinaris</span> <span class='ocrx_word' id='word_1_107' title='bbox 1046 1134 1122 1163; x_wconf 80' lang='lat' dir='ltr'>lx,</span> <span class='ocrx_word' id='word_1_108' title='bbox 1136 1124 1236 1163; x_wconf 69' lang='lat'>271.</span> <span class='ocrx_word' id='word_1_109' title='bbox 1253 1136 1354 1174; x_wconf 81' lang='lat' dir='ltr'>sqq.</span> <span class='ocrx_word' id='word_1_110' title='bbox 1418 1121 1714 1162; x_wconf 78' lang='lat' dir='ltr'>Omnemdis-</span> 
     </span>
     <span class='ocr_line' id='line_1_15' title="bbox 246 1188 1715 1245; baseline -0.003 -13"><span class='ocrx_word' id='word_1_111' title='bbox 246 1192 516 1245; x_wconf 81' lang='lat' dir='ltr'>putationem</span> <span class='ocrx_word' id='word_1_112' title='bbox 534 1191 681 1231; x_wconf 78' lang='lat' dir='ltr'>exilia</span> <span class='ocrx_word' id='word_1_113' title='bbox 694 1191 939 1244; x_wconf 62' lang='lat' dir='ltr'>quaestione</span> <span class='ocrx_word' id='word_1_114' title='bbox 961 1194 1116 1239; x_wconf 80' lang='lat' dir='ltr'>ortam,</span> <span class='ocrx_word' id='word_1_115' title='bbox 1130 1202 1235 1229; x_wconf 84' lang='lat' dir='ltr'>num</span> <span class='ocrx_word' id='word_1_116' title='bbox 1247 1189 1399 1229; x_wconf 75' lang='lat' dir='ltr'>sabula</span> <span class='ocrx_word' id='word_1_117' title='bbox 1416 1189 1470 1228; x_wconf 90' lang='lat' dir='ltr'>de</span> <span class='ocrx_word' id='word_1_118' title='bbox 1492 1188 1647 1229; x_wconf 82' lang='lat' dir='ltr'>Cerere</span> <span class='ocrx_word' id='word_1_119' title='bbox 1669 1191 1715 1229; x_wconf 89' lang='lat' dir='ltr'>et</span> 
     </span>
     <span class='ocr_line' id='line_1_16' title="bbox 247 1255 1715 1311; baseline -0.002 -12"><span class='ocrx_word' id='word_1_120' title='bbox 247 1259 518 1311; x_wconf 74' lang='lat' dir='ltr'>Proserpina</span> <span class='ocrx_word' id='word_1_121' title='bbox 552 1259 750 1311; x_wconf 70' lang='lat' dir='ltr'>praebere</span> <span class='ocrx_word' id='word_1_122' title='bbox 784 1257 971 1310; x_wconf 86' lang='lat' dir='ltr'>potuerit</span> <span class='ocrx_word' id='word_1_123' title='bbox 1002 1257 1227 1296; x_wconf 73' lang='lat' dir='ltr'>materiam</span> <span class='ocrx_word' id='word_1_124' title='bbox 1251 1256 1433 1296; x_wconf 82' lang='lat' dir='ltr'>carmini</span> <span class='ocrx_word' id='word_1_125' title='bbox 1454 1255 1585 1308; x_wconf 89' lang='lat' dir='ltr'>epico</span> <span class='ocrx_word' id='word_1_126' title='bbox 1606 1255 1715 1296; x_wconf 80' lang='lat' dir='ltr'>satis</span> 
     </span>
     <span class='ocr_line' id='line_1_17' title="bbox 248 1322 1715 1377; baseline -0.001 -12"><span class='ocrx_word' id='word_1_127' title='bbox 248 1325 469 1374; x_wconf 78' lang='lat' dir='ltr'>idoneam,</span> <span class='ocrx_word' id='word_1_128' title='bbox 489 1338 648 1365; x_wconf 63' lang='lat' dir='ltr'>vanam</span> <span class='ocrx_word' id='word_1_129' title='bbox 671 1328 776 1377; x_wconf 79' lang='lat' dir='ltr'>puto</span> <span class='ocrx_word' id='word_1_130' title='bbox 804 1328 846 1364; x_wconf 85' lang='lat' dir='ltr'>et</span> <span class='ocrx_word' id='word_1_131' title='bbox 878 1323 1066 1372; x_wconf 80' lang='lat' dir='ltr'>inanem,</span> <span class='ocrx_word' id='word_1_132' title='bbox 1089 1336 1205 1371; x_wconf 83' lang='lat' dir='ltr'>cum,</span> <span class='ocrx_word' id='word_1_133' title='bbox 1242 1322 1348 1375; x_wconf 84' lang='lat' dir='ltr'>quid</span> <span class='ocrx_word' id='word_1_134' title='bbox 1380 1322 1596 1374; x_wconf 73' lang='lat' dir='ltr'>ingenium</span> <span class='ocrx_word' id='word_1_135' title='bbox 1635 1323 1715 1364; x_wconf 82' lang='lat' dir='ltr'>ali-</span> 
     </span>
     <span class='ocr_line' id='line_1_18' title="bbox 249 1388 1714 1445; baseline -0.001 -13"><span class='ocrx_word' id='word_1_136' title='bbox 249 1392 367 1445; x_wconf 89' lang='lat' dir='ltr'>quod</span> <span class='ocrx_word' id='word_1_137' title='bbox 390 1391 497 1431; x_wconf 79' lang='lat' dir='ltr'>felix</span> <span class='ocrx_word' id='word_1_138' title='bbox 519 1396 561 1431; x_wconf 88' lang='lat' dir='ltr'>et</span> <span class='ocrx_word' id='word_1_139' title='bbox 593 1404 619 1431; x_wconf 82' lang='lat' dir='ltr'>a</span> <span class='ocrx_word' id='word_1_140' title='bbox 649 1394 808 1430; x_wconf 69' lang='lat' dir='ltr'>natura</span> <span class='ocrx_word' id='word_1_141' title='bbox 842 1390 1028 1442; x_wconf 77' lang='lat' dir='ltr'>benigne</span> <span class='ocrx_word' id='word_1_142' title='bbox 1063 1390 1320 1429; x_wconf 81' lang='lat' dir='ltr'>instructum</span> <span class='ocrx_word' id='word_1_143' title='bbox 1353 1389 1499 1442; x_wconf 75' lang='lat' dir='ltr'>possit</span> <span class='ocrx_word' id='word_1_144' title='bbox 1530 1388 1714 1440; x_wconf 86' lang='lat' dir='ltr'>efficere,</span> 
     </span>
     <span class='ocr_line' id='line_1_19' title="bbox 249 1456 1715 1512; baseline -0.001 -13"><span class='ocrx_word' id='word_1_145' title='bbox 249 1458 426 1500; x_wconf 83' lang='lat' dir='ltr'>definire</span> <span class='ocrx_word' id='word_1_146' title='bbox 445 1471 652 1512; x_wconf 81' lang='lat' dir='ltr'>nequeas,</span> <span class='ocrx_word' id='word_1_147' title='bbox 675 1472 770 1507; x_wconf 84' lang='lat' dir='ltr'>nec,</span> <span class='ocrx_word' id='word_1_148' title='bbox 793 1459 831 1497; x_wconf 86' lang='grc'>51</span> <span class='ocrx_word' id='word_1_149' title='bbox 866 1458 933 1498; x_wconf 70' lang='lat' dir='ltr'>vel</span> <span class='ocrx_word' id='word_1_150' title='bbox 966 1458 1170 1510; x_wconf 77' lang='lat' dir='ltr'>pluribus</span> <span class='ocrx_word' id='word_1_151' title='bbox 1191 1462 1348 1498; x_wconf 79' lang='lat' dir='ltr'>conata</span> <span class='ocrx_word' id='word_1_152' title='bbox 1368 1456 1483 1497; x_wconf 72' lang='lat' dir='ltr'>haud</span> <span class='ocrx_word' id='word_1_153' title='bbox 1505 1469 1715 1510; x_wconf 79' lang='lat' dir='ltr'>prospere</span> 
     </span>
     <span class='ocr_line' id='line_1_20' title="bbox 250 1524 1715 1579; baseline -0.001 -13"><span class='ocrx_word' id='word_1_154' title='bbox 250 1527 476 1576; x_wconf 82' lang='lat' dir='ltr'>cesserint,</span> <span class='ocrx_word' id='word_1_155' title='bbox 499 1540 583 1567; x_wconf 90' lang='lat' dir='ltr'>non</span> <span class='ocrx_word' id='word_1_156' title='bbox 610 1527 708 1566; x_wconf 88' lang='lat' dir='ltr'>inde</span> <span class='ocrx_word' id='word_1_157' title='bbox 741 1530 959 1579; x_wconf 80' lang='lat' dir='ltr'>sequetur,</span> <span class='ocrx_word' id='word_1_158' title='bbox 999 1529 1312 1578; x_wconf 77' lang='lat' dir='ltr'>argumentum,</span> <span class='ocrx_word' id='word_1_159' title='bbox 1338 1524 1456 1578; x_wconf 80' lang='lat' dir='ltr'>qnod</span> <span class='ocrx_word' id='word_1_160' title='bbox 1487 1525 1715 1565; x_wconf 76' lang='lat' dir='ltr'>incassum</span> 
     </span>
     <span class='ocr_line' id='line_1_21' title="bbox 250 1592 1716 1646; baseline -0.001 -13"><span class='ocrx_word' id='word_1_161' title='bbox 250 1594 381 1633; x_wconf 82' lang='lat' dir='ltr'>toties</span> <span class='ocrx_word' id='word_1_162' title='bbox 401 1597 612 1634; x_wconf 79' lang='lat' dir='ltr'>tentatum</span> <span class='ocrx_word' id='word_1_163' title='bbox 633 1594 702 1642; x_wconf 84' lang='lat' dir='ltr'>sit,</span> <span class='ocrx_word' id='word_1_164' title='bbox 727 1594 782 1634; x_wconf 77' lang='lat' dir='ltr'>ab</span> <span class='ocrx_word' id='word_1_165' title='bbox 802 1593 1055 1646; x_wconf 68' lang='lat' dir='ltr'>hujusmodi</span> <span class='ocrx_word' id='word_1_166' title='bbox 1076 1594 1331 1633; x_wconf 74' lang='lat' dir='ltr'>tractatione</span> <span class='ocrx_word' id='word_1_167' title='bbox 1352 1606 1533 1646; x_wconf 83' lang='lat' dir='ltr'>prorsus</span> <span class='ocrx_word' id='word_1_168' title='bbox 1555 1592 1716 1633; x_wconf 82' lang='lat' dir='ltr'>abhor-</span> 
     </span>
     <span class='ocr_line' id='line_1_22' title="bbox 250 1660 1717 1715; baseline 0.001 -15"><span class='ocrx_word' id='word_1_169' title='bbox 250 1673 354 1701; x_wconf 80' lang='lat' dir='ltr'>rere.</span> <span class='ocrx_word' id='word_1_170' title='bbox 418 1660 556 1702; x_wconf 87' lang='lat' dir='ltr'>Recte</span> <span class='ocrx_word' id='word_1_171' title='bbox 577 1662 752 1715; x_wconf 86' lang='lat' dir='ltr'>quidem</span> <span class='ocrx_word' id='word_1_172' title='bbox 773 1661 953 1710; x_wconf 76' lang='lat' dir='ltr'>dixeris,</span> <span class='ocrx_word' id='word_1_173' title='bbox 977 1674 1064 1714; x_wconf 84' lang='lat' dir='ltr'>quo</span> <span class='ocrx_word' id='word_1_174' title='bbox 1083 1662 1262 1702; x_wconf 85' lang='lat' dir='ltr'>uberior</span> <span class='ocrx_word' id='word_1_175' title='bbox 1281 1674 1349 1701; x_wconf 86' lang='lat' dir='ltr'>res</span> <span class='ocrx_word' id='word_1_176' title='bbox 1370 1661 1441 1710; x_wconf 86' lang='lat' dir='ltr'>sit,</span> <span class='ocrx_word' id='word_1_177' title='bbox 1475 1674 1610 1714; x_wconf 79' lang='lat' dir='ltr'>quam</span> <span class='ocrx_word' id='word_1_178' title='bbox 1635 1660 1717 1702; x_wconf 86' lang='lat' dir='ltr'>tibi</span> 
     </span>
     <span class='ocr_line' id='line_1_23' title="bbox 251 1729 1716 1782; baseline 0 -14"><span class='ocrx_word' id='word_1_179' title='bbox 251 1729 548 1781; x_wconf 80' lang='lat' dir='ltr'>proposueris,</span> <span class='ocrx_word' id='word_1_180' title='bbox 576 1742 628 1769; x_wconf 88' lang='lat' dir='ltr'>eo</span> <span class='ocrx_word' id='word_1_181' title='bbox 661 1729 902 1769; x_wconf 79' lang='lat' dir='ltr'>faciliorem</span> <span class='ocrx_word' id='word_1_182' title='bbox 936 1729 1063 1768; x_wconf 84' lang='lat' dir='ltr'>reddi</span> <span class='ocrx_word' id='word_1_183' title='bbox 1091 1729 1302 1778; x_wconf 78' lang='lat' dir='ltr'>laborem,</span> <span class='ocrx_word' id='word_1_184' title='bbox 1334 1729 1502 1782; x_wconf 87' lang='lat' dir='ltr'>quippe</span> <span class='ocrx_word' id='word_1_185' title='bbox 1535 1729 1642 1782; x_wconf 81' lang='lat' dir='ltr'>quia</span> <span class='ocrx_word' id='word_1_186' title='bbox 1670 1730 1716 1769; x_wconf 91' lang='lat' dir='ltr'>in</span> 
     </span>
     <span class='ocr_line' id='line_1_24' title="bbox 250 1797 1717 1850; baseline 0.002 -15"><span class='ocrx_word' id='word_1_187' title='bbox 250 1808 393 1835; x_wconf 79' lang='lat' dir='ltr'>rerum</span> <span class='ocrx_word' id='word_1_188' title='bbox 426 1797 557 1850; x_wconf 81' lang='lat' dir='ltr'>copia</span> <span class='ocrx_word' id='word_1_189' title='bbox 577 1797 789 1837; x_wconf 86' lang='lat' dir='ltr'>electione</span> <span class='ocrx_word' id='word_1_190' title='bbox 809 1801 972 1838; x_wconf 74' lang='lat' dir='ltr'>tantum</span> <span class='ocrx_word' id='word_1_191' title='bbox 991 1810 1104 1850; x_wconf 83' lang='lat' dir='ltr'>opus</span> <span class='ocrx_word' id='word_1_192' title='bbox 1128 1797 1186 1836; x_wconf 87' lang='lat' dir='ltr'>sit</span> <span class='ocrx_word' id='word_1_193' title='bbox 1210 1800 1253 1837; x_wconf 90' lang='lat' dir='ltr'>et</span> <span class='ocrx_word' id='word_1_194' title='bbox 1280 1797 1474 1849; x_wconf 76' lang='lat' dir='ltr'>diligenti</span> <span class='ocrx_word' id='word_1_195' title='bbox 1495 1797 1717 1850; x_wconf 82' lang='lat' dir='ltr'>composi-</span> 
     </span>
     <span class='ocr_line' id='line_1_25' title="bbox 251 1863 1716 1915; baseline 0.002 -13"><span class='ocrx_word' id='word_1_196' title='bbox 251 1863 393 1903; x_wconf 82' lang='lat' dir='ltr'>tione:</span> <span class='ocrx_word' id='word_1_197' title='bbox 439 1864 657 1915; x_wconf 81' lang='lat' dir='ltr'>ingenium</span> <span class='ocrx_word' id='word_1_198' title='bbox 677 1869 823 1905; x_wconf 71' lang='lat' dir='ltr'>tamen</span> <span class='ocrx_word' id='word_1_199' title='bbox 856 1864 954 1904; x_wconf 80' lang='lat' dir='ltr'>fons</span> <span class='ocrx_word' id='word_1_200' title='bbox 985 1870 1053 1905; x_wconf 81' lang='grc'>651</span> <span class='ocrx_word' id='word_1_201' title='bbox 1086 1877 1228 1904; x_wconf 85' lang='lat' dir='ltr'>rerum</span> <span class='ocrx_word' id='word_1_202' title='bbox 1260 1864 1568 1914; x_wconf 75' lang='lat' dir='ltr'>inexhaustus,</span> <span class='ocrx_word' id='word_1_203' title='bbox 1600 1865 1716 1906; x_wconf 84' lang='lat' dir='ltr'>unde</span> 
     </span>
     <span class='ocr_line' id='line_1_26' title="bbox 252 1930 1717 1985; baseline 0.001 -14"><span class='ocrx_word' id='word_1_204' title='bbox 252 1943 428 1982; x_wconf 75' lang='lat' dir='ltr'>Semper</span> <span class='ocrx_word' id='word_1_205' title='bbox 444 1930 643 1984; x_wconf 84' lang='lat' dir='ltr'>depromi</span> <span class='ocrx_word' id='word_1_206' title='bbox 666 1936 864 1985; x_wconf 80' lang='lat' dir='ltr'>possunt,</span> <span class='ocrx_word' id='word_1_207' title='bbox 887 1946 986 1985; x_wconf 82' lang='lat' dir='ltr'>quae</span> <span class='ocrx_word' id='word_1_208' title='bbox 1009 1936 1258 1985; x_wconf 83' lang='lat' dir='ltr'>argumento</span> <span class='ocrx_word' id='word_1_209' title='bbox 1281 1932 1438 1981; x_wconf 79' lang='lat' dir='ltr'>desint,</span> <span class='ocrx_word' id='word_1_210' title='bbox 1460 1933 1523 1972; x_wconf 83' lang='lat' dir='ltr'>ita</span> <span class='ocrx_word' id='word_1_211' title='bbox 1543 1935 1590 1972; x_wconf 85' lang='lat' dir='ltr'>ut</span> <span class='ocrx_word' id='word_1_212' title='bbox 1609 1932 1717 1973; x_wconf 84' lang='lat' dir='ltr'>nihil</span> 
     </span>
     <span class='ocr_line' id='line_1_27' title="bbox 251 1998 1720 2053; baseline 0.004 -18"><span class='ocrx_word' id='word_1_213' title='bbox 251 1999 341 2036; x_wconf 73' lang='lat' dir='ltr'>tarn</span> <span class='ocrx_word' id='word_1_214' title='bbox 362 1998 552 2050; x_wconf 77' lang='lat' dir='ltr'>simplex</span> <span class='ocrx_word' id='word_1_215' title='bbox 574 2000 631 2040; x_wconf 87' lang='lat' dir='ltr'>sit</span> <span class='ocrx_word' id='word_1_216' title='bbox 667 2005 712 2039; x_wconf 89' lang='lat' dir='ltr'>et</span> <span class='ocrx_word' id='word_1_217' title='bbox 748 2006 888 2049; x_wconf 81' lang='lat' dir='ltr'>tenne,</span> <span class='ocrx_word' id='word_1_218' title='bbox 926 2001 1043 2053; x_wconf 81' lang='lat' dir='ltr'>quod</span> <span class='ocrx_word' id='word_1_219' title='bbox 1065 2014 1152 2040; x_wconf 88' lang='lat' dir='ltr'>non</span> <span class='ocrx_word' id='word_1_220' title='bbox 1180 2001 1441 2041; x_wconf 65' lang='lat' dir='ltr'>tractatione</span> <span class='ocrx_word' id='word_1_221' title='bbox 1460 1999 1553 2039; x_wconf 80' lang='lat' dir='ltr'>fieri</span> <span class='ocrx_word' id='word_1_222' title='bbox 1573 2000 1720 2052; x_wconf 84' lang='lat' dir='ltr'>possit</span> 
     </span>
     <span class='ocr_line' id='line_1_28' title="bbox 250 2064 1716 2120; baseline 0.003 -17"><span class='ocrx_word' id='word_1_223' title='bbox 250 2064 443 2106; x_wconf 80' lang='lat' dir='ltr'>uberius.</span> <span class='ocrx_word' id='word_1_224' title='bbox 518 2065 636 2114; x_wconf 76' lang='lat' dir='ltr'>Quid</span> <span class='ocrx_word' id='word_1_225' title='bbox 651 2068 674 2105; x_wconf 67' lang='lat' dir='ltr'>&#39;t</span> <span class='ocrx_word' id='word_1_226' title='bbox 721 2067 860 2107; x_wconf 73' lang='lat' dir='ltr'>Iliade</span> <span class='ocrx_word' id='word_1_227' title='bbox 898 2068 1074 2120; x_wconf 74' lang='lat' dir='ltr'>penitus</span> <span class='ocrx_word' id='word_1_228' title='bbox 1115 2069 1349 2118; x_wconf 75' lang='lat' dir='ltr'>incognita,</span> <span class='ocrx_word' id='word_1_229' title='bbox 1392 2068 1431 2107; x_wconf 85' lang='lat' dir='ltr'>si</span> <span class='ocrx_word' id='word_1_230' title='bbox 1469 2067 1568 2120; x_wconf 85' lang='lat' dir='ltr'>quis</span> <span class='ocrx_word' id='word_1_231' title='bbox 1603 2068 1716 2108; x_wconf 85' lang='lat' dir='ltr'>iram</span> 
     </span>
     <span class='ocr_line' id='line_1_29' title="bbox 251 2129 1716 2187; baseline 0.003 -17"><span class='ocrx_word' id='word_1_232' title='bbox 251 2129 439 2171; x_wconf 78' lang='lat' dir='ltr'>Achillis</span> <span class='ocrx_word' id='word_1_233' title='bbox 475 2146 575 2172; x_wconf 87' lang='lat' dir='ltr'>cum</span> <span class='ocrx_word' id='word_1_234' title='bbox 611 2134 885 2187; x_wconf 68' lang='lat' dir='ltr'>Proserpinae</span> <span class='ocrx_word' id='word_1_235' title='bbox 923 2139 1051 2187; x_wconf 55' lang='lat' dir='ltr'>raptu</span> <span class='ocrx_word' id='word_1_236' title='bbox 1088 2136 1234 2176; x_wconf 80' lang='lat' dir='ltr'>animo</span> <span class='ocrx_word' id='word_1_237' title='bbox 1268 2135 1558 2184; x_wconf 80' lang='lat' dir='ltr'>contenderet,</span> <span class='ocrx_word' id='word_1_238' title='bbox 1575 2137 1716 2175; x_wconf 81' lang='lat' dir='ltr'>utram</span> 
     </span>
     <span class='ocr_line' id='line_1_30' title="bbox 252 2199 1718 2254; baseline 0.004 -18"><span class='ocrx_word' id='word_1_239' title='bbox 252 2210 343 2237; x_wconf 84' lang='lat' dir='ltr'>rem</span> <span class='ocrx_word' id='word_1_240' title='bbox 379 2202 421 2237; x_wconf 83' lang='lat' dir='ltr'>et</span> <span class='ocrx_word' id='word_1_241' title='bbox 449 2199 691 2249; x_wconf 70' lang='lat' dir='ltr'>graviorem</span> <span class='ocrx_word' id='word_1_242' title='bbox 724 2206 766 2239; x_wconf 90' lang='lat' dir='ltr'>et</span> <span class='ocrx_word' id='word_1_243' title='bbox 799 2202 1038 2240; x_wconf 76' lang='lat' dir='ltr'>uberiorem</span> <span class='ocrx_word' id='word_1_244' title='bbox 1066 2202 1321 2254; x_wconf 73' lang='lat' dir='ltr'>judicaret?</span> <span class='ocrx_word' id='word_1_245' title='bbox 1385 2200 1498 2250; x_wconf 82' lang='lat' dir='ltr'>Quae</span> <span class='ocrx_word' id='word_1_246' title='bbox 1523 2214 1622 2242; x_wconf 89' lang='lat' dir='ltr'>curn</span> <span class='ocrx_word' id='word_1_247' title='bbox 1654 2201 1718 2243; x_wconf 79' lang='lat' dir='ltr'>ita</span> 
     </span>
     <span class='ocr_line' id='line_1_31' title="bbox 252 2264 1719 2322; baseline 0.003 -18"><span class='ocrx_word' id='word_1_248' title='bbox 252 2264 354 2314; x_wconf 82' lang='lat' dir='ltr'>sint,</span> <span class='ocrx_word' id='word_1_249' title='bbox 383 2266 595 2305; x_wconf 83' lang='lat' dir='ltr'>neminem</span> <span class='ocrx_word' id='word_1_250' title='bbox 616 2280 789 2307; x_wconf 72' lang='lat' dir='ltr'>movere</span> <span class='ocrx_word' id='word_1_251' title='bbox 811 2267 982 2316; x_wconf 84' lang='lat' dir='ltr'>dehent,</span> <span class='ocrx_word' id='word_1_252' title='bbox 1016 2282 1114 2322; x_wconf 84' lang='lat' dir='ltr'>quae</span> <span class='ocrx_word' id='word_1_253' title='bbox 1134 2268 1366 2309; x_wconf 42' lang='lat' dir='ltr'>&amp;Vaichius</span> <span class='ocrx_word' id='word_1_254' title='bbox 1390 2272 1543 2309; x_wconf 79' lang='lat' dir='ltr'>contra</span> <span class='ocrx_word' id='word_1_255' title='bbox 1563 2268 1719 2322; x_wconf 86' lang='lat' dir='ltr'>dispu-</span> 
     </span>
     <span class='ocr_line' id='line_1_32' title="bbox 252 2332 1716 2389; baseline 0.003 -17"><span class='ocrx_word' id='word_1_256' title='bbox 252 2333 377 2373; x_wconf 80' lang='lat' dir='ltr'>tavit.</span> <span class='ocrx_word' id='word_1_257' title='bbox 438 2332 572 2383; x_wconf 76' lang='lat' dir='ltr'>Quin,</span> <span class='ocrx_word' id='word_1_258' title='bbox 608 2335 683 2386; x_wconf 87' lang='lat' dir='ltr'>qui</span> <span class='ocrx_word' id='word_1_259' title='bbox 713 2339 856 2387; x_wconf 81' lang='lat' dir='ltr'>neget,</span> <span class='ocrx_word' id='word_1_260' title='bbox 894 2336 1111 2375; x_wconf 70' lang='lat' dir='ltr'>actionem</span> <span class='ocrx_word' id='word_1_261' title='bbox 1147 2336 1265 2375; x_wconf 79' lang='lat' dir='ltr'>illam</span> <span class='ocrx_word' id='word_1_262' title='bbox 1297 2349 1383 2376; x_wconf 89' lang='lat' dir='ltr'>non</span> <span class='ocrx_word' id='word_1_263' title='bbox 1415 2340 1506 2377; x_wconf 72' lang='lat' dir='ltr'>tam</span> <span class='ocrx_word' id='word_1_264' title='bbox 1539 2337 1716 2389; x_wconf 83' lang='lat' dir='ltr'>quidem</span> 
     </span>
     <span class='ocr_line' id='line_1_33' title="bbox 253 2403 1715 2456; baseline 0.003 -16"><span class='ocrx_word' id='word_1_265' title='bbox 253 2412 334 2452; x_wconf 89' lang='lat' dir='ltr'>per</span> <span class='ocrx_word' id='word_1_266' title='bbox 353 2412 413 2448; x_wconf 87' lang='lat' dir='ltr'>se,</span> <span class='ocrx_word' id='word_1_267' title='bbox 432 2413 564 2453; x_wconf 79' lang='lat' dir='ltr'>quam</span> <span class='ocrx_word' id='word_1_268' title='bbox 587 2405 848 2454; x_wconf 80' lang='lat' dir='ltr'>propterea,</span> <span class='ocrx_word' id='word_1_269' title='bbox 863 2415 961 2455; x_wconf 80' lang='lat' dir='ltr'>qnae</span> <span class='ocrx_word' id='word_1_270' title='bbox 982 2408 1135 2442; x_wconf 77' lang='lat' dir='ltr'>secuta</span> <span class='ocrx_word' id='word_1_271' title='bbox 1155 2409 1267 2452; x_wconf 84' lang='lat' dir='ltr'>sunt,</span> <span class='ocrx_word' id='word_1_272' title='bbox 1281 2417 1375 2444; x_wconf 86' lang='lat' dir='ltr'>esse</span> <span class='ocrx_word' id='word_1_273' title='bbox 1396 2403 1715 2456; x_wconf 82' lang='lat' dir='ltr'>gravissimam,</span> 
     </span>
     <span class='ocr_line' id='line_1_34' title="bbox 254 2467 1717 2522; baseline 0.004 -16"><span class='ocrx_word' id='word_1_274' title='bbox 254 2467 437 2508; x_wconf 68' lang='lat' dir='ltr'>arbitror</span> <span class='ocrx_word' id='word_1_275' title='bbox 455 2482 551 2508; x_wconf 84' lang='lat' dir='ltr'>esse</span> <span class='ocrx_word' id='word_1_276' title='bbox 574 2470 802 2510; x_wconf 83' lang='lat' dir='ltr'>neminem.</span> <span class='ocrx_word' id='word_1_277' title='bbox 865 2469 983 2520; x_wconf 79' lang='lat' dir='ltr'>Quid</span> <span class='ocrx_word' id='word_1_278' title='bbox 1005 2471 1117 2510; x_wconf 87' lang='lat' dir='ltr'>enim</span> <span class='ocrx_word' id='word_1_279' title='bbox 1151 2471 1304 2522; x_wconf 74' lang='lat' dir='ltr'>magis,</span> <span class='ocrx_word' id='word_1_280' title='bbox 1339 2484 1427 2511; x_wconf 91' lang='lat' dir='ltr'>non</span> <span class='ocrx_word' id='word_1_281' title='bbox 1463 2471 1519 2510; x_wconf 83' lang='lat' dir='ltr'>ad</span> <span class='ocrx_word' id='word_1_282' title='bbox 1554 2474 1717 2520; x_wconf 80' lang='lat' dir='ltr'>certam</span> 
     </span>
    </p>
   </div>
   <div class='ocr_carea' id='block_1_3' title="bbox 255 2530 1770 2592">
    <p class='ocr_par' dir='ltr' id='par_1_4' title="bbox 255 2530 1770 2592">
     <span class='ocr_line' id='line_1_35' title="bbox 255 2530 1770 2592; baseline 0.002 -16"><span class='ocrx_word' id='word_1_283' title='bbox 255 2535 447 2587; x_wconf 76' lang='lat' dir='ltr'>aliquam</span> <span class='ocrx_word' id='word_1_284' title='bbox 469 2542 650 2588; x_wconf 81' lang='lat' dir='ltr'>gentem,</span> <span class='ocrx_word' id='word_1_285' title='bbox 681 2537 758 2577; x_wconf 85' lang='lat' dir='ltr'>sed</span> <span class='ocrx_word' id='word_1_286' title='bbox 780 2538 833 2577; x_wconf 78' lang='lat' dir='ltr'>ad</span> <span class='ocrx_word' id='word_1_287' title='bbox 858 2551 982 2577; x_wconf 88' lang='lat' dir='ltr'>omne</span> <span class='ocrx_word' id='word_1_288' title='bbox 1009 2552 1141 2590; x_wconf 79' lang='lat' dir='ltr'>genus</span> <span class='ocrx_word' id='word_1_289' title='bbox 1162 2530 1397 2579; x_wconf 77' lang='lat' dir='ltr'>humanum</span> <span class='ocrx_word' id='word_1_290' title='bbox 1418 2545 1564 2592; x_wconf 80' lang='lat' dir='ltr'>potest</span> <span class='ocrx_word' id='word_1_291' title='bbox 1582 2539 1716 2592; x_wconf 83' lang='lat' dir='ltr'>perti·</span> <span class='ocrx_word' id='word_1_292' title='bbox 1768 2557 1770 2559; x_wconf 51' lang='lat'>&gt;</span> 
     </span>
    </p>
   </div>
   <div class='ocr_carea' id='block_1_4' title="bbox 255 2604 1717 2792">
    <p class='ocr_par' dir='ltr' id='par_1_5' title="bbox 255 2604 1717 2792">
     <span class='ocr_line' id='line_1_36' title="bbox 255 2604 1716 2656; baseline 0.004 -16"><span class='ocrx_word' id='word_1_293' title='bbox 255 2614 372 2649; x_wconf 85' lang='lat' dir='ltr'>nere,</span> <span class='ocrx_word' id='word_1_294' title='bbox 397 2616 527 2655; x_wconf 80' lang='lat' dir='ltr'>quam</span> <span class='ocrx_word' id='word_1_295' title='bbox 551 2604 828 2656; x_wconf 71' lang='lat' dir='ltr'>agriculturae</span> <span class='ocrx_word' id='word_1_296' title='bbox 850 2606 1056 2653; x_wconf 67' lang='lat' dir='ltr'>inventio,</span> <span class='ocrx_word' id='word_1_297' title='bbox 1088 2605 1203 2645; x_wconf 82' lang='lat' dir='ltr'>unde</span> <span class='ocrx_word' id='word_1_298' title='bbox 1225 2606 1395 2646; x_wconf 79' lang='lat' dir='ltr'>semina</span> <span class='ocrx_word' id='word_1_299' title='bbox 1424 2606 1553 2655; x_wconf 81' lang='lat' dir='ltr'>simul</span> <span class='ocrx_word' id='word_1_300' title='bbox 1575 2607 1716 2646; x_wconf 89' lang='lat' dir='ltr'>omnis</span> 
     </span>
     <span class='ocr_line' id='line_1_37' title="bbox 255 2669 1714 2726; baseline 0.004 -17"><span class='ocrx_word' id='word_1_301' title='bbox 255 2669 535 2712; x_wconf 75' lang='lat' dir='ltr'>humanitatis</span> <span class='ocrx_word' id='word_1_302' title='bbox 555 2672 748 2726; x_wconf 76' lang='lat' dir='ltr'>vitaeque</span> <span class='ocrx_word' id='word_1_303' title='bbox 769 2673 966 2714; x_wconf 85' lang='lat' dir='ltr'>cultioris</span> <span class='ocrx_word' id='word_1_304' title='bbox 1000 2678 1042 2713; x_wconf 91' lang='lat' dir='ltr'>et</span> <span class='ocrx_word' id='word_1_305' title='bbox 1074 2686 1230 2726; x_wconf 81' lang='lat' dir='ltr'>sparsa</span> <span class='ocrx_word' id='word_1_306' title='bbox 1251 2678 1352 2713; x_wconf 85' lang='lat' dir='ltr'>sunt</span> <span class='ocrx_word' id='word_1_307' title='bbox 1382 2678 1426 2714; x_wconf 91' lang='lat' dir='ltr'>et</span> <span class='ocrx_word' id='word_1_308' title='bbox 1456 2673 1714 2715; x_wconf 71' lang='lat' dir='ltr'>effloruere?</span> 
     </span>
     <span class='ocr_line' id='line_1_38' title="bbox 256 2736 1717 2792; baseline 0.003 -14"><span class='ocrx_word' id='word_1_309' title='bbox 256 2736 389 2779; x_wconf 81' lang='lat' dir='ltr'>Hane</span> <span class='ocrx_word' id='word_1_310' title='bbox 407 2752 498 2780; x_wconf 87' lang='lat' dir='ltr'>rem</span> <span class='ocrx_word' id='word_1_311' title='bbox 525 2740 587 2781; x_wconf 76' lang='lat' dir='ltr'>ita</span> <span class='ocrx_word' id='word_1_312' title='bbox 607 2743 806 2792; x_wconf 79' lang='lat' dir='ltr'>tractare,</span> <span class='ocrx_word' id='word_1_313' title='bbox 823 2746 873 2782; x_wconf 89' lang='lat' dir='ltr'>ut</span> <span class='ocrx_word' id='word_1_314' title='bbox 893 2741 1124 2784; x_wconf 61' lang='lat' dir='ltr'>admiratio</span> <span class='ocrx_word' id='word_1_315' title='bbox 1144 2740 1244 2781; x_wconf 86' lang='lat' dir='ltr'>inde</span> <span class='ocrx_word' id='word_1_316' title='bbox 1271 2745 1314 2782; x_wconf 89' lang='lat' dir='ltr'>et</span> <span class='ocrx_word' id='word_1_317' title='bbox 1341 2740 1572 2783; x_wconf 83' lang='lat' dir='ltr'>delectatio</span> <span class='ocrx_word' id='word_1_318' title='bbox 1593 2742 1717 2783; x_wconf 84' lang='lat' dir='ltr'>audi-</span> 
     </span>
    </p>
   </div>
   <div class='ocr_carea' id='block_1_5' title="bbox 1811 0 1842 616">
    <p class='ocr_par' dir='ltr' id='par_1_6' title="bbox 1811 0 1842 616">
     <span class='ocr_line' id='line_1_39' title="bbox 1811 0 1842 616; baseline 0 2577"><span class='ocrx_word' id='word_1_319' title='bbox 1811 0 1842 616; x_wconf 95' lang='lat' dir='ltr'> </span> 
     </span>
    </p>
   </div>
  </div>
 </body>
</html>
