1857 3177
545 249 606 278 DE
642 249 704 278 lv.
736 247 872 278 CONS.
907 246 1094 276 HONOR.

86 346 198 396 Quis
219 350 366 386 valum
386 345 610 385 discursus
631 345 751 385 erat?
784 344 886 384 Tibi
909 342 1105 394 corniger
1127 339 1367 389 Hammon,

84 414 141 454 Et
161 415 320 453 dullum
344 414 462 454 taciti
488 426 636 466 rupere
658 413 830 453 silentia
852 411 1027 464 Delphi.

83 482 148 521 Te
172 482 319 521 Persae
343 483 537 521 cecinere
563 481 679 529 Magi
699 495 708 528 ς
743 487 782 520 te
803 481 935 520 sensit
960 479 1170 518 Etruscus

82 548 251 601 Augur,
275 553 318 589 et
343 549 552 602 inspeetis
576 548 853 601 Babylonius
874 547 1042 586 horruit
1067 547 1214 586 astris.

85 616 286 657 Chaldaei
309 620 519 669 stupuere
543 628 690 663 senes,
717 614 1005 666 Cumanaque
1028 626 1181 654 rursus

84 682 286 723 Intonuit
307 696 439 735 rupes
460 681 625 723 rabidae
647 681 833 721 delubra
854 680 1054 733 Sibyllae.

1460 476 1542 515 145

81 811 186 832 cursus
200 803 435 833 vaticinantium
449 801 462 832 .?
497 802 627 831 Ammon
640 805 809 839 vcornutus,
833 804 863 831 et
890 800 1082 839 Delphorum
1107 799 1254 830 Oracula
1263 797 1450 837 jampridem
1468 798 1542 828 rcci-

79 846 181 875 ceutia
197 846 380 884 abruperunt
397 845 552 874 silentium
570 853 630 883 pro
647 848 686 874 le.
732 844 914 874 Sacerdotes
941 843 1104 873 Persarum
1124 842 1339 881 pradia-erunt
1356 844 1405 871 te:
1428 840 1540 877 Augur

81 887 215 917 Tlmscus
234 888 376 925 cognorit
401 891 441 924 te,
467 890 496 917 et
523 886 716 926 Babylonius
746 887 862 923 timuit,
884 886 1036 916 sideribus
1062 883 1241 914 observatis.
1279 883 1372 913 Senes
1399 882 1541 913 Clzalclaei

80 929 228 960 admirati
243 933 325 968 sant,
341 932 430 968 atque
443 939 554 960 saxum
573 930 756 967 Cunmnum,
773 929 862 970 quod
880 933 943 969 est,
957 928 1100 959 sacellum
1118 927 1246 967 Sibyllae
1261 925 1414 966 furculis,
1429 926 1542 956 iterum

695 1012 929 1023 eeeeeeeeeeee

80 1079 202 1110 Petav.
220 1088 287 1110 sec.
311 1081 398 1109 erant
416 1078 495 1108 Vat.
514 1080 669 1118 [ηπ-144
686 1077 801 1107 (Izalam
818 1077 901 1107 Exc.
920 1076 1018 1107 Laeti.
1035 1076 1157 1106 dubium
1174 1075 1229 1106 ed.
1252 1075 1365 1105 Vicet.
1391 1074 1454 1108 Qui
1481 1082 1541 1113 pro

82 1122 125 1152 Et
142 1122 219 1152 Vat.
237 1122 345 1162 quint.
369 1121 423 1151 Vel
440 1121 518 1151 Vut.
535 1130 585 1159 pr.
609 1129 737 1159 rapuere
761 1119 840 1149 Pat.
867 1129 978 1158 rupere
995 1119 1048 1148 vel
1072 1128 1200 1158 rapuere
1218 1118 1473 1148 Florenn—-l-l5
1501 1115 1542 1146 Te

78 1167 203 1204 propter
218 1165 298 1195 Vat.
327 1174 395 1194 sec.
425 1164 500 1194 Pal.
526 1163 591 1192 duo
620 1162 714 1192 Mea.
742 1162 866 1192 Moror.
893 1172 961 1191 sec.
995 1162 1099 1191 Persa>
1125 1161 1317 1200 vclpropter
1336 1160 1402 1190 ine.
1421 1157 1541 1189 Heius.

79 1208 176 1237 sentit
205 1208 354 1237 Florent.
392 1206 504 1236 Sensus
529 1206 717 1235 Pan—146
740 1204 857 1243 stupuit
888 1204 1080 1243 Babylonius
1107 1203 1199 1233 Med.
1229 1207 1341 1243 quart.
1365 1207 1399 1232 et
1419 1200 1542 1231 Ala.—

82 1252 142 1279 1-17
169 1250 353 1289 Cumoeaque
371 1249 443 1279 Pal.
460 1249 539 1279 Vat.
555 1246 906 1287 qua1·t.—14s'r‹1bi‹lae
919 1247 985 1275 ‹luo
1003 1247 1081 1275 Yat.
1101 1245 1168 1275 (luo
1194 1245 1286 1275 Med.
1303 1245 1382 1274 I'ut.
1408 1243 1541 1273 Thuan.

82 1291 210 1322 Mazar.
230 1292 303 1322 Pat.
320 1292 440 1321 l’etav.
469 1300 518 1330 pr.
548 1295 617 1319 tres
647 1288 762 1319 Ambr.
786 1289 868 1318 Exc.
895 1289 1037 1318 Lucens.
1071 1298 1136 1318 sec.
1159 1294 1193 1317 ct
1209 1286 1261 1316 ed.
1278 1287 1389 1317 Vicet.
1425 1285 1541 1324 rupidoe

745 1382 886 1416 NOTAE

80 1475 145 1505 cim
163 1472 365 1512 vulturibus,
382 1472 463 1504 vicit
474 1471 614 1502 fratrem
629 1470 785 1510 Remum,

81 1524 139 1566 qni
155 1533 213 1555 sex
231 1529 364 1555 tantum
382 1523 526 1554 viderat.

125 1577 185 1606 143
215 1574 328 1605 Vatum
349 1573 518 1613 discursus]
558 1573 662 1604 Vates
693 1572 784 1603 ultro

80 1626 236 1666 citroque
264 1625 486 1664 cursitabant,
508 1628 542 1655 nt
570 1624 784 1664 explicarent

79 1674 198 1708 felices
215 1674 257 1705 de
274 1675 426 1705 Honorio
443 1673 697 1715 praedictiones.

124 1725 278 1764 Corniger
311 1724 482 1764 Hammon]
532 1724 599 1755 Seu
630 1724 762 1756 Ammon
774 1735 784 1754 :

78 1776 229 1816 Jupiter,
257 1776 368 1816 pictus
399 1777 432 1807 in
463 1776 616 1816 speciem
644 1775 785 1814 Arietis,

79 1826 168 1868 quod
186 1827 321 1858 Baccho
347 1827 475 1858 sitienti
503 1827 534 1856 in
563 1825 672 1856 forma
691 1826 783 1856 Arie-

79 1877 124 1908 tis
141 1881 267 1907 terram
293 1877 438 1916 pedibus
455 1877 686 1907 concutientis
711 1875 783 1906 fon-

79 1932 148 1959 tem
165 1927 368 1958 ostenderit.
417 1927 484 1957 Hic
509 1935 608 1966 porro
632 1926 784 1956 Oracula

78 1976 204 2008 edebat
217 1978 308 2007 inter
325 1986 443 2007 arenas
461 1976 576 2016 Libyae
595 1977 626 2006 in
641 1975 781 2013 Africa3

79 2026 169 2057 unde
185 2035 319 2063 nomen,
341 2036 418 2056 nam
439 2025 547 2063 ἅμμος,
563 2035 621 2055 seu
649 2023 782 2063 ψάμμος,

79 2086 205 2107 arenam
228 2075 406 2115 significat.
454 2075 522 2106 Alii
546 2074 718 2105 deducunt
742 2074 784 2104 ab

79 2129 229 2160 Ammone
245 2131 393 2167 pastore,
409 2126 465 2167 qui
483 2126 528 2156 ibi
546 2126 709 2165 templum
727 2135 783 2155 ex-

77 2178 212 2209 struxit.
259 2177 326 2208 Alii
343 2186 361 2207 a
387 2177 553 2213 Chamone,
570 2185 629 2206 seu
656 2175 783 2213 Clmmo,

79 2228 166 2259 Nolis
181 2227 396 2258 Patriarchae
423 2226 506 2264 filio,
520 2226 575 2266 qui
594 2235 706 2255 veram
732 2234 782 2255 re-

78 2278 238 2319 ligionem
255 2277 468 2318 depravavit,
486 2281 521 2307 et
538 2276 571 2306 in
595 2274 714 2306 Africa
731 2285 783 2305 su-

80 2329 301 2371 perstitiones
317 2328 459 2360 invenit.

125 2383 184 2411 144
211 2379 340 2420 Delphi]
369 2377 512 2409 Urbsad
531 2377 680 2408 radicem
700 2363 792 2406 Par->

78 2430 182 2469 nassi,
199 2430 232 2460 in
251 2440 316 2471 qua
334 2429 456 2470 Apollo
481 2428 606 2459 edebat
629 2428 783 2465 oracula3

80 2480 140 2511 sed
171 2485 247 2520 post
293 2485 408 2511 natum
450 2479 621 2510 Christum
663 2477 782 2508 tacuit.

79 2532 191 2573 (Nero
208 2539 333 2571 tamen,
349 2543 368 2563 e
394 2531 570 2571 Suetonio,
592 2533 600 2548 ‘
618 2531 783 2562 Consulto

80 2581 222 2623 Delphis
251 2582 409 2623 Apolline
435 2582 721 2622 septuagesimum
744 2590 783 2611 ae

81 2632 219 2663 tertium
246 2642 367 2664 aunum
393 2633 580 2663 cavendum
608 2632 669 2662 sibi
693 2631 784 2662 audi-

81 2679 172 2719 vit.’)
205 2682 303 2713 Unde
326 2684 459 2714 notabis
483 2684 556 2715 haec
581 2683 692 2714 onmia
714 2682 784 2713 dici

83 2740 102 2762 e
119 2731 256 2761 licentia
273 2732 415 2771 poetica.

126 2784 187 2813 145
212 2781 321 2821 Magi]
356 2782 403 2813 Hi
420 2787 518 2813 erant
540 2783 722 2814 Persarum
737 2790 786 2813 sa-

839 1469 983 1510 pientes,
998 1479 1080 1510 quos
1097 1467 1214 1500 Graeci
1227 1464 1463 1506 Philosophus,
1480 1466 1542 1496 La-

841 1519 902 1550 tini
918 1519 1112 1559 Sapientes,
1131 1517 1222 1548 Galli
1235 1515 1400 1555 Druidas,
1421 1515 1544 1555 AEgyp-

839 1570 877 1601 tii
909 1570 1100 1610 Prophetas
1132 1578 1190 1600 seu
1216 1567 1417 1599 Sacerdotes
1445 1575 1543 1596 voca-

839 1620 928 1651 bant.
973 1619 1161 1651 Jactabant
1179 1629 1214 1649 se
1227 1618 1350 1648 habere
1367 1616 1543 1647 scientiam

839 1669 1030 1701 futurorum
1046 1680 1053 1699 :
1089 1668 1234 1709 ideoque
1257 1672 1373 1707 postea
1390 1666 1460 1696 haec
1477 1674 1543 1696 vox

840 1721 881 1751 ad
899 1731 955 1752 eos
976 1720 1138 1751 translata
1163 1723 1226 1757 est,
1241 1717 1297 1758 qui
1316 1715 1543 1757 praedicendis

840 1772 942 1802 rebus
958 1771 1082 1802 futuris
1099 1779 1134 1800 se
1151 1769 1400 1809 applicuerunt.

885 1820 1045 1859 (fecium-e]
1081 1820 1133 1850 Te
1161 1819 1382 1857 nasciturum,
1410 1822 1443 1847 te
1469 1815 1541 1847 fore

839 1871 988 1902 felicem.
1543 1888 1546 1892 .

884 1925 942 1952 145
973 1922 1119 1951 Etruscus
1147 1917 1277 1957 Augur]
1316 1916 1407 1947 Huic
1436 1914 1541 1955 magis

839 1970 981 2002 Romani
1014 1969 1220 2005 credebant3
1255 1966 1343 2007 quod
1371 1965 1414 1995 ab
1442 1966 1543 1996 Etru-

838 2023 886 2052 ria
928 2021 1037 2052 Italiae
1080 2019 1217 2058 regione
1263 2016 1542 2057 superstitionum

839 2072 928 2111 leges
946 2069 1221 2108 caerimoniasque
1249 2066 1474 2105 accepissent.

882 2119 1087 2161 Babylonius]
1111 2117 1335 2157 Philosophus
1347 2115 1542 2147 Genethlia-

841 2182 912 2209 cus,
925 2181 982 2201 scu
999 2170 1054 2210 qui
1075 2170 1226 2208 inspecta
1252 2166 1443 2197 nativitatis
1460 2166 1543 2197 hora

843 2221 959 2252 futura
982 2220 1147 2261 prix-dicit:
1185 2217 1394 2258 Babylonius
1419 2216 1543 2247 dieitur

843 2272 884 2303 ab
910 2271 993 2302 urbe
1020 2269 1206 2310 Babylone,
1231 2278 1306 2308 quoe
1338 2271 1443 2307 caput
1469 2270 1543 2297 erat

843 2321 1077 2353 Chaldaeorum
1093 2331 1101 2358 ;
1132 2319 1220 2349 unde
1235 2322 1270 2348 et
1287 2316 1465 2348 Chaldaeus
1481 2315 1543 2346 eti-

843 2384 895 2404 am
912 2372 1115 2412 appellatur.

883 2427 942 2456 1-17
970 2418 1179 2459 Cumanaque]
1217 2419 1332 2449 Cumae
1360 2420 1439 2446 sunt
1461 2415 1541 2446 urbs

839 2474 1034 2514 Campaniae
1052 2473 1083 2502 in
1107 2470 1228 2500 Italia:
1262 2468 1316 2498 ubi
1345 2467 1471 2508 Sibylla
1491 2475 1540 2496 ra-

840 2525 931 2564 bida,
947 2525 1031 2560 Deo,
1049 2521 1100 2552 vel
1119 2519 1229 2561 potius
1261 2519 1422 2548 Damione
1440 2517 1541 2558 plena

838 2575 974 2606 furebat
994 2575 1095 2603 eden<
1112 2569 1259 2601 oracula.
1305 2568 1437 2608 Sibylla
1458 2566 1539 2597 diei-

839 2630 894 2656 tur
910 2625 1017 2666 quasi,
1033 2622 1102 2654 Σιοῦ
1117 2619 1229 2657 βουλὴ,
1246 2618 1307 2650 Dei
1319 2617 1488 2648 consilium.

884 2679 944 2707 148
968 2671 1122 2711 Delubra]
1170 2670 1326 2709 Antrum,
1357 2667 1446 2710 quod
1476 2666 1540 2707 ipsi

839 2730 914 2758 erat
929 2726 1024 2757 velut
1038 2720 1212 2762 templum.
