1852 3193
235 204 320 246 318
731 216 808 245 cr..
843 211 1124 245 CLAUDIAM
1159 212 1209 242 x.

238 309 341 359 Quo
362 313 600 363 postquam
623 309 824 362 dilapsus
845 304 999 354 Amor,
1022 305 1264 358 longasque
1285 305 1450 359 peregit

236 376 386 417 Penna
410 378 530 427 vias3
563 377 721 423 alacer,
739 385 964 427 passuque
985 373 1210 425 superbior
1230 373 1374 414 intrat.

237 442 477 484 Caesariem
499 446 602 482 tunc
622 442 733 481 sorte
753 439 907 480 Venus
929 439 1122 479 subnixa
1141 452 1325 481 corusco

236 509 455 562 Fingebat
477 509 604 549 solio.
667 507 840 547 Dextra
859 506 1063 559 laevaque
1084 517 1262 546 sorores

236 575 420 617 Stabant
439 576 609 618 Idaliae.
671 574 838 626 Largos
860 573 956 614 haec
976 572 1165 614 nectaris
1186 573 1344 613 imbres

235 641 416 694 Irrigat:
448 644 544 683 haec
565 655 713 682 morsu
733 641 958 681 numerosi
980 639 1117 680 dentis
1138 640 1304 680 eburno

236 707 510 750 Multifidum
532 709 766 750 discrimen
788 714 907 749 arat:
941 708 1017 747 scd
1039 708 1166 748 tertia
1186 710 1299 747 retro

236 775 328 817 Dat
349 778 497 817 varios
519 790 676 825 nexus,
700 780 742 816 et
757 776 878 829 justo
901 775 1057 816 dividit
1078 775 1203 814 orbes

236 841 414 893 Ordine,
436 844 678 896 neglectam
696 846 866 896 partem
887 842 1086 882 studiosa
1107 842 1370 894 relinquens.

236 909 347 949 Plus
369 922 485 949 error
508 910 667 950 decuit.
728 909 911 961 Speculi
933 921 1011 947 nec
1033 908 1179 948 vultus
1200 908 1358 961 egebat

1615 502 1701 547 100

1616 839 1702 881 105

231 1006 307 1046 pido
322 1007 490 1042 descendit,
503 1010 533 1036 ct
549 1008 597 1036 ala
613 1006 683 1045 ejus
709 1006 839 1036 absolvit
864 1006 925 1035 iter
951 1006 1281 1044 long1m1‚1n1rredztm
1306 1007 1407 1044 loetns,
1433 1009 1463 1036 et
1476 1004 1642 1043 gloriosior
1658 1005 1705 1035 in-

234 1059 330 1079 cessu.
375 1049 451 1079 Tum
460 1048 549 1085 forte
568 1048 694 1078 Venus
683 1049 794 1078 innixa
805 1048 879 1078 solio
890 1048 1018 1077 micanti
1034 1047 1169 1077 comebat
1185 1049 1320 1087 capillos.
1350 1048 1478 1081 Sorores
1494 1047 1602 1077 [aaziae
1619 1047 1704 1078 Cha-

235 1091 317 1121 lites
333 1091 476 1120 astabant
490 1089 532 1120 ad
549 1091 695 1119 dextram
711 1093 741 1119 et
756 1090 930 1119 sinistram
979 1089 1059 1119 Hoec
1072 1090 1210 1128 aspergit
1225 1099 1330 1120 comae
1348 1089 1452 1129 ipsius
1468 1089 1586 1129 copiam
1595 1089 1702 1128 iugem

234 1132 477 1163 temambrosioe:
501 1132 566 1161 hoec
580 1134 704 1170 separat
730 1130 945 1171 differentiam
961 1131 1172 1170 multiplicem
1187 1132 1330 1169 crinium,
1348 1141 1425 1162 cum
1440 1132 1562 1171 pectine
1573 1131 1705 1162 eburneo

235 1174 383 1205 habente
397 1175 508 1204 multos
538 1175 661 1204 dentes.-
697 1176 730 1203 at
756 1174 852 1204 tertia
876 1176 959 1203 retro
987 1175 1083 1203 nectit
1109 1173 1262 1204 cincinnos
1284 1174 1430 1211 diversos,
1456 1177 1486 1204 et
1509 1174 1704 1204 discriminat

234 1217 352 1247 rotulas
380 1217 460 1247 serie
498 1216 622 1255 (equali,
657 1216 802 1246 omittens
831 1217 968 1246 consulto
1004 1219 1128 1255 partem
1158 1226 1331 1246 comarum
1373 1217 1469 1247 velut
1508 1218 1704 1247 contemtum.

236 1259 444 1299 Negligentia
473 1258 577 1298 magis
598 1258 750 1290 com-enit.
796 1259 907 1298 ,Neque
927 1258 1031 1296 facies
1054 1258 1216 1298 indigebat
1242 1259 1460 1299 approbatione
1482 1258 1608 1300 speculi.
1652 1258 1705 1289 Si·

853 1333 1090 1344 eeeeeeeeeeee

236 1385 305 1407 sec.
330 1378 499 1417 prorepunt
524 1376 576 1407 vel
601 1377 780 1415 praesuciant
807 1377 959 1408 Florent.
985 1377 1139 1407 Finnama
1166 1376 1284 1408 Ambr.
1310 1386 1380 1407 sec.
1406 1385 1494 1407 succo
1520 1379 1592 1407 tres
1606 1376 1704 1406 Vatt.

237 1420 339 1449 Farn.
364 1418 460 1449 Med.
478 1427 544 1449 sec.
564 1419 685 1450 Petav.
704 1429 771 1449 sec.
789 1420 870 1451 Put.
889 1420 955 1450 inc.
973 1420 1094 1451 Heius,
1117 1420 1201 1459 ligno
1218 1419 1312 1450 Med.
1330 1423 1441 1460 quart.
1457 1418 1537 1450 Jun.
1560 1427 1613 1458 pr.
1636 1418 1703 1448 rivo

236 1460 430 1492 octodecim
446 1461 517 1499 alii,
536 1460 620 1491 Exc.
640 1462 783 1493 anens.
799 1471 866 1493 sec.
884 1463 950 1492 rii-o
975 1463 1029 1493 vel
1055 1463 1138 1502 ligno
1157 1464 1238 1493 Lov.
1257 1463 1342 1492 Exe.
1368 1461 1513 1493 Schotti.
1539 1460 1702 1491 Heinsius

237 1504 443 1543 ascripserat
460 1513 555 1544 seqq.
572 1503 615 1534 de
634 1504 804 1535 Balsamo.
827 1504 960 1535 Plinius
978 1505 1052 1535 Lib.
1071 1514 1137 1535 xu.
1155 1514 1231 1545 cap.
1248 1508 1299 1535 25.
1318 1509 1480 1544 corrupto
1496 1504 1587 1542 loco,
1604 1502 1704 1542 cujus

234 1545 367 1576 initium
389 1547 398 1563 ‘
418 1546 603 1576 Suavitatis
619 1547 776 1577 eximiae!
822 1547 949 1578 Justin.
968 1547 1042 1578 Lib.
1061 1556 1190 1578 xxxvx.
1217 1547 1366 1578 Rhodius
1384 1547 1425 1577 ad
1445 1545 1631 1586 Composit.
1648 1547 1702 1575 33.

233 1588 390 1619 Seribon.
405 1588 600 1626 Largi—97
613 1589 750 1629 dilapsus
761 1589 840 1620 Jun.
859 1600 911 1629 pr.
924 1600 968 1621 m.
983 1600 1053 1620 sec.
1071 1590 1182 1621 Oxou.
1199 1590 1358 1620 sec.Var.
1375 1589 1439 1620 LL.
1456 1588 1511 1619 ed.
1529 1588 1632 1619 Antv.
1650 1588 1703 1618 de-

235 1630 336 1670 lapsus
352 1630 496 1669 Raphel.
512 1631 578 1661 Ms.
593 1631 703 1661 Pulm.
721 1632 805 1661 Exc.
823 1633 966 1663 Lucens.
985 1642 1051 1663 sec.
1067 1637 1102 1663 et
1113 1633 1154 1662 al.
1170 1632 1333 1663 Heinsius
1351 1631 1558 1671 conjiciebat
1572 1631 1705 1661 delatus.

233 1672 366 1713 peremit
383 1672 463 1703 Vat.
480 1676 678 1712 quart.—9S
705 1674 805 1703 Pinna
820 1675 903 1704 Exc.
917 1675 1060 1704 Lucens.
1079 1677 1214 1713 prs-99
1237 1674 1399 1712 tumforte
1416 1673 1536 1704 Ambr.
1551 1682 1602 1712 pr.
1620 1672 1703 1704 Jun.

237 1724 290 1755 pr.
313 1715 441 1745 Moret.
459 1724 527 1745 sec.
545 1714 628 1746 Cod.
646 1716 764 1755 Epigr.
785 1715 1011 1746 Ambr.—100
1037 1716 1171 1754 Pigebat
1197 1717 1298 1746 Farn.
1327 1715 1480 1754 Cingebat
1497 1716 1575 1746 Vat.
1591 1713 1702 1755 quint.

236 1757 389 1788 Pectebat
406 1757 457 1787 vel
478 1757 632 1795 Fingebat
650 1757 762 1788 Oxou.
780 1768 848 1788 sec.
871 1758 1023 1797 Fingebat
1040 1759 1092 1789 vel
1110 1758 1265 1796 Fingebat
1282 1758 1402 1788 Petav.
1421 1756 1579 1797 pr.—10'l
1605 1756 1707 1787 Idali-

236 1800 288 1830 des
303 1799 406 1830 Farn.
424 1801 503 1829 latos
518 1800 718 1830 Pric.-102
742 1801 796 1830 lioc
814 1801 907 1831 Med.
926 1804 1147 1841 quarn—103
1172 1801 1366 1840 sslaltifidzim
1382 1801 1466 1831 Exc.
1485 1800 1571 1830 Laeti
1586 1803 1621 1829 et
1638 1799 1703 1829 Lu·

237 1850 409 1872 cenS.sec.
423 1841 645 1872 Multimodum
656 1842 774 1872 decem
788 1843 857 1881 alii,
870 1844 955 1874 Exc.
973 1843 1105 1873 Senotti
1122 1848 1156 1873 et
1175 1843 1319 1873 Gevart.
1334 1842 1459 1872 Sched.
1477 1842 1569 1873 Gud.
1586 1841 1701 1872 Oxon.

237 1884 364 1915 Lovan.
379 1884 432 1913 ed.
449 1883 565 1914 Parni.
581 1888 615 1914 et
638 1884 751 1914 Yicet.
770 1884 849 1914 Var.
868 1886 932 1915 LL.
961 1885 1014 1916 ed.
1040 1885 1145 1916 Antv.
1176 1884 1370 1924 Multifidum
1399 1884 1452 1914 vel
1480 1883 1703 1914 IlIultimodam

237 1926 359 1956 Petav.
376 1928 537 1966 pr.—10>1
562 1936 659 1956 nesus
676 1928 776 1957 farios
795 1927 910 1958 Ambr.
937 1937 1005 1957 sec.
1023 1928 1125 1958 orbem
1141 1927 1221 1959 Jun.
1240 1937 1289 1966 pr.
1314 1927 1398 1957 orbis
1414 1926 1479 1956 duo
1495 1926 1700 1957 Vatt.—105

236 1969 410 2008 relinquens
426 1968 519 1999 Med.
537 1978 604 1999 sec.
622 1969 746 2008 reliquit
764 1970 843 2000 Vat.
860 1980 909 2009 pr.
929 1971 1005 2000 Pal.
1024 1970 1176 2000 Florent.
1196 1969 1290 1999 Med.
1309 1979 1358 2008 pr.
1376 1968 1523 2008 relinquit
1540 1972 1618 1999 octo
1634 1968 1703 2007 alii,

236 2011 315 2043 Var.
335 2011 400 2043 LL.
417 2020 435 2042 e
452 2020 559 2051 marg.
573 2011 687 2042 Parin.
701 2012 863 2043 Heinsius
880 2013 1011 2052 relinqui
1023 2012 1344 2053 conjiciebat.—106
1365 2011 1491 2051 speculi.
1507 2020 1583 2042 cum
1595 2009 1703 2052 τελείᾳ

903 2077 1042 2107 NOTAE

281 2140 321 2170 97
348 2138 433 2178 Quo]
458 2140 568 2172 Quem
585 2140 709 2178 locum,
725 2140 813 2180 quod
831 2141 943 2171 Vene-

238 2188 283 2219 ris
302 2189 463 2228 palatium
480 2195 659 2228 postquam
674 2190 779 2221 Amor
792 2190 921 2229 attigit.

281 2241 322 2269 98
346 2238 528 2278 Saperbior]
568 2239 768 2278 Gloriosior,
806 2245 841 2270 et
869 2240 943 2280 ipso

237 2288 579 2328 incessujactantim·‚
593 2289 682 2329 quod
697 2289 810 2320 fixerit
826 2290 942 2320 Hono-

238 2341 337 2371 rium.

283 2393 345 2421 100
369 2389 510 2430 Sorores]
544 2391 701 2421 Charites
724 2401 782 2421 seu
809 2392 939 2422 Gratiae

239 2439 447 2471 administra:
464 2441 619 2472 Veneris.
666 2442 818 2472 Charites
841 2452 940 2481 porro

237 2495 318 2521 sunt
333 2495 402 2521 tres
421 2490 540 2531 Aglaia
557 2501 615 2522 seu
628 2492 800 2532 Pasithea,
814 2492 941 2532 Thalia,

238 2545 275 2572 et
291 2542 529 2582 Euphrosyne.

283 2594 344 2622 103
391 2593 587 2634 Multifidum
638 2593 801 2623 discrimen
857 2592 943 2631 arat]

239 2641 359 2674 Crines
385 2643 433 2673 ita
449 2643 573 2682 pectit,
601 2647 638 2672 nt
662 2652 758 2673 arare
777 2642 944 2680 videatur,

240 2701 365 2732 eosque
384 2692 618 2724 discriminare,
645 2691 739 2724 fissos
766 2692 800 2723 in
816 2692 941 2723 multas

239 2746 365 2781 partes.

1043 2141 1103 2169 104
1130 2137 1243 2177 Orbes]
1268 2138 1424 2176 Rotulas,
1449 2137 1570 2177 spiras,
1592 2146 1704 2168 coma-

999 2199 1083 2227 rum,
1098 2198 1156 2219 seu
1172 2188 1312 2228 capillos
1326 2188 1358 2218 in
1374 2188 1490 2218 orbem
1506 2187 1704 2227 replicatos,

997 2245 1032 2269 et
1050 2244 1085 2269 nt
1103 2239 1151 2270 ait
1169 2238 1327 2277 Ovidius,
1352 2239 1360 2255 ‘
1379 2238 1413 2268 in
1440 2238 1587 2268 statione
1615 2237 1704 2278 posi-

997 2288 1071 2320 tos!

1043 2343 1104 2371 106
1129 2342 1230 2371 Error
1256 2340 1374 2380 decuit]
1413 2341 1492 2371 Non
1518 2344 1572 2371 est
1595 2349 1703 2378 error,

996 2390 1054 2421 sed
1074 2391 1284 2430 negligentia
1301 2390 1472 2431 quaedam,
1494 2400 1570 2430 quae
1592 2389 1701 2420 videri

998 2445 1113 2479 posset
1142 2450 1249 2478 error,
1278 2446 1312 2470 et
1341 2449 1415 2479 quae
1442 2439 1548 2477 magis
1576 2438 1701 2468 decora

996 2496 1059 2527 est,
1085 2499 1184 2530 quam
1213 2490 1239 2519 si
1270 2498 1366 2519 coma
1393 2488 1583 2528 composita
1607 2492 1702 2521 esset

997 2539 1175 2579 diligentia
1191 2538 1453 2569 accuratissima.

1040 2589 1178 2629 Specnli]
1220 2590 1298 2619 Non
1336 2587 1513 2627 indigebat
1549 2588 1700 2628 speculo,

998 2640 1076 2681 quia
1094 2643 1166 2670 tota
1182 2639 1300 2669 domus
1327 2638 1526 2678 crystallina
1548 2642 1584 2669 et
1608 2648 1699 2679 gem-

997 2694 1089 2720 mata
1105 2689 1278 2730 speculum
1295 2693 1379 2721 erat.
