1857 3177
544 225 595 265 m
632 225 923 256 EUTROPmM
963 226 1054 257 ma.
1089 227 1120 257 1.
1477 215 1561 257 463

107 316 273 360 Omnes
297 317 504 372 poenituit
526 319 672 371 pretii,
696 331 939 372 venumque
961 319 1146 368 redibat,

106 386 224 427 Dum
246 386 375 427 vendi
397 386 566 439 potuit:
598 391 830 440 postquam
852 387 1042 427 defom1e
1067 386 1254 427 cadaver

105 453 286 503 Mansit,
309 457 351 494 et
372 453 414 494 in
435 467 563 506 rugas
585 458 701 494 totus
722 452 909 494 defluxit
930 454 1089 505 aniles;

104 521 132 562 J
137 534 207 562 am
228 521 376 574 specie
398 521 502 561 doni
524 522 721 562 certatim
742 521 888 561 limine
911 522 1088 573 pellunt,
1506 520 1562 560 40

103 588 162 629 Et
181 589 346 630 soedum
369 590 529 642 ignaris
552 594 789 643 properant
810 588 1040 628 obtrudere
1060 602 1232 629 munus.

103 656 191 697 Tot
213 658 425 698 translata
440 657 560 710 jugis
581 657 787 696 submisit
808 656 923 696 colla
945 660 1160 697 vetustum

103 722 354 772 Servitium,
373 737 629 778 semperque
650 737 836 764 novum:
870 736 948 763 nec
972 724 1141 765 destitit
1162 736 1381 776 unquam3

102 791 235 844 Saepe
256 795 398 831 tamen
420 792 574 843 coepit.
637 791 867 832 Cunabula
887 792 1027 844 prima
1049 792 1240 831 cruentis

102 857 263 898 Debita
284 858 538 911 suppliciis:
570 859 737 910 rapitur
759 857 1016 898 castrandus
1037 858 1092 897 ab
1116 857 1214 910 ipso
1505 857 1562 897 45

98 994 199 1015 omnes
224 984 356 1015 solvere,
382 983 518 1024 prelium
545 992 606 1023 pro
630 983 702 1021 isto,
737 986 765 1012 et
790 982 1004 1014 revertebatur
1029 983 1156 1018 venalis,
1186 982 1258 1011 (lum
1280 984 1424 1021 potuerat
1452 981 1564 1015 rendi„

96 1028 303 1067 Posteaquam
315 1030 403 1066 turpe
419 1036 528 1066 corpus-
541 1027 700 1063 remansit,
717 1028 747 1055 et
759 1026 838 1055 abiit
855 1029 938 1055 totus
953 1025 985 1055 in
1001 1035 1095 1063 rugas
1111 1024 1231 1063 seniles,
1240 1025 1309 1062 jam
1325 1024 1452 1062 ejiciunt
1470 1024 1557 1054 illum

98 1071 254 1106 certatim,
271 1070 332 1099 Ioco
347 1069 492 1106 numeris,
508 1072 537 1098 et
545 1068 702 1105 festinant
720 1068 859 1108 ingerere
875 1068 981 1098 insciis
998 1068 1060 1097 boc
1076 1069 1188 1098 donum
1204 1066 1328 1105 infame.
1382 1067 1475 1098 Vetus
1492 1067 1557 1098 lioc

99 1113 284 1152 mancipium
299 1112 424 1150 subjecit
448 1112 594 1141 cervicem
620 1113 832 1141 transmissum
859 1114 904 1140 tot
921 1111 1023 1149 jugis,
1050 1114 1079 1140 et
1105 1115 1218 1140 tamen
1233 1119 1351 1150 semper
1367 1114 1418 1139 est
1435 1119 1556 1140 nomm.

101 1156 172 1185 Non
187 1165 319 1194 unquam
333 1154 458 1184 cessarit
476 1163 549 1184 esse
563 1163 678 1189 serras,
695 1160 730 1184 ct
747 1153 1038 1193 Ianicufrequenter
1050 1153 1174 1193 incepit.
1223 1154 1320 1183 Cunoe
1337 1152 1432 1191 liujus
1444 1152 1558 1192 primoe

99 1199 248 1238 expositio
265 1202 341 1228 sunt
357 1198 519 1227 tormentis
533 1196 714 1227 crudelibus,
859 1197 877 1213 ⁸⁶
1031 1196 1049 1212 *
1203 1195 1220 1212 ’ἓ
1373 1195 1390 1211 *
1545 1195 1562 1212 ⁸*

716 1278 949 1289 aeaeaeaeaeaeaeaeaeaeaeae

98 1333 194 1364 Med.
212 1337 291 1365 tert.
309 1336 430 1364 tactura
448 1333 643 1373 projaclnra
658 1333 736 1362 Vat.
748 1333 899 1361 see—37
927 1330 1038 1362 Omnis
1051 1330 1168 1361 Ambr.
1182 1341 1248 1361 sec.
1266 1330 1361 1361 Med.
1374 1335 1454 1361 tert.
1472 1331 1557 1362 Exc.

101 1377 246 1407 Lucens.
262 1386 328 1406 sec.
348 1378 462 1406 Omnes
479 1377 528 1405 vel
550 1376 658 1405 Omnis-
677 1374 768 1405 Med.
785 1375 944 1404 see.—39
966 1375 1072 1404 doctus
1090 1374 1183 1404 Prie.
1201 1377 1299 1404 totum
1314 1374 1447 1405 Tholas.
1465 1374 1562 1404 anilis

100 1420 318 1449 Bonam—40
340 1419 394 1449 sub
409 1419 508 1458 specie
523 1419 651 1448 'l'liuam
678 1417 713 1447 ln
729 1417 859 1456 speciem
876 1417 968 1446 Med.
987 1424 1097 1457 quart.
1114 1417 1191 1447 Var.
1210 1418 1277 1447 LL.
1296 1426 1313 1446 e
1325 1426 1432 1456 marg.
1444 1416 1559 1447 Parni.

101 1472 143 1492 ex
161 1462 372 1502 conjectura.
398 1463 476 1491 dono
503 1462 584 1491 Exc.
610 1461 752 1491 Lucens.
780 1469 847 1489 sec.
875 1459 981 1490 limina
1002 1460 1219 1490 Thalos—41
1245 1459 1371 1498 cupiunt
1398 1460 1563 1490 detrudere

101 1505 195 1535 Prie.
215 1505 338 1535 Moret.
367 1514 434 1534 sec.
459 1505 552 1533 remis
580 1513 641 1543 pro
670 1512 779 1533 munus
807 1502 967 1533 Pan—42
992 1502 1064 1532 locis
1094 1503 1201 1533 Oisel.
1230 1502 1324 1532 Med.
1353 1511 1421 1532 see.
1449 1512 1490 1532 m.
1510 1511 1562 1541 pr.

102 1547 230 1578 Mazar.
246 1546 358 1577 Oxou.
376 1557 426 1586 pr.
453 1547 525 1576 locis
541 1546 691 1584 veljugis
707 1546 784 1575 Vut.
804 1554 852 1584 pr.
879 1545 959 1576 Put.
979 1546 1100 1576 l'etav.
1119 1550 1199 1575 tert.
1217 1544 1335 1575 inmisit
1354 1544 1420 1575 inc.
1438 1543 1560 1575 Heius.

100 1593 185 1620 —43
209 1600 263 1620 nec
276 1590 398 1620 destitit
420 1591 502 1627 neg.
520 1590 601 1619 Var.
620 1590 688 1619 LL.
705 1588 759 1618 ed.
780 1587 883 1617 Antv.
900 1598 958 1618 mm
974 1589 1101 1618 'l‘huam
1128 1598 1180 1618 nec
1195 1588 1246 1617 vel
1270 1597 1328 1616 non
1346 1587 1561 1617 Mazare—*ss

104 1633 205 1672 Coepit
220 1642 299 1672 soepe
315 1636 416 1662 tamen
432 1631 499 1661 duo
515 1632 608 1661 Vatt.
627 1631 700 1660 Pal.
720 1631 820 1660 Farn.
838 1630 929 1660 Prie.
948 1630 1055 1660 Oisel.
1078 1631 1168 1669 Saepe
1190 1634 1291 1660 tamen
1308 1629 1397 1668 coepit
1415 1629 1492 1659 Vnt.
1512 1638 1562 1668 pr.

101 1680 136 1705 et
154 1680 233 1705 tert.
252 1675 342 1706 Prie.
362 1676 512 1704 Florent.
531 1673 625 1703 Leid.
647 1682 696 1711 pr.
716 1672 829 1701 Oxou.
850 1681 900 1711 pr.
919 1672 1036 1702 Ambr.
1060 1682 1127 1702 sec.
1148 1672 1240 1702 Med.
1260 1677 1338 1701 tert.
1355 1672 1422 1700 inc.
1442 1670 1562 1701 Heius.

102 1718 185 1757 Reg.
203 1717 326 1747 Petav.
345 1727 394 1756 pr.
414 1717 539 1746 Mazar.
557 1716 639 1745 Exc.
656 1715 800 1744 Lucens.
818 1723 885 1744 sec.
906 1714 1079 1744 Rubenius
1103 1715 1135 1744 in
1153 1714 1307 1754 Epistola
1324 1714 1365 1743 ad
1385 1713 1562 1744 Heinsinin

99 1760 181 1791 (lata
193 1768 273 1791 vlu.
286 1759 365 1790 Kal.
380 1758 463 1798 Maj.
477 1766 642 1788 mncxnv.
659 1757 747 1787 hunc
766 1757 877 1786 locum
895 1757 940 1786 ita
958 1757 1184 1797 interpungit,
1200 1766 1255 1786 nec
1270 1757 1392 1787 destitit
1410 1766 1565 1796 umquam,

104 1803 206 1843 Coepit
220 1812 312 1842 saepe,
328 1806 444 1838 latnieu,
457 1803 508 1840 85⁶.
539 1801 558 1830 i.
571 1809 603 1829 e.
621 1809 686 1829 non
701 1798 838 1828 destitit
859 1808 1018 1838 linquam,
1044 1799 1102 1828 sed
1120 1799 1224 1838 coepit
1243 1807 1335 1837 saepe
1358 1799 1485 1828 servire
1503 1798 1562 1829 do-

100 1846 208 1876 minos
225 1850 369 1883 mutans,
386 1842 538 1883 quamvis
555 1846 723 1872 castratus
740 1843 927 1871 esset.-—45
954 1841 1055 1871 Debet
1073 1841 1202 1871 Μίνων.
1220 1840 1328 1871 Oisel.
1348 1840 1465 1871 Debita
1485 1840 1568 1873 Vat„

764 1938 908 1971 NOTAE

104 2017 193 2059 quod
210 2016 558 2057 Mangonijacturam
575 2015 733 2056 aliquam,
749 2019 808 2046 aut
863 2015 960 2046 nibus
988 2013 1213 2045 inscientibus
1257 2021 1330 2043 esse
1362 2016 1430 2042 tam
1463 2014 1563 2050 turpe

103 2068 262 2099 damnum
280 2067 453 2107 importet.
862 2066 1080 2106 mancipium.

147 2121 186 2149 37
213 2117 383 2157 Paenituit]
405 2118 486 2148 Tam
507 2117 580 2147 vilis
594 2123 666 2148 erat
680 2127 808 2156 servus,
904 2120 943 2147 >11
970 2115 1113 2156 Ignaris]
1140 2115 1216 2146 Non
1230 2112 1477 2154 cogitantibus:
1496 2115 1566 2142 ete-

105 2174 141 2201 ut
160 2178 201 2200 ne
219 2168 355 2210 quiden]
375 2168 594 2207 venderetur,
610 2168 688 2198 dum
705 2167 806 2197 vendi

105 2223 235 2261 posset,
263 2219 326 2249 boc
343 2224 395 2249 est
413 2217 444 2248 in
469 2216 542 2248 foro
559 2217 686 2247 venalis
703 2226 807 2257 expo-

104 2274 266 2306 neretnr3
300 2269 416 2309 sieque
448 2267 583 2298 redibat
618 2267 682 2299 alia
712 2275 807 2297 occa-

104 2321 198 2351 sione
214 2318 422 2350 vendendus.

147 2373 188 2401 38
215 2369 370 2409 Cadaver]
411 2369 544 2409 Corpus
575 2368 743 2409 glabrum,
772 2372 807 2398 et

105 2421 154 2452 ita
171 2420 263 2462 rugis
282 2420 442 2459 obsitum,
466 2425 505 2450 ut
521 2418 680 2449 cadaveri
699 2418 807 2449 simile

105 2471 212 2503 videri
231 2475 357 2512 posset.

147 2525 189 2553 40
213 2522 321 2562 Specie
342 2521 429 2561 doni]
464 2521 543 2552 Non
570 2520 721 2559 mittunt,
747 2519 807 2550 sed

107 2575 240 2615 pellunt
271 2578 430 2614 tanquam
465 2572 715 2603 incommodum
747 2572 807 2603 ali-

106 2623 217 2665 quod;
240 2633 306 2654 non
323 2624 414 2662 dant,
437 2628 474 2654 ut
491 2623 628 2659 donum,
651 2623 708 2652 sed
733 2632 807 2662 spe-

106 2675 191 2705 ciem
207 2674 351 2714 aliquam
366 2674 466 2711 doni;
489 2683 548 2704 seu
566 2672 720 2713 gandent
732 2682 807 2712 spe-

106 2724 158 2755 cie
170 2723 248 2754 doni
263 2729 397 2764 turpem
414 2723 505 2753 illum
517 2732 650 2753 servum
665 2723 808 2763 ejicere,

105 2772 284 2805 amandare
297 2782 305 2811 3
330 2772 525 2813 obtrudere,
537 2773 693 2813 ingerere
706 2773 810 2804 homi·

862 2167 929 2197 nim
948 2176 1012 2197 non
1029 2165 1208 2206 inspicitur
1225 2163 1379 2204 propius,
1400 2163 1488 2203 quod
1507 2162 1564 2193 do-

864 2223 974 2248 natur.
1020 2217 1157 2258 Alioqui
1173 2214 1310 2246 difficile
1325 2218 1378 2249 est
1391 2223 1457 2244 non
1469 2222 1564 2244 nosse

863 2277 1006 2308 servum,
1022 2276 1098 2298 cum
1115 2267 1250 2297 titulum
1265 2270 1372 2306 gerat.
1419 2264 1567 2304 Proper-

810 2339 812 2341 -
864 2319 950 2350 tius:
973 2318 981 2334 ‘
1001 2317 1071 2348 Aut
1098 2326 1240 2358 quorum
1267 2316 1383 2346 titulus
1410 2323 1470 2354 per
1489 2314 1565 2344 bar-

862 2368 946 2399 bara
968 2368 1054 2399 colla
1078 2365 1264 2407 pependit!
1311 2364 1476 2404 Ulpianus
1504 2363 1523 2394 l.
1541 2372 1565 2395 1.

861 2420 888 2460 ξ.
917 2422 947 2450 l.
976 2420 1021 2450 D.
1051 2418 1092 2448 de
1120 2416 1262 2447 aedilitio
1289 2414 1425 2445 edicto:
1461 2416 1469 2431 ‘
1498 2413 1565 2446 Qui

862 2469 1032 2509 mancipia
1063 2467 1213 2498 vendunt
1243 2465 1406 2496 certiores
1436 2462 1566 2494 faciant

862 2524 1022 2558 enitorcS‚
1046 2517 1124 2559 quid
1154 2515 1261 2546 morbi
1281 2515 1422 2554 vitiique
1440 2513 1563 2554 cuique

861 2570 915 2609 sit,
929 2569 1001 2610 quis
1018 2567 1194 2608 fugitivus,
1212 2573 1331 2595 errove
1350 2563 1417 2602 sit‚’
1431 2565 1494 2593 «Sec.

903 2622 944 2650 42
967 2617 1079 2658 Jugis]
1101 2614 1478 2656 'l'anquamjunientnm
1503 2617 1562 2643 aut

862 2669 934 2700 bos.

911 2717 1087 2757 Vetustum]
1111 2715 1321 2755 Mancipium
1349 2716 1453 2744 aetate
1483 2721 1561 2743 con-

863 2768 1014 2808 fectum3
1037 2773 1073 2800 et
1100 2772 1208 2808 νεῑυε,
1232 2765 1311 2806 quia
1336 2772 1469 2805 semper
1493 2771 1561 2795 ser-
