1842 3193
253 212 310 252 80
758 217 835 248 ct„
869 216 1151 249 cumomni
1188 216 1217 246 ι.

254 316 342 358 Illa
361 316 480 357 seros
502 315 647 356 saltus
666 318 708 356 ct
729 313 932 354 desolata
952 312 1208 364 relinquens

255 383 467 433 Maenala,
485 383 653 423 lassato
675 382 809 421 certis
830 380 1061 421 venatibus
1083 391 1215 419 arcu:

255 452 454 494 Phoebus
478 450 621 490 adhuc
644 448 779 500 nigris
805 447 998 487 rorantia
1020 446 1110 487 tela
1130 447 1317 487 venenis

254 520 465 562 Extincto
490 517 694 571 Pythone
716 515 878 556 serens.
910 515 1037 555 Tunc
1061 514 1207 555 insula.
1227 520 1362 555 notos

254 587 432 628 Lambit
451 586 594 626 amica
614 583 769 637 pedes,
799 582 1001 636 ridetque
1025 582 1209 635 [Egaeus
1232 582 1421 623 alumnis

254 655 432 703 Lenior,
457 659 502 693 et
524 651 683 693 blando
703 655 887 692 testatur
912 651 1073 703 gaudia
1093 651 1248 691 fluctu.

254 723 329 764 Sic
352 722 501 762 Proba
522 721 754 774 praecipuo
776 725 912 760 natos
934 724 1119 760 exornat
1141 719 1336 770 amictu3

254 790 371 840 Quae
393 790 573 830 decorat,
593 787 825 829 mundum:
860 788 987 842 cujus
1011 788 1218 828 Romana
1239 791 1450 840 potestas

254 858 292 898 F
294 858 458 899 oetibus
480 862 688 909 augetur:
722 855 878 896 credas
901 869 958 896 ex
980 856 1143 896 aethere
1163 855 1336 908 lapsam

254 925 382 967 Stare
406 924 696 973 Pudicitiam,
719 924 790 964 vel
811 937 940 965 sacro
962 924 1087 965 thure
1106 928 1315 964 vocatam

1632 580 1718 621 190

1633 920 1719 961 195

252 1040 366 1072 Diana
379 1040 517 1069 deserens
531 1040 633 1078 sylvas
647 1048 753 1077 sset-as,
769 1042 796 1068 el
813 1039 951 1069 Maenala
972 1040 1107 1078 direpta,
1131 1039 1250 1077 sagitta
1259 1038 1408 1075 fatigata
1420 1036 1633 1068 venationibus
1653 1046 1719 1066 cer·

250 1083 314 1113 tis.-
335 1082 446 1120 Apollo
468 1084 596 1120 pnrtans
614 1081 722 1118 jacula
738 1081 836 1110 adhuc
864 1082 1019 1111 stillantia
1042 1083 1112 1111 tabe
1139 1080 1314 1118 mortifera,
1339 1080 1482 1116 Pollione
1507 1081 1624 1111 occiso:
1655 1083 1722 1110 tum

251 1125 360 1155 Delos
376 1124 476 1154 insula
486 1127 581 1161 grata
594 1124 727 1152 voli-itur
743 1123 783 1152 ad
794 1124 888 1161 pedes
902 1124 1042 1162 cognitos
1058 1123 1255 1159 Nominum,
1268 1126 1296 1153 et
1309 1124 1438 1161 AEgaeus
1451 1123 1558 1153 mitior
1571 1123 1721 1153 adulatur

249 1167 380 1197 alumnis
395 1166 475 1203 suis,
500 1176 536 1196 aa:
551 1165 711 1206 significat
728 1165 875 1195 laetitiam
899 1175 993 1196 suam
1011 1165 1103 1196 undis
1119 1164 1358 1196 blandientibus.
1405 1165 1458 1196 Ita
1474 1165 1580 1195 Proba
1595 1166 1721 1196 decorat

240 1209 330 1250 filios
344 1212 426 1239 veste
441 1208 617 1245 singulari.-
641 1207 756 1238 Proba
769 1218 835 1248 quae
851 1211 940 1238 ornat
956 1208 1058 1239 orbem
1068 1218 1078 1244 ;
1111 1208 1196 1246 cujus
1213 1208 1336 1239 Probae
1346 1207 1558 1246 foecunditate
1581 1208 1720 1248 potentia

252 1252 395 1283 Romana
420 1251 638 1293 amplificatur.
682 1251 781 1281 Putes
810 1250 1006 1282 Pudicitiam
1027 1261 1067 1282 ex
1093 1253 1164 1282 coelo
1180 1251 1344 1282 demissam
1359 1252 1476 1290 adesse,
1502 1252 1550 1282 vel
1564 1251 1721 1281 Junonem

869 1347 1105 1360 eeeeeeeeeeee

251 1415 358 1443 —186
385 1411 483 1450 ferox
500 1421 560 1452 pro
577 1411 666 1449 feros
691 1411 772 1443 Vat.
795 1413 975 1451 opt.—1S⁷
1012 1412 1107 1442 certis
1133 1413 1292 1443 venatibus
1310 1412 1433 1443 Petav.
1451 1421 1504 1452 pr.
1530 1410 1597 1442 duo
1621 1410 1719 1443 Med.

251 1462 322 1486 vet.
345 1455 432 1495 Gyr.
466 1454 649 1485 venantibus
674 1454 752 1485 Ald.
790 1455 918 1484 Cretam
936 1455 1117 1485 venantibus
1141 1455 1222 1485 Ald.
1249 1456 1347 1487 Junt.
1386 1456 1514 1486 Cretam
1533 1454 1587 1485 ed.
1605 1454 1719 1485 Vicet.

251 1501 373 1528 centnm
391 1499 434 1529 al.
476 1498 595 1528 cunctis
610 1497 795 1528 venantibus
823 1497 1022 1528 Pric.—l9l
1062 1498 1163 1528 lcetior
1191 1498 1314 1529 Petav.
1341 1508 1392 1537 pr.
1434 1498 1520 1528 luctu
1542 1497 1641 1528 Med.
1667 1506 1719 1537 pr.

241 1540 326 1581 fletu
341 1540 437 1571 Leid.
454 1551 505 1581 pr.
523 1551 542 1571 a
557 1550 600 1571 m.
619 1550 669 1580 pr.
687 1546 723 1571 et
740 1540 865 1570 Moret.
889 1539 975 1570 Cod.
998 1539 1079 1571 Jnn.
1107 1551 1125 1570 a
1153 1551 1196 1571 m.
1214 1543 1374 1582 pr.—192
1395 1540 1568 1581 proecipuos
1591 1540 1720 1572 Moret-

251 1587 380 1614 (πονηρέ
401 1583 476 1616 Pal.
500 1583 596 1615 Med.
619 1585 780 1624 piu—193
807 1583 852 1613 Et
883 1592 944 1623 pro
974 1583 1052 1618 Quae
1080 1584 1174 1615 Med.
1193 1587 1413 1625 quam—196
1435 1587 1575 1615 avertere
1590 1583 1720 1614 Moret-

914 1680 945 1711 N
953 1679 1056 1712 OTAE

253 1766 468 1807 Apollinem:
498 1765 624 1806 Apollo
655 1767 797 1797 insulam
834 1764 957 1797 fluctu-

252 1822 367 1848 antem
394 1822 498 1847 antea
521 1821 623 1858 atque
646 1819 655 1834 ‘
676 1818 854 1848 Errantem
880 1818 958 1858 My-

251 1877 335 1899 eone
351 1867 442 1898 celsa
457 1867 640 1908 Gyaroque
658 1868 818 1907 revinxit,
834 1868 958 1899 Immo-

251 1924 390 1960 tamque
421 1918 487 1949 coli
518 1918 628 1959 dedit,
668 1925 705 1950 et
735 1926 957 1951 contemnere

248 1968 393 2000 ventos!
429 1969 602 2008 Virgilius.

293 2021 355 2050 187
381 2019 535 2059 Maenaza]
580 2019 761 2058 Maenalus,
798 2019 957 2050 Arcadiae

249 2080 344 2102 mons
368 2075 433 2109 est,
456 2070 583 2101 Dianae
606 2080 717 2110 sacer,
738 2070 876 2112 ejusque
903 2081 957 2102 ve-

249 2119 444 2151 nationibus
462 2125 575 2151 notus.

292 2170 421 2201 Lassata
451 2169 547 2199 certis
582 2170 743 2200 venatibus
778 2171 868 2211 arcu]
913 2172 956 2202 Id

251 2224 318 2260 est,
344 2229 427 2250 arcu
444 2223 554 2257 cerm,
576 2219 633 2259 qui
650 2229 785 2260 semper
809 2221 958 2260 praedam

253 2276 348 2302 certo
361 2269 454 2308 ferit,
470 2268 618 2309 fatigato
636 2270 670 2300 in
687 2271 879 2301 venatibus.

294 2325 357 2353 189
381 2320 542 2361 Pythone]
588 2321 677 2352 Vide
709 2322 821 2353 Carm.
847 2331 888 2353 11.
924 2323 958 2353 in

252 2371 333 2404 Rus.

294 2426 357 2455 190
386 2421 527 2462 Lambit]
581 2421 710 2462 Insula,
740 2423 836 2453 velut
864 2423 959 2454 canis

250 2473 444 2513 blandiens,
481 2472 604 2504 lambit
636 2473 743 2515 pedes
773 2473 958 2505 Numinnm

250 2524 477 2556 redeuntium.

292 2576 426 2617 AEgeus]
472 2577 656 2617 Neptunus
670 2576 821 2616 AEgaeus,
836 2576 890 2618 qui
908 2576 956 2608 sic

252 2628 448 2668 appellatur
474 2638 491 2657 a
517 2627 659 2667 Virgilio
684 2631 720 2657 et
750 2627 836 2666 aliis,
866 2627 955 2668 quod

251 2677 348 2718 AEgae
374 2677 535 2709 Euboicae
566 2678 634 2708 sint
660 2677 752 2716 urbs,
789 2677 847 2708 ubi
871 2682 957 2708 tem-

252 2728 346 2768 plum
370 2732 425 2759 est
452 2729 633 2769 Neptuni3
662 2728 720 2759 vel
743 2727 878 2768 AEgaeus
908 2728 957 2758 di-

255 2778 346 2809 citur
368 2787 388 2809 ο
412 2779 553 2820 scopulo
579 2788 688 2820 prope
713 2779 891 2810 Tenedum
907 2779 956 2810 in-

1013 1768 1134 1807 sulam,
1164 1778 1240 1809 qnoe
1271 1769 1408 1808 Caprae,
1438 1766 1539 1807 αἰγὸς,
1569 1766 1719 1807 speciem

1013 1817 1131 1850 refert.
1178 1818 1246 1849 Alii
1273 1819 1355 1849 alias
1381 1817 1532 1850 afferunt
1557 1817 1720 1859 etymolo-

1013 1869 1096 1909 gias,
1113 1869 1154 1900 de
1167 1869 1290 1910 quibus
1307 1878 1367 1900 nos
1383 1868 1478 1900 alibi.

1055 1919 1214 1958 Alanmis]
1259 1920 1384 1950 Dianae
1410 1923 1445 1950 et
1472 1918 1639 1959 Apollini,
1663 1916 1721 1959 qni

1013 1969 1085 2000 nati
1102 1975 1138 2001 et
1161 1970 1301 2001 educati
1323 1970 1357 2000 in
1381 1970 1470 2001 Delo
1493 1969 1605 2000 insula
1619 1968 1721 2000 maris
1741 1983 1753 1991 -›

1012 2021 1134 2061 AIEgOEI.

1057 2074 1118 2102 192
1143 2072 1262 2112 Proba]
1309 2072 1396 2103 Haec
1405 2074 1514 2103 mater
1528 2069 1671 2103 Probini
1687 2074 1723 2101 et

1013 2121 1160 2163 Olybrii,
1192 2122 1387 2162 nobilitate,
1420 2121 1591 2161 doctrina,
1615 2125 1722 2163 atque

1012 2173 1174 2203 castitate
1191 2172 1257 2204 fuit
1279 2172 1436 2212 insignis,
1458 2175 1498 2202 ut
1513 2171 1623 2202 altera
1639 2171 1721 2203 Cor-

1012 2221 1113 2251 nelia.

1055 2271 1222 2311 Praecipuo
1237 2271 1368 2312 amictu]
1406 2272 1514 2302 Veste
1530 2271 1723 2314 Consulari,

1013 2332 1087 2363 qnae
1104 2322 1284 2362 singularis
1301 2327 1336 2353 et
1354 2323 1531 2364 praecipua
1546 2327 1632 2356 erat.

1058 2376 1118 2404 193
1148 2373 1304 2413 Decorat]
1350 2374 1466 2405 Proba
1496 2374 1594 2406 dedit
1631 2384 1721 2407 nova

1012 2424 1138 2454 mundo
1164 2429 1378 2465 ornamenta,
1401 2425 1480 2456 dum
1503 2425 1642 2467 peperit
1663 2435 1720 2468 ge-

1012 2475 1120 2506 minos
1136 2476 1310 2515 Consules,
1326 2485 1453 2517 eosque
1468 2475 1630 2506 illustres.

1053 2525 1197 2556 Romana
1216 2526 1369 2566 potestas]
1413 2526 1629 2557 Consulatus.

1054 2578 1117 2606 194
1125 2575 1288 2615 Augetur]
1299 2575 1555 2616 Amplificatur,
1566 2579 1716 2608 ornatur.

1056 2629 1115 2658 195
1150 2626 1244 2658 Stare
1290 2627 1501 2668 Pudicitiam]
1563 2626 1717 2659 Adstare

1010 2683 1232 2718 praesentem,
1254 2683 1287 2709 et
1313 2687 1355 2709 ex
1371 2678 1457 2710 coelo
1473 2677 1692 2710 descendisse
1705 2689 1716 2710 ε

1011 2729 1134 2760 coelum
1150 2728 1239 2760 enim
1256 2729 1417 2771 petierat,
1431 2728 1627 2762 abominata
1649 2739 1716 2762 σιε-

1011 2778 1085 2819 des,
1102 2783 1232 2821 raptus,
1246 2780 1312 2811 ἃς.
