1852 3193
227 209 311 252 398
693 220 767 250 cr..
799 214 1080 250 GLAUmANl
1116 216 1197 245 xv.

229 315 524 356 Cnnctamur'?
557 314 706 355 decuit
727 311 894 365 pridem
915 309 1132 362 complere
1151 309 1356 359 biremes,

228 382 284 425 Et
304 383 453 436 pelagi
475 393 680 435 superare
701 380 856 419 minas.
916 377 1227 417 Transmittere
1248 378 1416 430 primus
1606 375 1691 423 370

229 450 338 503 Ipse
361 463 484 503 paro.
547 447 850 499 Quaecumque
870 458 968 485 meo
991 458 1095 496 gens
1115 445 1305 486 barbara
1323 448 1434 484 nutu

230 516 476 569 Stringitur,
509 514 729 556 adveniat.
792 512 1032 554 Germania
1053 515 1211 552 cuncta
1230 511 1405 552 feratur·

232 583 457 632 Navibus,
473 587 516 624 et
538 583 663 623 socia
685 582 948 623 comitentur
969 581 1110 621 classe
1130 579 1378 633 Sygambri.

233 650 411 691 Pallida
428 650 684 690 translatum
697 649 793 702 jam
815 649 975 689 sentiat
996 647 1151 688 Africa
1173 647 1392 687 Rhenum.

232 717 305 758 An
325 719 470 771 patiar
491 721 556 758 tot
576 718 735 771 probra
755 717 939 757 sedens:
967 716 1234 770 juvenisque
1255 715 1512 767 relinquam,
1612 711 1698 754 375

234 785 350 835 Quae
375 786 494 826 tenui
516 785 699 838 rexique
722 785 862 837 puer?
894 785 964 824 bis
985 788 1134 824 noster
1156 782 1213 823 ad
1232 781 1375 835 Alpes

234 852 429 894 Alterius
451 852 622 906 genitor
643 851 876 892 defensum
897 864 1028 904 regna
1049 851 1254 892 cucurrit.

235 984 424 1015 Jamcludum
453 981 589 1021 oportuit
614 982 735 1021 replere
761 990 864 1018 naves,
893 983 922 1010 et
946 980 1066 1011 vincere
1081 980 1146 1010 iras
1168 979 1273 1009 maris.
1319 979 1390 1018 Ego
1404 980 1469 1019 ipse
1485 978 1572 1019 prior
1586 986 1701 1018 apparo

235 1026 377 1064 trajicere
402 1025 486 1054 illud
510 1033 613 1053 mare.
659 1023 814 1053 Nationes
829 1022 980 1061 burburoe„
996 1032 1193 1061 quaecumque
1208 1021 1388 1051 cohibentur
1402 1022 1532 1061 imperio
1549 1031 1627 1058 meo,
1652 1029 1703 1050 ac-

234 1070 382 1098 currant.-
409 1066 581 1097 Germania
606 1068 673 1094 tota
698 1067 840 1104 portetur
866 1064 1006 1102 nai-ibus,
1045 1068 1074 1094 et
1102 1063 1258 1093 Sicambri
1288 1063 1444 1102 stipentur
1474 1073 1527 1093 nie
1554 1061 1703 1094 classibus

235 1108 456 1140 auxiliaribus.
501 1108 577 1138 Jam
600 1107 712 1143 Africa
742 1107 855 1136 timens
880 1106 1061 1146 experiatur
1077 1106 1219 1136 Rhenum
1247 1115 1321 1136 esse
1345 1105 1561 1136 transmissum
1584 1109 1704 1135 contra

235 1162 278 1184 se.
323 1151 374 1182 An
391 1160 454 1190 ego
471 1151 586 1180 otiosus
601 1149 737 1180 tolerabo
754 1152 799 1179 tot
816 1148 988 1188 opprobia?
1032 1151 1085 1179 An
1105 1149 1231 1186 juvenis
1247 1150 1385 1179 deseram
1403 1157 1455 1185 ea,
1471 1157 1538 1187 quoe
1554 1156 1610 1186 ego
1627 1155 1704 1187 puer

233 1195 356 1234 possedi
383 1197 412 1225 et
425 1190 622 1233 gubernavi?
644 1196 749 1223 noster
760 1201 874 1232 parens
897 1191 943 1222 bis
965 1193 1147 1233 properarit
1172 1192 1212 1222 ad
1231 1192 1327 1232 Alpes
1353 1194 1511 1222 tutaturus
1535 1189 1707 1230 Imperium

861 1307 1097 1319 eeeeeeeeeeee

239 1375 352 1406 morati
377 1375 506 1408 Moret.
537 1386 590 1416 pr.
613 1375 734 1407 remissi
761 1375 966 1415 conjiciebat
988 1374 1217 1405 Heins.—369
1241 1374 1397 1405 Conamur
1426 1373 1480 1404 vel
1520 1373 1709 1403 Cum-tamar

241 1418 334 1449 Prie.
361 1420 511 1458 quondam
525 1419 673 1459 complere
687 1419 874 1450 Pan—370
898 1428 999 1448 moras
1014 1418 1094 1449 Vat.
1110 1427 1160 1458 pr.
1186 1418 1285 1448 Fam.
1304 1417 1410 1448 Oisel.
1428 1416 1530 1447 minas
1546 1414 1641 1446 Leid.
1656 1424 1708 1455 pr.

241 1470 318 1491 cnm
337 1462 596 1502 quatuordecim
619 1462 705 1501 aliis,
734 1462 816 1492 item
833 1461 916 1492 Var.
934 1461 1000 1491 LL.
1028 1460 1082 1491 ed.
1109 1459 1215 1491 Antv.
1239 1460 1340 1490 minas
1356 1460 1406 1489 vel
1422 1468 1524 1489 moras
1533 1458 1613 1488 Vat.
1629 1461 1709 1488 tert.

242 1503 392 1535 Florem.
419 1504 498 1535 Pnt.
525 1504 591 1535 dno
620 1504 731 1535 Oxon.
755 1504 968 1534 transmittere
992 1507 1122 1542 pontum
1146 1504 1229 1534 Exc.
1254 1502 1351 1533 Laeti.
1377 1501 1589 1532 transmittere
1617 1499 1710 1540 pinus

241 1545 358 1578 Ambr.
389 1557 440 1587 pr.
466 1547 559 1578 Med.
591 1557 659 1578 sec.
682 1548 779 1578 Voss.
812 1547 934 1587 primus
963 1546 1015 1575 vel
1051 1546 1142 1585 pinus
1165 1547 1318 1576 Florem.
1342 1545 1462 1576 Petav.
1479 1553 1530 1584 pr.
1548 1542 1709 1574 Heinsius

242 1589 352 1628 primo
379 1589 587 1629 conjiciebat
614 1590 702 1630 pinu,
736 1590 794 1620 sed
823 1594 945 1629 postea
973 1587 1010 1617 τὸ
1039 1589 1162 1628 primus
1189 1599 1250 1628 pro
1282 1597 1363 1618 vera
1387 1587 1536 1618 lectione
1560 1585 1712 1626 agnovit,

243 1632 393 1671 ascripto
409 1632 484 1662 loco
497 1632 697 1663 Tertulliani
715 1642 749 1672 p.
774 1635 846 1662 172.
876 1632 960 1662 Not.
978 1631 1107 1669 Rigalt.
1139 1631 1198 1661 ubi
1225 1640 1268 1661 ex
1284 1631 1394 1660 veteri
1425 1629 1511 1661 Cod.
1530 1627 1710 1668 legendum

243 1674 611 1713 ‘nautat1·ansmittit,‘
636 1684 711 1714 quae
739 1674 809 1703 illic
836 1683 878 1703 ex
908 1674 981 1712 ejus
1010 1674 1183 1703 sententia
1199 1682 1280 1703 vera
1308 1678 1360 1702 est
1386 1672 1502 1702 lectio.
1521 1671 1642 1710 primus
1659 1670 1713 1700 vel

245 1717 352 1747 Divus
368 1717 447 1747 Vat.
476 1719 661 1747 tem—371
698 1726 885 1756 quacwnque
911 1716 995 1746 Exc.
1020 1715 1118 1745 Laeti.
1149 1714 1226 1745 Ald.
1265 1724 1451 1754 quocumque
1471 1714 1522 1744 ed.
1539 1713 1653 1743 vicet.
1677 1716 1714 1743 et

245 1759 362 1790 Parin.
395 1769 581 1799 quacumque
598 1759 651 1789 vel
675 1769 870 1799 quaecumque
888 1758 969 1788 Lov.
1003 1758 1089 1787 rultu
1107 1758 1317 1787 Fam—372
1351 1756 1493 1787 adveniet
1510 1757 1595 1786 Exc.
1615 1755 1714 1786 Laeti.

245 1802 410 1832 adveniens
439 1802 521 1832 Lov.
549 1811 591 1832 m.
614 1811 666 1841 pr.
699 1801 870 1831 Germania
890 1803 1000 1830 cuncta
1018 1800 1128 1830 Oisel.
1148 1800 1225 1830 Pat.
1241 1800 1335 1829 Med.
1354 1804 1465 1839 quart.
1499 1802 1565 1828 tota
1581 1803 1715 1838 septem

246 1844 312 1875 alii.
335 1847 444 1874 cuncta
472 1844 525 1873 vel
553 1847 621 1874 tota
637 1844 715 1874 Vat.
746 1852 796 1881 pr.
823 1842 1067 1872 Florentxat.
1092 1842 1203 1872 Livin.
1221 1846 1291 1872 vet.
1315 1841 1508 1881 Gya—373
1535 1841 1612 1871 socii
1630 1841 1715 1880 Reg.

245 1886 385 1917 Thalos.
409 1886 597 1916 comitantur
624 1887 707 1925 Reg.
723 1886 806 1915 Var.
833 1885 903 1915 LL.
927 1884 979 1915 ed.
1010 1884 1116 1914 Antv.
1145 1894 1220 1914 nat-e
1238 1884 1291 1914 vel
1315 1885 1408 1914 classe
1427 1884 1506 1914 Pat.
1531 1882 1716 1924 Sychambri

246 1929 325 1959 Vat.
353 1938 403 1968 pr.
428 1928 592 1968 Sycaznbri
615 1929 699 1968 Reg.
724 1927 880 1958 Sicambri
898 1927 1005 1957 Gesn.
1030 1931 1065 1957 et
1092 1926 1145 1957 ed.
1168 1927 1417 1967 Emona—374
1441 1936 1558 1956 remum
1576 1926 1717 1957 Lov.m.

246 1981 300 2011 pr.
326 1971 469 2001 Rhenum
496 1973 549 2002 vel
575 1981 693 2001 remum
709 1971 788 2001 Vnt.
807 1973 994 2000 tera—375
1019 1970 1122 2009 patior
1147 1970 1246 2000 Fam.
1278 1969 1343 1999 duo
1370 1969 1465 2000 Med.
1485 1969 1564 2000 Put.
1582 1969 1717 1999 Bonon-

247 2015 329 2044 Lov.
354 2014 479 2044 Moret.
503 2023 572 2044 sec.
599 2014 722 2044 Petav.
751 2017 830 2043 tert.
856 2013 921 2043 inc.
950 2012 1071 2042 Heius.
1088 2012 1141 2043 ed.
1160 2012 1272 2042 vicet.
1302 2013 1493 2052 tumprobra
1510 2012 1602 2042 Rott.
1618 2010 1716 2042 Med.

248 2066 317 2087 sec.
342 2066 436 2087 senex
461 2066 523 2096 pro
546 2058 653 2087 sedens
682 2058 760 2087 Pat.
786 2066 831 2086 m.
856 2058 1016 2095 piu—376
1042 2056 1131 2090 Quod
1156 2055 1240 2085 tenui
1259 2055 1340 2092 Reg.
1364 2055 1493 2094 rexique
1509 2055 1589 2084 Vat.
1606 2053 1718 2085 Livin.

248 2098 375 2138 texique
403 2099 535 2129 Bonon.
563 2104 633 2130 vet.
663 2099 748 2139 Gyr.
782 2099 911 2138 texique
941 2098 1018 2128 And.
1043 2108 1114 2128 nam
1131 2099 1183 2127 vel
1206 2097 1252 2127 bis
1271 2098 1458 2129 Pan—377
1480 2097 1624 2128 Alterius
1639 2097 1718 2127 vat.

250 2151 300 2181 pr.
319 2141 410 2172 Prie.
427 2141 548 2171 Ambr.
562 2147 642 2172 tert.
662 2142 785 2178 Isinar.
825 2141 967 2171 Ulterius
991 2140 1087 2171 Leid.
1109 2150 1159 2180 pr.
1192 2145 1227 2171 et
1256 2140 1448 2171 octodecim
1466 2140 1535 2180 alii,
1555 2138 1634 2170 Ald.
1665 2138 1718 2169 ed.

251 2183 366 2214 Parni.
385 2184 467 2214 Exc.
481 2183 565 2214 Cod.
590 2184 708 2214 Rheni.
726 2184 807 2214 item
821 2184 901 2214 Var.
918 2184 986 2215 LL.
1000 2182 1054 2214 ed.
1069 2182 1176 2215 Antv.
1206 2183 1348 2215 Ulterius
1364 2184 1418 2214 vel
1440 2182 1582 2214 Alterius
1594 2182 1718 2213 Petav.

921 2291 1061 2322 NOTAE

297 2380 360 2409 372
383 2376 580 2417 Stringitur]
605 2376 774 2408 Nationes
793 2387 866 2418 quse
884 2386 959 2407 ineo
1058 2379 1121 2408 376
1143 2378 1255 2419 Alpes]
1300 2378 1430 2409 Contra
1460 2376 1663 2417 Eugenium,
1686 2379 1722 2406 et

254 2429 395 2468 imperio
409 2428 450 2458 ad
466 2432 583 2458 nutum
599 2437 710 2458 meum
724 2426 959 2467 constringun-
1016 2427 1233 2468 Arbogasten
1248 2440 1256 2466 ;
1297 2434 1485 2469 contraque
1521 2426 1722 2465 Maximum,

256 2483 325 2517 tur,
349 2479 552 2509 retinentur.
1017 2477 1060 2508 de
1073 2477 1193 2518 quibus
1209 2477 1361 2508 omnibus
1377 2486 1490 2516 supra.

298 2531 360 2560 373
377 2528 563 2569 Sygambri]
573 2529 636 2559 Vel
653 2527 830 2569 Sycambri,
844 2527 962 2568 populi
1060 2531 1122 2558 377
1145 2527 1300 2566 Alterius]
1346 2525 1579 2556 Valentiniani
1609 2525 1723 2566 Impe-

258 2579 366 2611 Rheni
381 2580 522 2619 accolae,
540 2580 581 2610 de
598 2579 648 2609 liis
662 2588 775 2618 supra.
1019 2578 1160 2615 ratoris;
1186 2578 1297 2617 cujus,
1316 2582 1395 2617 post
1408 2576 1724 2616 Gratiani-caedem,

301 2632 365 2661 374
389 2629 547 2669 Rhenum]
592 2628 712 2660 Africa
728 2628 855 2659 sentiat
876 2628 963 2658 Rhe·
1018 2627 1247 2668 imperinniut
1271 2626 1400 2666 proprii
1429 2626 1490 2657 filii
1515 2630 1645 2657 tutatus
1669 2629 1726 2657 est

260 2689 351 2717 nuni,
376 2679 409 2709 id
437 2684 492 2710 est
523 2680 696 2710 universas
727 2683 858 2719 gentes,
885 2688 963 2719 quae
1020 2682 1117 2717 grato
1132 2677 1242 2708 animo
1260 2677 1341 2709 Dux
1356 2676 1558 2718 conspicuus
1569 2675 1724 2708 Theodo-

262 2730 417 2761 Rhenum
433 2731 604 2772 accolunt,
631 2740 774 2772 quaeque
791 2729 873 2761 mihi
890 2729 966 2760 sub·
1020 2729 1099 2759 sius.

261 2780 343 2812 ditae
359 2786 450 2813 sunt.
