1852 3193
257 200 342 242 126
735 212 809 242 CL.
843 210 1124 242 cLAumAM
1161 209 1236 240 111.

256 307 496 361 IncipieuS‚
520 308 682 360 prImos
704 308 921 361 pecudum
940 307 1196 359 depascitur
1217 310 1362 357 artus3

257 374 371 415 Mox
394 377 584 428 populos
604 377 818 428 urbesque
840 376 967 428 rapit,
990 374 1223 426 ventisque
1242 374 1440 427 perustis

256 442 504 495 Corruptos
528 444 724 496 Stygiam
747 447 913 494 pestem
937 441 1126 481 desudat
1143 441 1187 480 in
1209 455 1358 482 amnes
1377 455 1387 482 :

255 510 330 550 Sic
354 511 510 550 avidus
532 510 682 563 prendo
699 510 794 562 jam
813 523 900 549 non
922 521 1003 561 per
1024 508 1200 560 singula
1222 509 1370 558 saevit,

255 577 343 617 Sed
366 580 554 630 sceptris
576 579 733 617 inferre
754 577 910 625 minas,
933 576 1136 628 omnique
1159 579 1358 628 peremto

256 643 418 694 Milite,
442 645 667 686 Romanas
690 645 814 685 ardet
835 649 1120 697 prosternere
1143 643 1272 683 vires.

252 710 355 752 Jam
379 718 529 764 gentes
554 713 841 765 Histrumque
861 716 1027 760 movet,
1058 710 1379 764 Scythiamque
1403 713 1603 764 receptat

1630 509 1717 550 305

252 862 381 902 corripit
407 863 506 902 primo
530 863 663 893 membra
687 863 879 899 animalium,
903 866 933 893 et
956 867 1024 903 post
1041 864 1148 894 statim
1175 863 1294 893 invadit
1320 863 1457 893 homines
1483 865 1513 893 et
1536 863 1661 903 oppida,
1685 866 1716 894 et

251 906 430 935 ardentibus
444 906 552 940 ventis.
570 906 662 936 velut
678 908 813 936 sudando
828 905 987 936 diffundit
1001 906 1211 945 pestilentium
1225 905 1378 943 infernam
1394 906 1425 935 in
1433 905 1552 946 fluvios
1564 905 1716 944 infectos.-

251 948 298 977 ita
313 948 423 978 ardeus
437 948 516 978 latro
533 947 672 978 Rufinus
681 949 764 985 furit
782 958 860 979 nnnc
875 949 956 978 haud
973 949 1005 979 in
1024 949 1165 989 privatas
1183 958 1250 987 res,
1268 952 1299 978 ut
1307 949 1432 989 flagrat
1445 949 1600 979 intentare
1615 948 1715 978 minas

251 990 402 1029 imperiis,
423 993 452 1020 et
469 990 618 1020 militibus
632 991 748 1020 cunctis
762 991 879 1028 occisis,
902 992 1057 1021 destruere
1070 991 1243 1030 potentiam
1262 992 1441 1021 Romanam.
1485 992 1562 1021 Jam
1582 991 1717 1021 eoncitat

250 1035 384 1071 exteros,
400 1035 428 1062 et
441 1034 572 1062 accolas
593 1032 743 1071 Danubii,
767 1036 795 1063 et
812 1034 924 1072 recipit
937 1033 1100 1073 Scythium
1124 1034 1156 1063 in
1170 1034 1363 1073 pra-sidium,
1379 1037 1409 1064 et
1425 1035 1553 1073 exponit
1569 1032 1718 1074 reliquias

866 1129 884 1139 ve
890 1127 1104 1139 eeeeeeeeee

251 1191 370 1223 Ambr.
387 1195 564 1223 seo—302
591 1193 761 1234 Impatiens
789 1193 884 1223 Loid.
912 1193 1012 1233 primo
1038 1192 1133 1223 Med.
1158 1203 1206 1232 pr.
1230 1193 1305 1223 Pal.
1333 1203 1418 1223 nnus
1446 1193 1568 1223 Heius.
1595 1192 1716 1233 reliqui

250 1245 364 1265 omnes
380 1235 614 1276 primos.—303
636 1238 820 1276 populosque
838 1237 932 1266 Rott.
950 1236 1092 1276 urbisque
1118 1236 1199 1267 Exc.
1227 1237 1372 1266 Lucens.
1399 1235 1557 1276 ventisque
1582 1235 1717 1275 perustis

252 1278 335 1308 Exc.
352 1278 496 1308 Lucens.
524 1288 575 1318 pr.
605 1279 805 1318 membrisque
832 1279 885 1309 ed.
909 1279 1021 1309 Vicet.
1049 1283 1081 1308 et
1107 1279 1217 1310 Colin.
1253 1280 1410 1319 ventisque
1438 1278 1490 1309 vel
1515 1277 1715 1317 membrisque

251 1320 333 1349 Exn.
352 1320 428 1350 Par.
444 1330 512 1351 rec.
544 1321 686 1361 venisque
703 1322 786 1352 Exc.
803 1321 900 1358 Laeti,
928 1320 1016 1361 quod
1043 1321 1205 1351 Heinsius
1227 1321 1437 1362 probar,q=1i
1455 1321 1489 1350 in
1507 1321 1588 1352 edit.
1606 1319 1717 1359 Lugd.

251 1362 382 1402 Gry.ph
402 1365 497 1393 1548
515 1364 733 1403 ascripserat,
756 1364 824 1404 leg.
848 1364 1011 1403 venisque:
1035 1373 1082 1394 sc.
1108 1362 1298 1394 fluviorum.
1302 1367 1408 1394 -304
1431 1364 1561 1394 dcmtdat
1581 1363 1716 1394 Tholos.

249 1405 381 1436 Bonon.
407 1406 535 1435 Monet.
561 1415 630 1436 sec.
651 1405 768 1436 Αηὼι.
795 1412 876 1437 tert.
893 1406 971 1436 V.at
990 1415 1040 1445 pr.
1058 1407 1144 1436 Exc.
1164 1407 1262 1446 Laeti,
1286 1406 1317 1435 in
1335 1406 1456 1447 quibus
1473 1406 1577 1436 etiam
1594 1409 1648 1436 est
1664 1406 1716 1436 de-

240 1446 370 1484 fundet.
407 1448 532 1478 insudat
559 1449 602 1478 al.
629 1448 761 1489 diffudit
789 1450 889 1479 Faimn
922 1448 1065 1485 defundit
1098 1449 1217 1480 Petav.
1245 1453 1324 1479 ter.t
1359 1448 1511 1488 diffundit
1535 1449 1616 1479 V.at
1645 1457 1715 1479 sec.

251 1489 603 1521 Pnic.R0tt.Oi.<e1
631 1491 709 1522 Pat.
735 1491 802 1521 duo
829 1491 946 1522 Ambr.
975 1491 1068 1522 Med.
1097 1501 1163 1522 sec.
1190 1493 1316 1522 Mazar.
1345 1491 1440 1521 Leid.
1459 1501 1508 1530 pr.
1526 1491 1612 1522 Exc.
1629 1490 1713 1521 eod.

250 1532 369 1562 Rhem.
393 1532 472 1563 Ald.
487 1533 541 1563 ed.
558 1533 670 1564 Vicet.
690 1534 799 1565 Colin.
824 1544 928 1571 marg.
944 1534 1067 1574 Isingr.
1101 1535 1229 1564 desudat
1246 1535 1299 1564 vel
1323 1533 1475 1573 diffundit
1491 1533 1574 1564 Put.
1591 1533 1715 1564 Petav.

249 1584 301 1615 pr.
317 1575 413 1605 Med.
440 1585 508 1606 sec.
544 1577 673 1606 desudat
698 1577 750 1606 vel
775 1576 903 1617 diffudit
931 1578 1013 1607 Lov.
1051 1587 1158 1615 annes,
1187 1581 1243 1607 aut
1269 1587 1363 1608 annos
1384 1577 1459 1607 cod.
1486 1576 1604 1606 Barth.
1609 1577 1714 1606 —305

247 1618 355 1656 praeda
372 1617 452 1649 Vat.
469 1627 539 1648 see.
569 1619 799 1657 yamjamxm.
816 1623 925 1659 quart.
950 1620 1074 1650 Petav.
1091 1629 1143 1659 pr.
1163 1630 1240 1650 am.
1258 1630 1309 1660 pr.
1345 1629 1404 1649 non
1418 1619 1488 1657 J'am
1516 1618 1632 1649 Oxon.
1661 1626 1714 1657 pr.

241 1659 312 1698 jum
336 1670 415 1690 nunc
439 1661 540 1690 Farn.
570 1662 664 1692 Med.
691 1666 800 1701 quart.
826 1662 911 1692 Exc.
938 1662 1079 1693 Gevart.
1108 1662 1202 1693 leid.
1240 1672 1320 1692 nunc
1340 1672 1395 1702 per
1410 1661 1613 1691 saeculazivz't
1631 1660 1715 1691 Lov.

248 1702 374 1741 singula
392 1703 444 1733 vel
460 1704 571 1733 soecula
587 1704 673 1743 Reg.
692 1705 806 1735 Oxon.
823 1714 863 1743 pr
867 1707 983 1735 .-306
1009 1704 1106 1744 ceptis
1123 1705 1218 1735 Leid.
1236 1715 1302 1734 see.
1347 1705 1389 1734 Et
1406 1705 1504 1734 Fam.
1521 1704 1644 1734 Petav.
1662 1712 1715 1742 pr.

250 1754 269 1774 a
286 1754 330 1774 m.
348 1748 506 1784 pr.—30?
530 1747 618 1776 ardtt
636 1747 701 1777 duo
717 1748 796 1777 Vat.
818 1748 949 1778 Bonon.
965 1747 1096 1777 rholos.
1114 1747 1194 1778 Pat.
1218 1752 1287 1777 tres
1306 1746 1421 1777 Ainbr.
1442 1747 1525 1785 Reg.
1545 1746 1627 1776 Put.
1643 1750 1714 1776 tres

248 1786 370 1817 Petav.
389 1788 453 1818 duo
471 1788 751 1829 Heins.q11an10r
777 1790 872 1820 Med.
903 1790 1028 1820 Mazar.
1050 1790 1136 1820 Exc.
1160 1790 1238 1821 Pat.
1270 1800 1340 1821 rec.
1362 1795 1397 1819 et
1424 1790 1563 1825 Gevart.
1589 1787 1714 1819 Sched.

249 1829 340 1860 Gud.
356 1829 409 1860 ed.
426 1831 540 1861 Vicet.
576 1834 668 1861 audet
684 1831 750 1862 duo
764 1831 842 1862 Vat
860 1833 955 1862 Rott.
972 1833 1122 1862 Florent.
1138 1832 1220 1862 Med
1238 1842 1304 1862 sec.
1324 1832 1406 1863 Exc.
1423 1832 1521 1862 Laeti.
1557 1832 1646 1861 ardet
1659 1830 1714 1861 vel

248 1873 341 1902 audet
357 1872 440 1903 Put.
455 1874 536 1905 Lov.
554 1874 653 1904 ambo
667 1875 794 1905 Moret.
826 1875 1003 1912 zegesExc.
1020 1875 1098 1905 Par.
1117 1884 1182 1905 rec.
1186 1878 1291 1905 —308
1319 1875 1402 1905 Nam
1418 1874 1485 1904 duo
1502 1874 1582 1904 Vat.
1599 1873 1713 1904 Oxon.

249 1923 334 1945 (11.5.
372 1916 503 1956 Jamque
522 1915 620 1946 Getos
643 1922 711 1947 vet.
741 1917 824 1957 Cyn
850 1918 929 1948 Vat.
947 1927 998 1957 pr.
1026 1927 1103 1948 arn.
1120 1927 1188 1948 sec.
1206 1918 1290 1947 Exc.
1309 1917 1455 1948 Lucens.
1471 1926 1539 1948 sec.
1559 1916 1652 1947 Prie.
1677 1919 1714 1946 et

249 1956 331 1988 Exc.
360 1957 460 1995 Laeti,
494 1962 595 1989 monet
622 1959 720 1990 Leid.
748 1969 801 1999 pi.
830 1960 914 1991 Exc.
946 1960 1092 1991 Lucens.
1124 1970 1174 2000 pr.
1213 1960 1412 2000 Tiaciamque
1439 1959 1540 1990 Farn.
1576 1960 1713 1998 receptat

906 2077 1050 2109 NOTAE

248 2158 369 2199 posita,
414 2163 603 2201 tenensque
640 2162 788 2193 omnium
825 2162 952 2193 animos
1050 2165 1113 2193 304
1128 2162 1252 2192 Pestem
1266 2161 1428 2202 Stygium]
1442 2161 1551 2191 Tanta
1564 2163 1615 2190 est
1628 2163 1712 2191 tam-

248 2207 409 2238 sublimes
434 2212 535 2249 atque
563 2214 708 2250 erectos,
733 2211 828 2251 quasi
852 2212 951 2241 avide

247 2262 472 2298 expectantes
488 2264 648 2290 eventum
665 2262 871 2292 certaminis,

290 2308 352 2339 Sed
368 2309 502 2339 moribus
515 2309 631 2350 impar]
655 2310 777 2349 Pugna
802 2309 868 2340 fuit
884 2310 949 2341 dis-

247 2357 375 2396 similis,
398 2358 545 2389 moribus
569 2359 803 2400 inaequalibus,
829 2370 886 2390 seu
902 2360 950 2390 in-

249 2408 444 2448 aequalitate
476 2409 640 2440 virtutum
674 2409 879 2449 Stilichonis,
912 2419 950 2441 ac

247 2458 404 2489 vitiorum
423 2458 548 2489 Rufini.

289 2512 352 2540 302
378 2510 501 2540 Primos
524 2512 676 2550 pecudum
701 2510 878 2550 depascitur
901 2519 950 2540 ar-

247 2560 311 2600 tus]
334 2561 475 2597 Forsan,
497 2561 576 2601 quia
592 2561 742 2600 pecudes
758 2560 799 2590 ad
818 2565 949 2600 pastum

247 2610 395 2650 abjectae
414 2611 513 2641 ‹·itius
527 2611 720 2651 pernicioso
734 2616 832 2641 terrae
844 2611 950 2641 halitu

247 2660 414 2692 afflantur.

289 2715 351 2743 303
381 2713 489 2743 Ventis
513 2712 664 2753 perustis]
700 2712 834 2744 Austris
851 2713 948 2744 nimis

247 2763 479 2804 aestuantibus,
499 2768 534 2794 et
550 2762 628 2794 ideo
644 2761 800 2794 letiferis.

1006 2222 1069 2253 que
1100 2212 1211 2242 letalis
1243 2211 1301 2241 illa
1344 2211 1553 2250 pestilentia,
1589 2214 1627 2241 ut
1668 2220 1712 2241 ex

1005 2262 1112 2301 Styge
1125 2260 1228 2291 fluvio
1242 2260 1434 2291 Inferorum
1447 2264 1521 2290 orta
1532 2269 1604 2291 esse
1617 2259 1713 2290 credi

1005 2311 1131 2350 possit:
1157 2309 1243 2348 στὺξ,
1272 2309 1332 2340 ἀπὸ
1357 2310 1412 2340 τοῦ
1437 2310 1576 2350 στυγεῖν,
1602 2309 1714 2350 odisse,

1006 2360 1102 2401 quasi
1119 2361 1162 2391 sit
1176 2359 1297 2391 fluvius
1313 2360 1394 2390 odii.

1047 2413 1109 2441 308
1135 2409 1267 2449 Gentes]
1292 2409 1565 2448 Exteras,sacris
1589 2409 1710 2440 Roma-

1005 2461 1055 2491 nis
1084 2470 1150 2491 non
1181 2460 1351 2490 initiatas:
1390 2460 1451 2489 hoc
1480 2463 1593 2489 autem
1624 2458 1710 2489 dicit

1006 2511 1128 2549 Poeta,
1142 2510 1230 2550 quod
1253 2509 1482 2548 Rhadagaisus
1495 2518 1570 2538 eum
1586 2508 1710 2538 ducen-

1005 2562 1046 2592 tis
1063 2562 1264 2602 Scytharum
1286 2565 1318 2589 et
1345 2558 1535 2590 Gothorum
1561 2557 1708 2588 millibus

1005 2612 1037 2641 iu
1068 2611 1200 2641 Italiam
1230 2621 1248 2640 a
1278 2609 1397 2640 Rufino
1422 2609 1553 2639 excitus
1581 2606 1706 2639 fuerit:

1003 2662 1056 2691 hie
1085 2672 1103 2691 a
1130 2661 1316 2691 Stilichone
1332 2665 1453 2699 captus
1477 2664 1541 2697 est,
1563 2658 1707 2700 ejusque

1004 2712 1175 2742 exercitus
1191 2711 1334 2741 deletus.

1046 2760 1210 2801 Histrum]
1242 2759 1395 2800 Populos
1412 2759 1468 2800 qui
1485 2758 1643 2791 accolunt
1658 2757 1706 2788 Is·
