1842 3193
260 204 317 246 38
802 207 1172 239 PRoLEGoMssNA

264 314 358 359 tur;
389 307 506 348 nulla
527 306 719 347 Deorum
740 303 954 344 miracula
984 307 1025 343 et
1062 303 1341 346 interventu&
1365 297 1523 351 quibus
1543 310 1610 337 res
1639 295 1718 337 hu-

263 389 406 418 manae
421 375 567 415 subito
589 374 909 418 subvertuntur,
932 371 1163 421 exitusque
1186 380 1325 408 novos
1348 371 1389 406 et
1410 367 1718 417 inexpectatos

260 444 594 491 nanciscuntur;
627 441 743 480 nulla
763 439 945 491 denique
977 437 1169 484 oracula,
1207 448 1307 487 quae
1332 434 1612 486 ambiguitate
1633 443 1717 471 sua

259 512 447 566 primum
478 510 671 549 homines
699 508 743 547 in
775 505 967 546 fraudem
1005 508 1152 556 agunt,
1191 502 1350 542 deinde
1385 502 1483 541 aliis
1516 499 1716 553 ejusdem

261 579 499 632 argumenti
534 577 748 616 illustrata
779 586 926 614 rursus
956 574 1000 612 in
1039 575 1199 613 rectam
1231 571 1351 612 viam
1385 582 1461 609 eos
1481 567 1716 615 deducunt,

260 647 524 700 tandemque
554 657 694 685 rerum
731 642 814 683 fide
843 642 1090 695 probantur.
1152 639 1300 693 Hujus
1341 637 1507 690 generis
1540 634 1719 688 quidem

261 718 338 755 aut
357 713 483 767 plura
513 715 587 752 aut
618 711 764 751 omnia
799 709 1036 761 argumenti
1075 708 1204 756 ratio,
1246 708 1291 747 in
1327 719 1414 759 quo
1439 704 1515 745 Dii
1550 706 1717 744 tantum

260 786 409 835 partes
432 781 655 827 sustinent,
691 790 777 817 non
798 776 1012 828 admittit3
1045 774 1326 816 nihilominus
1348 779 1491 814 tamen
1511 770 1611 812 inde
1629 781 1718 810 non

258 851 402 902 potest
422 847 582 899 colligi,
600 845 705 886 illud
725 845 866 898 epicae
888 843 1136 885 tractationi
1159 842 1333 883 omnino
1353 840 1490 881 fuisse
1508 838 1719 892 ineptum,

261 929 360 957 cum
380 916 464 956 hoc
485 919 649 955 tantum
670 914 947 967 exploratum
966 913 1221 961 habeamus,
1254 911 1382 951 finem
1415 908 1532 962 epici
1566 906 1720 947 carmi-

260 983 328 1023 nis
359 987 402 1023 et
436 981 767 1022 admirationem
799 993 896 1019 esse
932 984 974 1019 et
1009 978 1361 1025 delectationem,
1390 987 1544 1029 parum
1570 976 1718 1013 autern

260 1050 443 1098 intersit,
464 1049 622 1101 quibus
644 1048 773 1087 rebus
794 1059 847 1086 ea
865 1046 1118 1094 efficiantur,
1135 1057 1229 1093 nec,
1252 1044 1356 1096 quia
1376 1042 1568 1094 vulgaris
1589 1041 1717 1087 ratio,

260 1117 304 1156 in
325 1115 522 1156 Homero
545 1118 588 1154 et
608 1113 796 1164 Virgilio
819 1111 1031 1159 adhibita,
1065 1112 1211 1150 locum
1242 1111 1403 1150 habeat
1432 1108 1616 1157 nullum,
1650 1119 1719 1147 Se-

259 1186 426 1236 quetur,
458 1182 575 1222 nulla
596 1180 772 1220 omnino
792 1178 838 1219 id
860 1178 950 1218 fieri
980 1179 1191 1231 potuisse,
1224 1178 1309 1218 nisi
1341 1177 1525 1217 aliorum
1546 1175 1719 1228 ingenia

257 1253 408 1292 nostro
428 1248 607 1289 modulo
627 1246 771 1287 metiri
792 1248 1103 1287 sustineamus.
1165 1245 1385 1299 Iniquius,
1416 1258 1515 1286 mea
1545 1242 1719 1297 quidem

259 1317 313 1357 de
344 1316 575 1364 sententia,
612 1315 987 1367 comparationem
1010 1313 1246 1354 Claudiani
1283 1327 1380 1354 cum
1413 1311 1576 1353 Ovidio
1596 1311 1719 1351 insti-

258 1384 341 1425 tuit
358 1382 605 1431 Walchius‚
642 1394 741 1422 cum
763 1381 832 1422 hic
852 1381 1073 1422 diversum
1096 1382 1228 1434 plane
1260 1380 1496 1422 consilium
1517 1380 1573 1419 sit
1593 1390 1720 1419 secu·

259 1455 346 1499 tus,
364 1450 418 1490 ad
439 1449 555 1503 quod
577 1449 615 1489 si
635 1462 702 1498 ea,
723 1462 822 1503 quae
839 1448 1028 1498 tradidit,
1049 1449 1220 1502 exigaS,
1254 1453 1389 1489 totam
1411 1446 1563 1488 Ovidii
1584 1445 1718 1486 ratio-

258 1531 354 1558 nem
371 1518 534 1571 optime
556 1516 756 1557 constare
776 1529 951 1557 mecum
981 1517 1153 1557 senties.
1217 1516 1338 1557 Nihil
1361 1528 1466 1556 sane
1494 1515 1540 1554 in
1570 1514 1646 1554 illa
1665 1513 1719 1553 de

263 1584 434 1626 Cereris
466 1588 509 1626 et
540 1585 819 1638 Proserpinae
841 1585 940 1625 fatis
961 1585 1301 1634 narratiuncula,
1335 1584 1461 1638 cujus
1481 1583 1528 1623 in
1548 1594 1721 1622 summa

260 1651 488 1702 facilitate,
518 1665 605 1693 non
642 1653 687 1692 in
717 1652 844 1706 epica
873 1652 1099 1704 dignitate,
1135 1652 1233 1692 laus
1269 1651 1485 1700 consistit,
1513 1648 1718 1697 occurrit,

261 1720 391 1774 cujus
413 1733 592 1761 causam
622 1733 707 1760 non
728 1719 894 1768 videas,
916 1719 1041 1768 adeo,
1070 1723 1116 1760 ut
1145 1732 1233 1760 non
1253 1719 1395 1759 solum
1414 1731 1485 1758 res
1506 1721 1639 1771 gestae
1659 1717 1720 1758 le-

258 1792 430 1840 gantur,
474 1801 625 1829 verum
664 1788 794 1828 etiam
829 1787 1135 1839 intelligantur,
1177 1786 1286 1827 nihil
1321 1787 1534 1827 omissum
1567 1785 1720 1839 depre-

256 1854 434 1904 hendes,
457 1854 575 1908 quod
607 1854 662 1895 ad
698 1868 836 1895 rerum
868 1860 1089 1907 gestarum
1118 1854 1449 1895 illustrationem
1487 1852 1719 1907 pertineat.

260 1919 497 1973 Ingeniosa
538 1926 666 1971 certe,
705 1926 753 1961 ut
785 1921 868 1962 hoc
922 1922 1019 1962 solo
1058 1925 1169 1971 utar,
1201 1926 1244 1962 et
1283 1922 1496 1962 naturalis
1536 1926 1603 1962 est
1643 1919 1721 1960 illa

258 1988 384 2037 ratio,
407 2001 497 2041 qua
530 1987 660 2029 Pluto
682 1989 803 2041 apud
832 1987 1041 2029 Ovidium
1079 1989 1125 2029 in
1162 2002 1355 2029 amorem
1376 1989 1559 2039 incidit3
1598 1987 1719 2041 apud

259 2053 544 2096 Claudianum
565 2068 709 2096 caecus
726 2056 798 2096 ille
816 2060 882 2096 est
896 2060 939 2097 et
959 2057 1130 2097 subitus
1162 2057 1365 2109 impetus,
1395 2069 1482 2109 qua
1513 2067 1720 2110 praeceps

256 2122 414 2174 agitur,
435 2123 564 2175 cujus
586 2135 667 2162 nee
703 2136 838 2164 causa
871 2136 953 2164 nec
989 2123 1100 2163 ratio
1131 2136 1210 2164 nec
1234 2124 1502 2164 incrementa
1538 2123 1717 2174 cognita

256 2192 373 2229 sunt.
436 2187 472 2228 F
475 2201 627 2239 rugum
649 2201 821 2241 quoque
842 2189 1031 2241 repertio
1050 2193 1117 2229 est
1137 2190 1212 2229 illa
1242 2189 1417 2243 quidem
1446 2202 1512 2229 res
1534 2190 1718 2230 maximi

254 2254 602 2305 momenti,unde
615 2254 759 2295 omnis
773 2255 1041 2307 ingeniorum
1056 2256 1212 2305 cultus,
1222 2269 1371 2296 omnes
1386 2262 1528 2298 coetus
1546 2257 1718 2306 civiles,

257 2325 486 2376 omnisque
524 2323 775 2364 humanitas
808 2323 1017 2376 originem
1053 2322 1193 2363 duxit.
1266 2323 1349 2364 Sed
1393 2326 1584 2377 gravitas
1621 2325 1718 2379 ejus

259 2404 514 2444 summaque
534 2390 718 2443 dignitas
739 2403 828 2431 non
849 2391 990 2431 cuivis
1013 2391 1122 2432 satis
1157 2392 1290 2432 obvia
1322 2398 1404 2443 est,
1436 2393 1512 2434 sed
1534 2407 1719 2447 perpen-

257 2458 375 2499 denti
395 2464 578 2507 tantum,
592 2464 637 2500 et
656 2472 821 2509 eorum,
843 2473 941 2512 quae
960 2459 1058 2500 inde
1078 2463 1233 2501 secuta
1252 2464 1369 2510 sunt,
1393 2462 1548 2502 seriem
1570 2462 1716 2503 animo

257 2526 563 2568 consideranti.
626 2525 742 2577 Quae
765 2540 864 2567 cum
886 2528 1018 2580 paulo
1038 2528 1271 2568 remotiora
1289 2530 1390 2577 sint,
1413 2542 1494 2570 nec
1516 2528 1650 2583 poeta
1670 2529 1717 2570 id

258 2593 404 2646 egerit,
425 2598 475 2634 ut
494 2594 592 2634 haec
612 2594 761 2635 lectori
784 2599 1097 2644 succurrerent,
1132 2595 1298 2636 factum
1333 2601 1413 2646 est,
1449 2600 1495 2637 ut
1523 2600 1617 2638 tota
1645 2610 1716 2638 res

258 2660 464 2701 minorem
483 2661 539 2701 ad
560 2662 754 2702 animum
775 2662 861 2702 vim
881 2662 1074 2704 haberet.
1138 2662 1327 2705 Omnino
1347 2665 1499 2706 fabula
1513 2669 1580 2706 est
1597 2664 1717 2719 ejus-

257 2727 392 2777 modi,
409 2733 456 2770 ut
477 2731 730 2772 tractantem
749 2729 883 2783 copia
903 2743 1045 2772 rerum
1065 2731 1203 2784 magis
1219 2743 1353 2785 quam
1374 2732 1525 2787 inopia
1544 2735 1718 2789 urgeat3
