1857 3177
535 208 586 238 m
621 208 695 237 cr„
718 207 1074 238 CLAUDIANUM.
1504 196 1533 238 9

78 301 180 352 Quo
208 302 288 342 rite
308 301 440 351 facto,
461 303 609 342 nescio
630 315 748 351 sane,
780 315 856 342 cur
877 302 1078 351 Zosimo,
1113 302 1298 343 Zonarae
1322 306 1530 357 compila-

76 369 261 417 toribus,
287 370 537 422 jejunisque
559 369 780 409 annalium
803 370 1243 418 consarcinatoribus,
1267 373 1309 410 et
1330 372 1527 422 patribus

75 436 278 477 ecclesiae
316 437 440 488 ipsis,
473 436 634 488 quibus
662 448 714 476 ea
740 440 907 476 tantum
930 437 1102 489 probari
1126 436 1334 484 solebant,
1366 450 1530 476 memo-

75 506 257 555 ratuque
296 502 427 553 digna
467 503 743 551 videbantur,
776 516 875 556 quae
916 503 1109 556 ipsorum
1149 503 1531 555 superstitionibus

74 575 219 610 essent
269 569 619 619 accommodata,
671 570 772 622 plus
810 570 1085 610 auctoritatis
1126 570 1349 619 tribuatur,
1398 583 1531 623 quam

75 635 330 676 Claudiano.
413 635 599 677 Uberior
629 641 772 677 autem
809 636 862 676 de
898 636 984 676 fide
1022 636 1253 676 Claudiani
1293 637 1530 690 disputatio

75 703 219 743 aliena
239 706 304 743 est
325 716 350 743 a
371 708 516 743 nostro
534 703 778 756 proposito,
811 704 887 756 qui
918 703 963 743 id
994 716 1193 755 agamuS,
1224 707 1272 744 ut
1293 704 1530 744 constitua-

73 774 152 818 tur,
186 770 555 822 quemadmodum
576 770 647 809 ille
668 769 815 822 poetae
840 770 959 810 vices
984 768 1250 820 defenderit3
1283 770 1335 810 de
1357 770 1433 810 illa
1454 783 1530 810 au-

72 840 158 876 tem
177 837 349 877 omnino
386 840 528 877 tacere
561 837 779 876 noluimus
813 840 1056 890 propterea,
1088 843 1137 877 ut
1166 850 1251 877 non
1286 839 1530 889 ignorarent

65 903 266 956 juvenes,
298 903 474 957 poetam
507 908 701 944 nostrum
722 904 793 944 vel
828 903 912 944 hoc
949 904 1122 944 nomine
1158 916 1243 943 non
1272 904 1400 957 plane
1432 917 1529 945 esse

70 970 387 1023 negligendum.
421 970 620 1012 Ceterum
639 972 902 1012 carminibus
923 972 967 1011 in
983 971 1271 1012 Stilichonem
1289 972 1465 1024 scriptis
1483 971 1529 1012 id

73 1042 300 1079 assecutus
322 1042 388 1079 est
410 1038 584 1088 Noster,
610 1043 653 1079 ut
673 1038 792 1078 illius
815 1040 1068 1080 auctoritate
1096 1045 1275 1080 senatus
1298 1039 1529 1080 Romanus

72 1104 159 1156 ipsi
192 1109 383 1146 statuam
417 1119 517 1145 cum
549 1106 671 1145 titulo
704 1105 748 1144 in
780 1106 872 1145 soro
905 1107 1152 1158 ponendam
1173 1108 1421 1156 decreverit,
1454 1106 1529 1159 qui

73 1169 211 1212 honor
232 1177 275 1213 et
295 1173 381 1213 illis
405 1172 671 1225 temporibus
698 1184 783 1211 non
805 1173 996 1223 vulgaris
1017 1173 1154 1213 fuisse
1185 1173 1424 1213 censendus
1446 1178 1528 1214 est.

74 1237 238 1278 Eadem
260 1238 464 1279 facultate
498 1238 671 1290 poetica
703 1238 860 1278 multos
881 1243 1092 1290 praeterea
1114 1240 1197 1278 sibi
1230 1253 1432 1291 proceres
1454 1240 1528 1280 de-

71 1304 229 1354 vinxit,
261 1308 307 1345 ut
330 1305 566 1345 Probinum
590 1309 633 1345 et
663 1303 897 1356 olybrium
927 1305 1129 1358 juvenes,
1164 1305 1366 1345 Mallium
1387 1306 1529 1347 Theo-

71 1370 239 1421 dorum,
272 1372 566 1422 Gennadium,
589 1385 700 1426 quos
722 1372 852 1412 etiam
884 1373 929 1412 in
961 1372 1164 1425 epistolis
1197 1373 1308 1412 satis
1342 1373 1529 1414 familia-

70 1438 170 1479 riter
190 1442 359 1480 tractat.
412 1439 480 1479 De
501 1439 570 1488 iis,
588 1452 689 1492 quae
710 1443 814 1492 post
835 1439 1086 1479 Stilichonis
1110 1440 1291 1488 caedem,
1305 1439 1527 1494 (interfec-

72 1512 140 1546 tus
161 1510 304 1547 autem
318 1510 383 1547 est
402 1506 458 1547 A.
477 1506 528 1548 C.
547 1504 672 1559 408.)
695 1506 941 1548 Claudiano
960 1508 1210 1556 acciderint,
1226 1507 1333 1548 nihil
1356 1508 1528 1551 omnino

69 1574 291 1615 memoriae
325 1579 391 1615 est
422 1575 656 1628 proditum.
716 1574 822 1616 Alia
862 1576 1054 1628 quaestio
1092 1576 1281 1616 eruditos
1313 1577 1526 1627 exercuit,

72 1645 214 1683 utrum
236 1642 504 1683 Claudianus
525 1641 666 1683 sacris
688 1641 944 1683 Christianis
965 1643 1160 1684 initiatus
1181 1642 1324 1693 fuerit,
1356 1656 1436 1684 nec
1457 1657 1526 1685 ne.

71 1709 307 1750 Probabile
327 1709 504 1763 quidem
521 1709 705 1760 videtur,
723 1723 824 1750 cum
840 1709 1135 1764 Imperatores
1156 1723 1255 1751 cum
1274 1711 1529 1764 proceribus

64 1776 259 1830 ⁸plurium
281 1778 475 1819 Deorum
497 1778 616 1819 cultu
645 1777 853 1818 abdicato
875 1778 931 1818 ad
959 1778 1181 1831 puriorem
1207 1778 1459 1831 religionem
1481 1792 1528 1819 se

71 1846 400 1895 transtulissent,
414 1847 595 1900 jamque
613 1846 889 1887 sacerdotum
910 1846 1119 1887 instinctu
1141 1850 1309 1887 veteres
1331 1847 1528 1887 caerimo-
1579 1887 1582 1889 ,

68 1911 178 1961 nias,
210 1914 370 1966 quibus
400 1917 498 1954 ante
530 1914 696 1954 fuerant
716 1913 896 1963 addicti,
927 1914 1087 1967 partim
1109 1913 1528 1954 circumscribendas

70 1979 226 2030 partim
243 1980 459 2020 tollendas
478 1985 688 2030 curarent,
711 1982 842 2022 etiam
862 1980 1036 2034 poetam
1058 1982 1101 2021 in
1117 1980 1352 2021 retinendis
1373 1980 1528 2020 ritibus

70 2045 263 2097 pristinis
283 2059 369 2086 non
400 2047 536 2088 fuisse
557 2049 849 2100 pervicacem,
882 2047 958 2088 sed
978 2048 1140 2087 lubenti
1170 2048 1316 2086 animo
1338 2047 1394 2086 ad
1414 2058 1529 2086 nova.

71 2125 198 2153 sacra
219 2126 266 2152 se
297 2115 544 2161 contulisse,
576 2119 622 2154 ut
652 2116 834 2166 gratiam
857 2114 1138 2166 Imperatoris
1159 2118 1202 2154 et
1232 2113 1526 2162 sacerdotum,

71 2179 145 2232 qui
177 2179 271 2233 jam
304 2183 394 2220 tum
424 2193 605 2233 magnos
635 2181 813 2233 spiritus
847 2192 1020 2220 sumere
1056 2184 1297 2234 coeperant,
1335 2180 1406 2221 vel
1440 2179 1526 2221 hoc

71 2247 241 2288 nomine
261 2247 398 2288 iniret.
461 2247 549 2288 Sed
581 2246 820 2300 Augustini
850 2251 891 2288 et
913 2246 1061 2288 Orosii
1088 2248 1339 2289 testimonia
1360 2251 1528 2288 contra-

70 2313 180 2354 rium
217 2313 455 2366 perhibent,
494 2327 680 2368 quorum
715 2314 791 2355 ille
825 2313 1006 2368 poetam
1037 2317 1235 2355 nostrum
1272 2317 1284 2335 ‘
1305 2327 1332 2355 a
1366 2313 1527 2356 Christi

70 2381 242 2421 nomine
263 2381 479 2431 alienum‚'
508 2381 580 2422 hic
602 2384 614 2402 ‘
635 2382 834 2435 gentilem
854 2381 1272 2435 pervicacissimum'
1301 2382 1524 2433 nominat;

66 2452 199 2502 atque
230 2449 277 2489 in
308 2449 376 2490 his
412 2449 782 2503 acquiescendum
814 2463 912 2490 esse
949 2462 1122 2490 censeo.
1184 2449 1376 2502 Reliqua
1399 2462 1525 2502 argu-

69 2519 227 2566 menta,
263 2530 362 2570 quae
399 2517 620 2558 Gesnerus
642 2530 700 2558 ex
722 2519 985 2558 carminibus
1018 2518 1129 2572 ipsis
1148 2518 1281 2566 ducit,
1313 2517 1525 2558 levissimi

72 2586 168 2623 sunt
185 2584 408 2634 momenti,
431 2588 508 2626 aut
532 2585 680 2638 potius
708 2584 814 2624 nihil
835 2585 1042 2638 probant3
1074 2584 1237 2626 etenim
1255 2583 1358 2637 quid
1378 2583 1524 2637 prohi-

73 2647 184 2699 beat,
214 2651 449 2704 quominus
480 2651 550 2692 vel
585 2651 893 2692 sanctissimus
929 2651 1063 2705 po'eta
1095 2656 1288 2693 veterum
1318 2650 1523 2704 loquendi

73 2715 269 2759 formulis
288 2719 352 2760 uti
370 2719 540 2773 possit?
572 2717 753 2770 Contra,
771 2718 1031 2762 Christianae
1047 2719 1294 2774 disciplinae
1310 2717 1523 2760 asseclam
