1852 3193
243 190 329 232 820
751 203 825 233 CL.
858 202 1139 232 CLAUDIAM
1174 202 1226 232 X.

245 295 506 339 Rotuiimus.
569 297 782 338 Nostrum
795 299 890 350 ⁸jam
911 297 1040 337 sentit
1062 296 1291 337 Honorius
1310 309 1476 338 arcum.

244 362 344 403 Scis
365 363 567 414 Mariam,
588 368 842 418 patremque
863 362 1034 412 ducem,
1056 364 1133 417 qui
1156 363 1343 418 cuspide
1365 364 1524 405 Gallos

244 428 504 485 Italiamque
524 430 665 481 fovet3
698 443 776 470 nec
799 433 839 470 te
859 431 1078 482 praeclara
1099 430 1274 472 Serenae

243 495 384 538 Fama
404 498 525 538 latet.
589 498 798 550 Propera.
860 496 1103 549 Regalibus
1124 510 1266 538 annue
1287 498 1418 540 votis,

240 562 270 603 J
276 577 385 616 unge
407 569 542 605 toros.
605 564 788 605 Gremio
809 568 955 604 natum
979 564 1195 617 Cytherea
1215 566 1422 606 removit:

243 630 303 671 Et
323 632 464 672 crines
484 632 645 672 festina
665 631 787 684 ligat,
810 632 1077 685 peplumque
1100 632 1303 672 fluentem

240 696 437 747 Allevat,
460 703 502 739 et
525 698 682 739 blando
703 700 940 751 spirantem
961 700 1132 738 numine
1155 703 1310 739 ceston

241 762 451 816 Cingitur,
472 765 685 818 impulsos
705 766 872 818 pluviis
895 779 982 818 quo
1003 767 1175 818 mitigat
1196 778 1360 815 amnes,

242 829 345 880 Quo
364 845 497 882 mare,
521 846 608 884 quo
629 838 797 882 ventos,
821 834 1014 886 irataque
1036 834 1221 874 fulmina
1241 833 1388 875 solvit.

1622 429 1706 472 120

1619 762 1706 804 125

242 948 403 985 respondet
416 958 426 977 .-
461 948 583 986 Gaude,
613 958 629 976 ο
661 950 769 977 mater.
818 947 988 987 Reportari
1017 947 1182 977 victoriam
1209 947 1391 977 maximam.
1437 946 1602 977 Honorius
1628 956 1709 977 nunc

241 989 336 1018 sentit
353 990 414 1018 tela
430 992 545 1018 nostra.
593 990 688 1018 Nosti
708 989 843 1019 Mariam
858 993 887 1019 et
902 993 1023 1028 patrem
1039 990 1108 1028 ejus
1125 991 1279 1019 ductorem
1295 989 1530 1029 Stilichonem,
1556 989 1608 1029 qui
1623 990 1709 1028 regit

243 1030 332 1060 hasta
350 1041 409 1060 sua
427 1031 552 1060 Italiam
567 1034 597 1060 et
616 1031 744 1060 Gallos.-
775 1041 870 1070 neque
888 1031 981 1068 junia
996 1031 1130 1061 illustris
1147 1031 1272 1061 Serenae
1288 1031 1447 1070 incognita
1464 1035 1519 1062 est.
1566 1032 1709 1071 Festina,

233 1073 312 1108 fove
326 1073 443 1112 nuptiis
460 1073 686 1111 Imperatoriis.
734 1073 897 1111 Conjnge
923 1073 1038 1103 horum
1069 1073 1230 1103 thalamos.
1282 1073 1385 1103 Venus
1410 1073 1524 1112 repulit
1539 1074 1648 1114 filium
1665 1083 1708 1104 ex

241 1114 312 1144 sinu
328 1124 399 1150 suo,
425 1118 460 1144 et
483 1118 605 1154 promtu
634 1115 747 1152 religat
772 1124 901 1152 comum,
925 1119 954 1144 e!
971 1115 1089 1144 attollit
1105 1118 1217 1144 vestem
1243 1115 1406 1154 laxiorem,
1432 1118 1524 1154 atque
1538 1116 1710 1147 circumdat

239 1156 300 1185 sibi.
314 1157 472 1194 cingulum
487 1166 657 1196 respersum
671 1156 774 1186 odore
795 1157 889 1186 Dim
905 1157 1059 1194 cmzobilis,
1081 1167 1137 1196 quo
1154 1157 1290 1197 cingulo
1305 1160 1457 1197 temperat
1465 1157 1581 1197 fluvios
1591 1161 1708 1189 tumen·

241 1200 287 1229 tes
310 1198 469 1238 imbribus,
495 1209 552 1239 quo
563 1200 668 1239 placat
685 1209 780 1238 mare,
804 1209 861 1239 quo
876 1202 992 1239 ventos,
1018 1204 1047 1230 et
1056 1200 1195 1238 fulmina
1203 1199 1361 1237 furentia.
1405 1201 1573 1240 Postquam
1589 1201 1707 1231 Venus

854 1285 1090 1297 eeeeeeeeeeee

243 1337 471 1368 Heius—118
498 1338 679 1368 Detulimus
708 1337 803 1367 Leid.
833 1347 882 1376 pr.
914 1338 1093 1368 Detulimus
1119 1339 1173 1369 vel
1202 1339 1377 1370 Retulimus
1403 1339 1488 1378 Reg.
1517 1338 1630 1370 Oxon.
1655 1348 1706 1379 pr.

243 1381 338 1410 sentit
352 1381 430 1411 Vat.
448 1390 515 1410 sec.
534 1380 606 1410 Pal.
624 1380 716 1410 Med.
745 1390 794 1419 pr.
811 1380 942 1410 Thumi.
968 1381 1049 1411 dun.
1074 1386 1109 1412 et
1134 1382 1246 1412 Oxon.
1271 1392 1320 1421 pr.
1348 1383 1477 1421 sumpsit
1494 1382 1620 1412 Moret.
1637 1391 1705 1413 sec.

242 1423 337 1452 sensit
352 1422 446 1453 Leid.
463 1423 540 1453 edd.
559 1423 670 1453 Vivet.
688 1423 800 1453 Parin.
822 1423 917 1453 Junt.
941 1422 1015 1453 Ald.
1034 1424 1143 1454 Colin.
1162 1424 1284 1464 Isiugr.
1300 1425 1540 1464 G1·yph.-119
1566 1424 1621 1454 Cis
1637 1424 1707 1454 Μα-

242 1465 323 1495 rium
338 1465 418 1495 Var.
438 1465 502 1495 LL.
521 1464 573 1495 ed.
601 1464 703 1495 Antv.
727 1469 907 1504 patremque
924 1466 1008 1495 Exc.
1026 1466 1166 1497 Lucens.
1194 1477 1243 1507 pr.
1263 1467 1461 1507 fratremque
1478 1467 1530 1497 ed.
1548 1466 1706 1497 vicet.—

241 1510 302 1538 120
318 1507 613 1546 Italiamqueforet,
628 1508 795 1545 regalibus,
811 1508 1023 1538 intermediis
1037 1509 1111 1545 illis,
1127 1519 1181 1539 nec
1197 1513 1414 1550 te...propera,
1429 1509 1566 1540 omissis.
1578 1509 1706 1540 Mon-et.

241 1552 400 1594 piu—121
429 1551 542 1580 Forma
558 1550 643 1590 conj.
660 1551 885 1581 Burni.—122
908 1551 1015 1589 Junge
1032 1552 1155 1582 thorum
1173 1552 1249 1582 Vat.
1273 1553 1381 1583 Livin.
1410 1553 1502 1582 Prie.
1526 1552 1613 1582 thoro
1630 1551 1705 1581 Μο-

243 1597 306 1622 ret.
325 1602 374 1631 pr.
403 1594 509 1622 clun-os
538 1593 633 1623 Rott.
652 1593 737 1633 Reg.
762 1593 890 1623 Thinai).
919 1593 986 1623 duo
1013 1594 1131 1625 Amhr.
1161 1595 1274 1625 Oxou.
1303 1605 1352 1634 pr.
1381 1596 1464 1625 Lov.
1494 1594 1569 1625 cod.
1586 1594 1706 1634 Epigr.

242 1633 360 1664 Ambr.
376 1635 458 1665 Exc.
474 1635 613 1665 (ievart.
630 1635 710 1665 Var.
725 1636 792 1665 LL.
810 1647 826 1664 e
844 1645 949 1674 marg.
965 1636 1078 1666 Parni.
1097 1637 1149 1667 ed.
1164 1638 1277 1668 Vivet.
1296 1638 1418 1667 thorum
1434 1638 1487 1666 vel
1503 1637 1608 1666 choros
1627 1637 1705 1668 Vat-

241 1685 294 1716 pr.
311 1676 415 1707 choros
432 1677 482 1706 vel
500 1677 604 1706 thoros
619 1677 696 1707 Pat.
714 1678 842 1707 Thumi.
860 1678 939 1707 put.
958 1678 1078 1708 Petav.
1108 1688 1177 1708 sec.
1200 1680 1320 1717 gremio
1336 1683 1442 1709 uatum
1469 1679 1620 1709 Florent.
1637 1678 1705 1709 duo

241 1719 334 1750 Med.
352 1720 436 1759 Reg.
453 1720 581 1749 Thuan.
598 1719 678 1750 Jun.
695 1729 746 1758 pr.
767 1719 877 1749 Oxon.
895 1729 944 1759 pr.
961 1720 1041 1750 Vat.
1059 1721 1165 1750 Livin.
1183 1722 1265 1751 Exc,
1283 1722 1423 1751 aneus.
1443 1730 1492 1760 pr.
1510 1723 1617 1751 natum
1632 1731 1705 1760 gre-

238 1761 299 1792 mio
319 1761 415 1792 Rott.
432 1763 515 1792 Exc.
534 1762 632 1791 Laeti.
650 1761 777 1792 removit
790 1767 858 1791 tres
871 1763 968 1792 Vatt.
984 1762 1077 1792 Med.
1093 1768 1201 1803 quart.
1216 1763 1292 1794 Pat.
1304 1763 1417 1800 refovit
1435 1763 1578 1804 triginta
1595 1763 1703 1795 Codd.

240 1804 323 1834 Exc.
341 1804 469 1834 Schott.
487 1804 631 1834 Gevart.
646 1804 788 1834 Luccns.
806 1813 857 1843 pr.
873 1804 997 1834 Sched.
1016 1805 1106 1834 Gud.
1125 1805 1177 1835 ed.
1191 1806 1304 1835 Parin.
1323 1811 1358 1836 et
1373 1806 1485 1836 Vicet.
1502 1806 1632 1836 removit
1650 1807 1703 1837 vel

239 1846 353 1883 refovit
370 1847 447 1876 Vat.
465 1855 533 1876 sec,
553 1847 702 1876 Florem.
728 1846 823 1876 Med.
840 1856 907 1876 sec.
927 1846 1085 1877 Heinsius
1111 1848 1327 1887 ascripserat.
1350 1848 1487 1886 refovere
1514 1858 1575 1888 pro
1593 1847 1700 1886 fovere

238 1888 408 1928 Spartian.
428 1899 460 1928 p.
477 1892 506 1919 5.
523 1888 545 1918 l.
563 1891 592 1918 8.
615 1891 623 1905 ⁶
642 1888 784 1928 Equites
802 1889 984 1927 Romanos,
1002 1898 1040 1919 ac
1053 1889 1231 1920 libertinos
1245 1890 1410 1930 visitavit,
1427 1891 1553 1921 solatiis
1567 1890 1704 1930 refovit,

237 1931 386 1961 consiliis
404 1931 720 1962 sublevavit.'—123
735 1931 855 1968 festiva
871 1931 990 1962 Ambr.
1010 1941 1060 1971 pr.
1074 1933 1252 1972 plerumque
1268 1932 1365 1963 Med.
1381 1943 1448 1963 sec.
1466 1943 1510 1963 m.
1529 1933 1705 1973 pnfluentz‘

238 1973 318 2004 Vat.
337 1983 406 2005 sec.
422 1984 466 2003 m.
485 1976 644 2013 piu—124
667 1973 799 2004 Abla-at
826 1974 948 2004 Petav.
975 1983 1042 2004 sec.
1067 1974 1200 2005 Acuebat
1228 1976 1310 2005 Exc.
1327 1976 1471 2006 Lucens.
1495 1985 1562 2006 sec.
1579 1975 1703 2006 Allevnt

238 2016 293 2045 vel
313 2016 441 2054 Colligit
458 2017 542 2054 Reg.
563 2015 674 2046 Oxou.
693 2026 742 2056 pr.
760 2017 882 2047 Allerat
900 2017 951 2045 vel
967 2016 1087 2046 Alliclat
1107 2018 1225 2047 Petav.
1239 2028 1287 2057 pr.
1305 2018 1407 2048 nitere
1422 2027 1482 2057 pro
1497 2018 1620 2048 numine
1634 2018 1703 2049 inc.

239 2058 360 2088 Heius.
377 2062 487 2089 cestem
505 2058 720 2089 osset—125
743 2059 859 2097 pluviis
886 2059 978 2089 Med.
1007 2063 1118 2099 quart.
1146 2060 1209 2090 inc.
1240 2060 1359 2090 Heius.
1384 2061 1468 2091 Exc.
1484 2060 1630 2091 Lucens.
1649 2069 1702 2100 pr.

241 2101 295 2131 ed.
315 2101 549 2140 Vicet.fluviis
566 2102 732 2132 tredecim
748 2101 880 2142 scripti.
903 2101 1020 2142 pluviis
1045 2103 1098 2132 vel
1117 2102 1231 2143 fluviis
1255 2103 1336 2135 Jun.
1354 2112 1406 2143 pr.
1425 2103 1620 2134 Low-126
1632 2102 1702 2140 sul-

894 2181 1040 2213 NOTAE

283 2246 344 2275 119
370 2243 519 2284 Cuspide]
543 2243 666 2283 Hasta,
678 2246 832 2286 potentia
850 2256 858 2284 3
877 2256 942 2278 non
998 2248 1100 2287 vulgo
1120 2248 1248 2288 Cerigo,
1273 2247 1382 2279 insula
1407 2246 1508 2278 maris
1534 2245 1700 2278 Mediter-

240 2294 330 2325 enim
347 2294 489 2325 Stilicho
506 2299 557 2325 est
576 2295 781 2335 Imperator,
805 2296 863 2326 sed
877 2296 942 2327 Im·
994 2298 1100 2337 ranei,
1117 2298 1150 2328 in
1169 2308 1234 2339 qna
1250 2298 1437 2330 colebatur.

238 2345 407 2385 peratoris
423 2344 512 2375 vices
527 2344 608 2376 obit.

285 2394 403 2433 Gallos,
420 2394 563 2434 Italiam]
594 2395 736 2427 Stilicho
755 2395 938 2436 praefectus

238 2450 313 2475 erat
324 2444 521 2483 Occidenti‚
533 2445 591 2475 sed
601 2445 737 2477 Italiam
749 2447 939 2486 praesertim

240 2495 456 2536 Galliamque
473 2495 638 2535 nominat,
664 2496 743 2537 quia
759 2497 889 2528 dulcius
905 2497 939 2528 id

238 2545 428 2587 Stilichoni,
453 2546 511 2588 qui
527 2556 583 2578 eos
602 2557 620 2578 a
640 2547 802 2579 Barbaris
818 2547 939 2579 libera-

239 2600 346 2628 verat.

282 2649 343 2676 120
367 2647 506 2687 Serenoe]
530 2648 618 2679 Haec
636 2657 721 2679 uxor
732 2648 939 2690 Stilichonis,

238 2697 428 2737 Mariaeque
444 2703 563 2729 mater.

284 2749 346 2779 122
371 2747 540 2788 Cytherea]
576 2748 691 2779 Venus
722 2758 741 2779 a
772 2748 939 2790 Cytheris,

1039 2350 1100 2378 123
1123 2348 1269 2388 Peplum]
1292 2349 1420 2389 Peplus
1438 2351 1490 2381 est
1512 2347 1618 2380 vestis
1640 2346 1701 2378 foe-

992 2397 1115 2438 minea,
1130 2399 1247 2431 laxior.

1038 2450 1098 2478 124
1126 2449 1253 2489 Ceston]
1278 2449 1411 2488 Cestus,
1433 2447 1544 2480 κεστὸς
1567 2446 1700 2479 ἀπὸτοῦ

994 2500 1112 2529 κεντεῖν
1125 2510 1275 2539 pungere,
1292 2504 1344 2531 est
1360 2501 1531 2539 cingulum
1546 2508 1609 2530 acu
1626 2499 1697 2539 pic-

994 2552 1066 2579 tum
1080 2559 1144 2590 quo
1160 2550 1320 2580 utebatur
1334 2550 1465 2589 Venus,
1490 2553 1526 2580 et
1543 2559 1608 2590 quo
1627 2550 1699 2590 pla-

995 2609 1073 2631 care
1090 2600 1269 2631 dicebatur
1286 2599 1418 2639 fluvios,
1434 2610 1538 2639 mare,
1554 2603 1617 2631 &c.

1037 2652 1096 2680 125
1123 2650 1273 2690 Impulsos
1295 2649 1413 2690 pluviis
1435 2649 1555 2691 amnes]
1579 2649 1620 2681 Id
1644 2653 1697 2682 est

993 2703 1174 2732 torrentes.
