<?xml version="1.0" encoding="UTF-8"?>
<!DOCTYPE html PUBLIC "-//W3C//DTD XHTML 1.0 Transitional//EN"
    "http://www.w3.org/TR/xhtml1/DTD/xhtml1-transitional.dtd">
<html xmlns="http://www.w3.org/1999/xhtml" xml:lang="en" lang="en">
 <head>
  <title>
</title>
<meta http-equiv="Content-Type" content="text/html;charset=utf-8" />
  <meta name='ocr-system' content='tesseract 3.04.00' />
  <meta name='ocr-capabilities' content='ocr_page ocr_carea ocr_par ocr_line ocrx_word'/>
</head>
<body>
  <div class='ocr_page' id='page_1' title='image "./operaomniaexedit01clauuoft/operaomniaexedit01clauuoft_0266.png"; bbox 0 0 1852 3193; ppageno 0'>
   <div class='ocr_carea' id='block_1_1' title="bbox 219 197 1211 239">
    <p class='ocr_par' dir='ltr' id='par_1_1' title="bbox 219 197 1211 239">
     <span class='ocr_line' id='line_1_1' title="bbox 219 197 1211 239; baseline -0.006 0"><span class='ocrx_word' id='word_1_1' title='bbox 219 197 306 239; x_wconf 77' lang='lat'>246</span> <span class='ocrx_word' id='word_1_2' title='bbox 681 209 757 239; x_wconf 63' lang='lat' dir='ltr'>ct..</span> <span class='ocrx_word' id='word_1_3' title='bbox 787 206 1069 238; x_wconf 73' lang='lat' dir='ltr'>GLAumANi</span> <span class='ocrx_word' id='word_1_4' title='bbox 1103 205 1211 235; x_wconf 77' lang='lat' dir='ltr'>vui.</span> 
     </span>
    </p>
   </div>
   <div class='ocr_carea' id='block_1_2' title="bbox 219 299 1460 694">
    <p class='ocr_par' dir='ltr' id='par_1_2' title="bbox 222 299 1278 356">
     <span class='ocr_line' id='line_1_2' title="bbox 222 299 1278 356; baseline -0.004 -12"><span class='ocrx_word' id='word_1_5' title='bbox 222 303 419 352; x_wconf 83' lang='lat' dir='ltr'>Sustulit,</span> <span class='ocrx_word' id='word_1_6' title='bbox 441 307 481 344; x_wconf 91' lang='lat' dir='ltr'>et</span> <span class='ocrx_word' id='word_1_7' title='bbox 503 316 662 356; x_wconf 82' lang='lat' dir='ltr'>magno</span> <span class='ocrx_word' id='word_1_8' title='bbox 683 301 877 355; x_wconf 79' lang='lat' dir='ltr'><strong>porrexit</strong></span> <span class='ocrx_word' id='word_1_9' title='bbox 899 299 953 339; x_wconf 81' lang='lat' dir='ltr'>ad</span> <span class='ocrx_word' id='word_1_10' title='bbox 976 300 1130 340; x_wconf 81' lang='lat' dir='ltr'>oscula</span> <span class='ocrx_word' id='word_1_11' title='bbox 1150 300 1278 353; x_wconf 78' lang='lat' dir='ltr'>patri·</span> 
     </span>
    </p>

    <p class='ocr_par' dir='ltr' id='par_1_3' title="bbox 220 366 1352 558">
     <span class='ocr_line' id='line_1_3' title="bbox 222 366 1352 419; baseline -0.004 -7"><span class='ocrx_word' id='word_1_12' title='bbox 222 371 321 413; x_wconf 84' lang='lat' dir='ltr'>Nec</span> <span class='ocrx_word' id='word_1_13' title='bbox 344 371 505 411; x_wconf 76' lang='lat' dir='ltr'>dilatus</span> <span class='ocrx_word' id='word_1_14' title='bbox 527 372 678 410; x_wconf 83' lang='lat' dir='ltr'>honos.</span> <span class='ocrx_word' id='word_1_15' title='bbox 743 367 943 407; x_wconf 79' lang='lat' dir='ltr'>Mutatus</span> <span class='ocrx_word' id='word_1_16' title='bbox 967 366 1173 419; x_wconf 82' lang='lat' dir='ltr'>Principe</span> <span class='ocrx_word' id='word_1_17' title='bbox 1197 367 1352 407; x_wconf 80' lang='lat' dir='ltr'>Caesar</span> 
     </span>
     <span class='ocr_line' id='line_1_4' title="bbox 221 434 1320 491; baseline -0.005 -13"><span class='ocrx_word' id='word_1_18' title='bbox 221 437 428 479; x_wconf 76' lang='lat' dir='ltr'>Protinus</span> <span class='ocrx_word' id='word_1_19' title='bbox 451 438 639 491; x_wconf 74' lang='lat' dir='ltr'>aequaris</span> <span class='ocrx_word' id='word_1_20' title='bbox 660 435 782 476; x_wconf 83' lang='lat' dir='ltr'>fratri</span> <span class='ocrx_word' id='word_1_21' title='bbox 803 448 810 472; x_wconf 92' lang='lat'>:</span> <span class='ocrx_word' id='word_1_22' title='bbox 844 447 923 474; x_wconf 89' lang='lat' dir='ltr'>nec</span> <span class='ocrx_word' id='word_1_23' title='bbox 945 434 1105 474; x_wconf 88' lang='lat' dir='ltr'>certius</span> <span class='ocrx_word' id='word_1_24' title='bbox 1127 447 1320 488; x_wconf 78' lang='lat' dir='ltr'>unquam</span> 
     </span>
     <span class='ocr_line' id='line_1_5' title="bbox 220 502 1204 558; baseline -0.004 -12"><span class='ocrx_word' id='word_1_25' title='bbox 220 505 400 546; x_wconf 81' lang='lat' dir='ltr'>Hortati</span> <span class='ocrx_word' id='word_1_26' title='bbox 423 505 581 558; x_wconf 86' lang='lat' dir='ltr'>Superi</span> <span class='ocrx_word' id='word_1_27' title='bbox 599 518 607 544; x_wconf 92' lang='lat'>:</span> <span class='ocrx_word' id='word_1_28' title='bbox 640 503 767 543; x_wconf 83' lang='lat' dir='ltr'>nullis</span> <span class='ocrx_word' id='word_1_29' title='bbox 789 502 1048 556; x_wconf 71' lang='lat' dir='ltr'>praesentior</span> <span class='ocrx_word' id='word_1_30' title='bbox 1069 502 1204 543; x_wconf 72' lang='lat' dir='ltr'>aether</span> 
     </span>
    </p>

    <p class='ocr_par' dir='ltr' id='par_1_4' title="bbox 219 570 1234 613">
     <span class='ocr_line' id='line_1_6' title="bbox 219 570 1234 613; baseline -0.002 -1"><span class='ocrx_word' id='word_1_31' title='bbox 219 570 361 613; x_wconf 82' lang='lat' dir='ltr'>Affuit</span> <span class='ocrx_word' id='word_1_32' title='bbox 382 573 626 613; x_wconf 79' lang='lat' dir='ltr'>ominibus:</span> <span class='ocrx_word' id='word_1_33' title='bbox 660 571 849 612; x_wconf 84' lang='lat' dir='ltr'>tenebris</span> <span class='ocrx_word' id='word_1_34' title='bbox 872 570 1118 610; x_wconf 80' lang='lat' dir='ltr'>involverat</span> <span class='ocrx_word' id='word_1_35' title='bbox 1139 574 1234 611; x_wconf 80' lang='lat' dir='ltr'>atra</span> 
     </span>
    </p>

    <p class='ocr_par' dir='ltr' id='par_1_5' title="bbox 220 637 1460 694">
     <span class='ocr_line' id='line_1_7' title="bbox 220 637 1460 694; baseline -0.004 -14"><span class='ocrx_word' id='word_1_36' title='bbox 220 639 386 680; x_wconf 88' lang='lat' dir='ltr'>Lumen</span> <span class='ocrx_word' id='word_1_37' title='bbox 403 640 568 694; x_wconf 76' lang='lat' dir='ltr'>hyems,</span> <span class='ocrx_word' id='word_1_38' title='bbox 591 640 835 691; x_wconf 80' lang='lat' dir='ltr'>densosque</span> <span class='ocrx_word' id='word_1_39' title='bbox 858 638 1004 678; x_wconf 86' lang='lat' dir='ltr'>Notus</span> <span class='ocrx_word' id='word_1_40' title='bbox 1027 637 1264 690; x_wconf 80' lang='lat' dir='ltr'>collegerat</span> <span class='ocrx_word' id='word_1_41' title='bbox 1284 637 1460 677; x_wconf 83' lang='lat' dir='ltr'>imbres.</span> 
     </span>
    </p>
   </div>
   <div class='ocr_carea' id='block_1_3' title="bbox 1598 433 1683 473">
    <p class='ocr_par' dir='ltr' id='par_1_6' title="bbox 1598 433 1683 473">
     <span class='ocr_line' id='line_1_8' title="bbox 1598 433 1683 473; baseline 0.012 -1"><span class='ocrx_word' id='word_1_42' title='bbox 1598 433 1683 473; x_wconf 82' lang='lat'>170</span> 
     </span>
    </p>
   </div>
   <div class='ocr_carea' id='block_1_4' title="bbox 218 760 1687 932">
    <p class='ocr_par' dir='ltr' id='par_1_7' title="bbox 218 760 1687 932">
     <span class='ocr_line' id='line_1_9' title="bbox 218 760 1685 804; baseline -0.003 -10"><span class='ocrx_word' id='word_1_43' title='bbox 218 764 305 804; x_wconf 80' lang='lat' dir='ltr'>patri</span> <span class='ocrx_word' id='word_1_44' title='bbox 317 765 439 803; x_wconf 72' lang='lat' dir='ltr'>ingenti</span> <span class='ocrx_word' id='word_1_45' title='bbox 454 765 492 794; x_wconf 75' lang='lat' dir='ltr'>tu]</span> <span class='ocrx_word' id='word_1_46' title='bbox 505 765 605 794; x_wconf 69' lang='lat' dir='ltr'>oscula</span> <span class='ocrx_word' id='word_1_47' title='bbox 617 762 739 794; x_wconf 79' lang='lat' dir='ltr'>danda.</span> <span class='ocrx_word' id='word_1_48' title='bbox 753 764 857 803; x_wconf 80' lang='lat' dir='ltr'>Neque</span> <span class='ocrx_word' id='word_1_49' title='bbox 870 763 1012 801; x_wconf 74' lang='lat' dir='ltr'>dignitas</span> <span class='ocrx_word' id='word_1_50' title='bbox 1028 764 1154 793; x_wconf 77' lang='lat' dir='ltr'>tardata</span> <span class='ocrx_word' id='word_1_51' title='bbox 1167 767 1229 793; x_wconf 77' lang='lat' dir='ltr'>est.</span> <span class='ocrx_word' id='word_1_52' title='bbox 1245 763 1294 793; x_wconf 90' lang='lat' dir='ltr'>Tu</span> <span class='ocrx_word' id='word_1_53' title='bbox 1310 761 1528 799; x_wconf 74' lang='lat' dir='ltr'>Ca’sursuctus</span> <span class='ocrx_word' id='word_1_54' title='bbox 1540 760 1685 800; x_wconf 77' lang='lat' dir='ltr'>princeps</span> 
     </span>
     <span class='ocr_line' id='line_1_10' title="bbox 218 804 1685 846; baseline -0.003 -9"><span class='ocrx_word' id='word_1_55' title='bbox 218 807 325 838; x_wconf 80' lang='lat' dir='ltr'>statim</span> <span class='ocrx_word' id='word_1_56' title='bbox 337 807 616 846; x_wconf 69' lang='lat' dir='ltr'>adoeqzmrissratri</span> <span class='ocrx_word' id='word_1_57' title='bbox 628 806 786 837; x_wconf 85' lang='lat' dir='ltr'>Arcadio.</span> <span class='ocrx_word' id='word_1_58' title='bbox 807 807 912 846; x_wconf 78' lang='lat' dir='ltr'>Neque</span> <span class='ocrx_word' id='word_1_59' title='bbox 924 805 978 836; x_wconf 77' lang='lat' dir='ltr'>Dii</span> <span class='ocrx_word' id='word_1_60' title='bbox 989 815 1179 845; x_wconf 81' lang='lat' dir='ltr'>quenquam</span> <span class='ocrx_word' id='word_1_61' title='bbox 1191 806 1304 836; x_wconf 81' lang='lat' dir='ltr'>clarius</span> <span class='ocrx_word' id='word_1_62' title='bbox 1315 815 1444 845; x_wconf 80' lang='lat' dir='ltr'>unquam</span> <span class='ocrx_word' id='word_1_63' title='bbox 1453 804 1666 834; x_wconf 65' lang='lat' dir='ltr'>excitaverunt</span> <span class='ocrx_word' id='word_1_64' title='bbox 1675 812 1685 832; x_wconf 87' lang='lat'>.·</span> 
     </span>
     <span class='ocr_line' id='line_1_11' title="bbox 222 847 1686 889; baseline -0.003 -10"><span class='ocrx_word' id='word_1_65' title='bbox 222 850 340 880; x_wconf 84' lang='lat' dir='ltr'>Coelum</span> <span class='ocrx_word' id='word_1_66' title='bbox 356 850 445 879; x_wconf 79' lang='lat' dir='ltr'>nullis</span> <span class='ocrx_word' id='word_1_67' title='bbox 455 850 619 889; x_wconf 66' lang='lat' dir='ltr'>praesagiis</span> <span class='ocrx_word' id='word_1_68' title='bbox 640 849 741 888; x_wconf 81' lang='lat' dir='ltr'>magis</span> <span class='ocrx_word' id='word_1_69' title='bbox 759 848 847 886; x_wconf 78' lang='lat' dir='ltr'>furit</span> <span class='ocrx_word' id='word_1_70' title='bbox 863 848 1030 889; x_wconf 83' lang='lat' dir='ltr'>cuiquam.</span> <span class='ocrx_word' id='word_1_71' title='bbox 1071 849 1247 887; x_wconf 60' lang='lat' dir='ltr'>Tempestas</span> <span class='ocrx_word' id='word_1_72' title='bbox 1257 849 1349 885; x_wconf 76' lang='lat' dir='ltr'>nigra</span> <span class='ocrx_word' id='word_1_73' title='bbox 1363 847 1578 877; x_wconf 71' lang='lat' dir='ltr'>obscuraverat</span> <span class='ocrx_word' id='word_1_74' title='bbox 1589 847 1686 876; x_wconf 80' lang='lat' dir='ltr'>lucem</span> 
     </span>
     <span class='ocr_line' id='line_1_12' title="bbox 218 890 1687 932; baseline -0.002 -11"><span class='ocrx_word' id='word_1_75' title='bbox 218 892 363 932; x_wconf 77' lang='lat' dir='ltr'>caligine,</span> <span class='ocrx_word' id='word_1_76' title='bbox 373 892 519 923; x_wconf 78' lang='lat' dir='ltr'>etAuster</span> <span class='ocrx_word' id='word_1_77' title='bbox 532 895 770 931; x_wconf 72' lang='lat' dir='ltr'><em>congregaverat</em></span> <span class='ocrx_word' id='word_1_78' title='bbox 782 891 903 931; x_wconf 80' lang='lat' dir='ltr'>pluvias</span> <span class='ocrx_word' id='word_1_79' title='bbox 917 892 1039 931; x_wconf 76' lang='lat' dir='ltr'>spissas.</span> <span class='ocrx_word' id='word_1_80' title='bbox 1056 891 1100 921; x_wconf 85' lang='lat' dir='ltr'>At</span> <span class='ocrx_word' id='word_1_81' title='bbox 1110 891 1217 921; x_wconf 77' lang='lat' dir='ltr'>statim</span> <span class='ocrx_word' id='word_1_82' title='bbox 1228 894 1321 931; x_wconf 79' lang='lat' dir='ltr'>atque</span> <span class='ocrx_word' id='word_1_83' title='bbox 1330 890 1446 922; x_wconf 79' lang='lat' dir='ltr'>milites</span> <span class='ocrx_word' id='word_1_84' title='bbox 1457 893 1487 920; x_wconf 86' lang='lat' dir='ltr'>te</span> <span class='ocrx_word' id='word_1_85' title='bbox 1498 890 1687 920; x_wconf 79' lang='lat' dir='ltr'>sustulerunt</span> 
     </span>
    </p>
   </div>
   <div class='ocr_carea' id='block_1_5' title="bbox 833 1008 1068 1020">
    <p class='ocr_par' dir='ltr' id='par_1_8' title="bbox 833 1008 1068 1020">
     <span class='ocr_line' id='line_1_13' title="bbox 833 1008 1068 1020; baseline 0 -1"><span class='ocrx_word' id='word_1_86' title='bbox 833 1008 1068 1020; x_wconf 66' lang='lat' dir='ltr'>eeeeeeeeeeee</span> 
     </span>
    </p>
   </div>
   <div class='ocr_carea' id='block_1_6' title="bbox 218 1081 1691 2018">
    <p class='ocr_par' dir='ltr' id='par_1_9' title="bbox 218 1081 1691 2018">
     <span class='ocr_line' id='line_1_14' title="bbox 220 1081 1687 1122; baseline 0.001 -10"><span class='ocrx_word' id='word_1_87' title='bbox 220 1081 382 1112; x_wconf 79' lang='lat' dir='ltr'>Heinsius</span> <span class='ocrx_word' id='word_1_88' title='bbox 423 1081 629 1121; x_wconf 80' lang='lat' dir='ltr'>ascripserat</span> <span class='ocrx_word' id='word_1_89' title='bbox 658 1091 748 1122; x_wconf 85' lang='lat' dir='ltr'>seqq.</span> <span class='ocrx_word' id='word_1_90' title='bbox 790 1083 1014 1122; x_wconf 80' lang='lat' dir='ltr'>Proesumtum]</span> <span class='ocrx_word' id='word_1_91' title='bbox 1050 1083 1092 1113; x_wconf 85' lang='lat' dir='ltr'>de</span> <span class='ocrx_word' id='word_1_92' title='bbox 1125 1092 1207 1113; x_wconf 70' lang='lat' dir='ltr'>voce</span> <span class='ocrx_word' id='word_1_93' title='bbox 1235 1083 1486 1122; x_wconf 77' lang='lat' dir='ltr'>proesumptionis</span> <span class='ocrx_word' id='word_1_94' title='bbox 1523 1082 1588 1114; x_wconf 88' lang='lat' dir='ltr'>vid.</span> <span class='ocrx_word' id='word_1_95' title='bbox 1623 1083 1687 1114; x_wconf 88' lang='lat' dir='ltr'>Ca-</span> 
     </span>
     <span class='ocr_line' id='line_1_15' title="bbox 219 1124 1686 1165; baseline 0.001 -12"><span class='ocrx_word' id='word_1_96' title='bbox 219 1124 313 1155; x_wconf 83' lang='lat' dir='ltr'>saub.</span> <span class='ocrx_word' id='word_1_97' title='bbox 331 1124 372 1154; x_wconf 91' lang='lat' dir='ltr'>ad</span> <span class='ocrx_word' id='word_1_98' title='bbox 391 1124 482 1155; x_wconf 79' lang='lat' dir='ltr'>Hist.</span> <span class='ocrx_word' id='word_1_99' title='bbox 500 1124 589 1163; x_wconf 68' lang='lat' dir='ltr'>Aug.</span> <span class='ocrx_word' id='word_1_100' title='bbox 606 1134 638 1164; x_wconf 85' lang='lat' dir='ltr'>p.</span> <span class='ocrx_word' id='word_1_101' title='bbox 656 1128 686 1155; x_wconf 80' lang='lat'>6.</span> <span class='ocrx_word' id='word_1_102' title='bbox 704 1129 739 1155; x_wconf 83' lang='lat' dir='ltr'>et</span> <span class='ocrx_word' id='word_1_103' title='bbox 754 1124 893 1155; x_wconf 79' lang='lat' dir='ltr'>Salmas.</span> <span class='ocrx_word' id='word_1_104' title='bbox 911 1135 942 1165; x_wconf 86' lang='lat' dir='ltr'>p.</span> <span class='ocrx_word' id='word_1_105' title='bbox 958 1130 988 1156; x_wconf 84' lang='lat'>5.</span> <span class='ocrx_word' id='word_1_106' title='bbox 1015 1125 1159 1156; x_wconf 79' lang='lat' dir='ltr'>Casaub.</span> <span class='ocrx_word' id='word_1_107' title='bbox 1179 1136 1208 1164; x_wconf 75' lang='lat' dir='ltr'>p.</span> <span class='ocrx_word' id='word_1_108' title='bbox 1226 1128 1255 1156; x_wconf 81' lang='lat'>9.</span> <span class='ocrx_word' id='word_1_109' title='bbox 1273 1129 1308 1155; x_wconf 87' lang='lat' dir='ltr'>et</span> <span class='ocrx_word' id='word_1_110' title='bbox 1325 1126 1464 1156; x_wconf 80' lang='lat' dir='ltr'>Salmas.</span> <span class='ocrx_word' id='word_1_111' title='bbox 1483 1134 1514 1164; x_wconf 84' lang='lat' dir='ltr'>p.</span> <span class='ocrx_word' id='word_1_112' title='bbox 1532 1128 1581 1157; x_wconf 86' lang='lat'>11.</span> <span class='ocrx_word' id='word_1_113' title='bbox 1596 1126 1686 1156; x_wconf 85' lang='lat' dir='ltr'>idem</span> 
     </span>
     <span class='ocr_line' id='line_1_16' title="bbox 219 1166 1686 1208; baseline 0.002 -12"><span class='ocrx_word' id='word_1_114' title='bbox 219 1171 273 1196; x_wconf 83' lang='lat' dir='ltr'>est</span> <span class='ocrx_word' id='word_1_115' title='bbox 296 1166 426 1206; x_wconf 67' lang='lat' dir='ltr'>sponsio.</span> <span class='ocrx_word' id='word_1_116' title='bbox 450 1166 498 1196; x_wconf 86' lang='lat' dir='ltr'>sic</span> <span class='ocrx_word' id='word_1_117' title='bbox 524 1167 644 1206; x_wconf 72' lang='lat' dir='ltr'>sponsio</span> <span class='ocrx_word' id='word_1_118' title='bbox 673 1168 848 1207; x_wconf 76' lang='lat' dir='ltr'>adoptionis</span> <span class='ocrx_word' id='word_1_119' title='bbox 877 1168 1051 1208; x_wconf 83' lang='lat' dir='ltr'>Lamprid.</span> <span class='ocrx_word' id='word_1_120' title='bbox 1079 1173 1115 1198; x_wconf 89' lang='lat' dir='ltr'>ut</span> <span class='ocrx_word' id='word_1_121' title='bbox 1133 1168 1243 1198; x_wconf 83' lang='lat' dir='ltr'>locum</span> <span class='ocrx_word' id='word_1_122' title='bbox 1260 1171 1354 1198; x_wconf 80' lang='lat' dir='ltr'>reete</span> <span class='ocrx_word' id='word_1_123' title='bbox 1372 1167 1531 1197; x_wconf 84' lang='lat' dir='ltr'>emendat</span> <span class='ocrx_word' id='word_1_124' title='bbox 1547 1168 1686 1199; x_wconf 84' lang='lat' dir='ltr'>Salmas.</span> 
     </span>
     <span class='ocr_line' id='line_1_17' title="bbox 220 1208 1687 1250; baseline 0.002 -12"><span class='ocrx_word' id='word_1_125' title='bbox 220 1218 297 1248; x_wconf 69' lang='lat' dir='ltr'>pag.</span> <span class='ocrx_word' id='word_1_126' title='bbox 321 1208 453 1239; x_wconf 83' lang='lat' dir='ltr'>eadem.</span> <span class='ocrx_word' id='word_1_127' title='bbox 487 1212 559 1239; x_wconf 77' lang='lat' dir='ltr'>tuuc</span> <span class='ocrx_word' id='word_1_128' title='bbox 586 1210 703 1240; x_wconf 79' lang='lat' dir='ltr'>lenibus</span> <span class='ocrx_word' id='word_1_129' title='bbox 730 1210 795 1240; x_wconf 86' lang='lat' dir='ltr'>dno</span> <span class='ocrx_word' id='word_1_130' title='bbox 823 1211 917 1241; x_wconf 81' lang='lat' dir='ltr'>Med.</span> <span class='ocrx_word' id='word_1_131' title='bbox 940 1211 1006 1241; x_wconf 89' lang='lat' dir='ltr'>duo</span> <span class='ocrx_word' id='word_1_132' title='bbox 1030 1210 1147 1241; x_wconf 81' lang='lat' dir='ltr'>Ambr.</span> <span class='ocrx_word' id='word_1_133' title='bbox 1173 1211 1300 1241; x_wconf 66' lang='lat' dir='ltr'>Mon-et.</span> <span class='ocrx_word' id='word_1_134' title='bbox 1329 1220 1379 1250; x_wconf 84' lang='lat' dir='ltr'>pr.</span> <span class='ocrx_word' id='word_1_135' title='bbox 1407 1220 1475 1240; x_wconf 86' lang='lat' dir='ltr'>cum</span> <span class='ocrx_word' id='word_1_136' title='bbox 1500 1210 1594 1241; x_wconf 91' lang='lat' dir='ltr'>Med.</span> <span class='ocrx_word' id='word_1_137' title='bbox 1620 1219 1687 1241; x_wconf 88' lang='lat' dir='ltr'>sec.</span> 
     </span>
     <span class='ocr_line' id='line_1_18' title="bbox 219 1251 1688 1292; baseline 0 -10"><span class='ocrx_word' id='word_1_138' title='bbox 219 1251 298 1282; x_wconf 81' lang='lat' dir='ltr'>Jnn.</span> <span class='ocrx_word' id='word_1_139' title='bbox 318 1261 369 1292; x_wconf 86' lang='lat' dir='ltr'>pr.</span> <span class='ocrx_word' id='word_1_140' title='bbox 385 1257 429 1283; x_wconf 85' lang='lat' dir='ltr'>et.</span> <span class='ocrx_word' id='word_1_141' title='bbox 447 1252 542 1282; x_wconf 83' lang='lat' dir='ltr'>Leid.</span> <span class='ocrx_word' id='word_1_142' title='bbox 561 1262 609 1292; x_wconf 83' lang='lat' dir='ltr'>pr.</span> <span class='ocrx_word' id='word_1_143' title='bbox 644 1253 771 1283; x_wconf 73' lang='lat' dir='ltr'>[senibus</span> <span class='ocrx_word' id='word_1_144' title='bbox 787 1254 854 1284; x_wconf 90' lang='lat' dir='ltr'>duo</span> <span class='ocrx_word' id='word_1_145' title='bbox 870 1254 950 1284; x_wconf 81' lang='lat' dir='ltr'>Vat.</span> <span class='ocrx_word' id='word_1_146' title='bbox 976 1253 1048 1284; x_wconf 77' lang='lat' dir='ltr'>Pal.</span> <span class='ocrx_word' id='word_1_147' title='bbox 1076 1254 1165 1284; x_wconf 81' lang='lat' dir='ltr'>Prie.</span> <span class='ocrx_word' id='word_1_148' title='bbox 1193 1254 1287 1284; x_wconf 81' lang='lat' dir='ltr'>Rott.</span> <span class='ocrx_word' id='word_1_149' title='bbox 1305 1252 1411 1284; x_wconf 87' lang='lat' dir='ltr'>Oisel.</span> <span class='ocrx_word' id='word_1_150' title='bbox 1445 1253 1545 1283; x_wconf 76' lang='lat' dir='ltr'>lenius</span> <span class='ocrx_word' id='word_1_151' title='bbox 1568 1251 1688 1283; x_wconf 82' lang='lat' dir='ltr'>Ambr.</span> 
     </span>
     <span class='ocr_line' id='line_1_19' title="bbox 218 1294 1690 1336; baseline 0.003 -14"><span class='ocrx_word' id='word_1_152' title='bbox 218 1303 285 1324; x_wconf 72' lang='lat' dir='ltr'>see.</span> <span class='ocrx_word' id='word_1_153' title='bbox 327 1294 393 1326; x_wconf 85' lang='lat' dir='ltr'>inc.</span> <span class='ocrx_word' id='word_1_154' title='bbox 420 1294 542 1325; x_wconf 84' lang='lat' dir='ltr'>Heius.</span> <span class='ocrx_word' id='word_1_155' title='bbox 588 1295 705 1325; x_wconf 74' lang='lat' dir='ltr'>lenibus</span> <span class='ocrx_word' id='word_1_156' title='bbox 737 1296 820 1335; x_wconf 74' lang='lat' dir='ltr'>Reg.</span> <span class='ocrx_word' id='word_1_157' title='bbox 852 1297 981 1327; x_wconf 75' lang='lat' dir='ltr'>Mazar.</span> <span class='ocrx_word' id='word_1_158' title='bbox 1013 1297 1137 1327; x_wconf 82' lang='lat' dir='ltr'>Moret.</span> <span class='ocrx_word' id='word_1_159' title='bbox 1168 1305 1217 1336; x_wconf 87' lang='lat' dir='ltr'>pr.</span> <span class='ocrx_word' id='word_1_160' title='bbox 1245 1296 1311 1326; x_wconf 85' lang='lat' dir='ltr'>duo</span> <span class='ocrx_word' id='word_1_161' title='bbox 1347 1296 1440 1326; x_wconf 83' lang='lat' dir='ltr'>Leid.</span> <span class='ocrx_word' id='word_1_162' title='bbox 1468 1296 1534 1326; x_wconf 92' lang='lat' dir='ltr'>duo</span> <span class='ocrx_word' id='word_1_163' title='bbox 1567 1295 1690 1326; x_wconf 85' lang='lat' dir='ltr'>Petav.</span> 
     </span>
     <span class='ocr_line' id='line_1_20' title="bbox 218 1335 1688 1379; baseline 0.003 -14"><span class='ocrx_word' id='word_1_164' title='bbox 218 1335 301 1366; x_wconf 83' lang='lat' dir='ltr'>item</span> <span class='ocrx_word' id='word_1_165' title='bbox 325 1336 420 1367; x_wconf 75' lang='lat' dir='ltr'>Med.</span> <span class='ocrx_word' id='word_1_166' title='bbox 437 1337 520 1367; x_wconf 66' lang='lat' dir='ltr'>Exn.</span> <span class='ocrx_word' id='word_1_167' title='bbox 538 1337 681 1368; x_wconf 85' lang='lat' dir='ltr'>Gevart.</span> <span class='ocrx_word' id='word_1_168' title='bbox 698 1338 824 1368; x_wconf 61' lang='lat' dir='ltr'>leet-ibus</span> <span class='ocrx_word' id='word_1_169' title='bbox 840 1339 1051 1370; x_wconf 41' lang='grc' dir='ltr'>(ᾔδη-168</span> <span class='ocrx_word' id='word_1_170' title='bbox 1074 1349 1202 1379; x_wconf 63' lang='lat' dir='ltr'>puerum</span> <span class='ocrx_word' id='word_1_171' title='bbox 1225 1339 1305 1370; x_wconf 88' lang='lat' dir='ltr'>Jun.</span> <span class='ocrx_word' id='word_1_172' title='bbox 1329 1348 1378 1379; x_wconf 83' lang='lat' dir='ltr'>pr.</span> <span class='ocrx_word' id='word_1_173' title='bbox 1410 1348 1537 1378; x_wconf 73' lang='lat' dir='ltr'>parvum</span> <span class='ocrx_word' id='word_1_174' title='bbox 1567 1337 1688 1369; x_wconf 77' lang='lat' dir='ltr'>Petav-</span> 
     </span>
     <span class='ocr_line' id='line_1_21' title="bbox 220 1379 1690 1422; baseline 0.001 -14"><span class='ocrx_word' id='word_1_175' title='bbox 220 1388 269 1417; x_wconf 86' lang='lat' dir='ltr'>pr.</span> <span class='ocrx_word' id='word_1_176' title='bbox 299 1379 425 1410; x_wconf 82' lang='lat' dir='ltr'>Moret.</span> <span class='ocrx_word' id='word_1_177' title='bbox 453 1388 520 1410; x_wconf 84' lang='lat' dir='ltr'>sec.</span> <span class='ocrx_word' id='word_1_178' title='bbox 555 1390 686 1419; x_wconf 77' lang='lat' dir='ltr'>parvum</span> <span class='ocrx_word' id='word_1_179' title='bbox 709 1381 763 1411; x_wconf 84' lang='lat' dir='ltr'>vel</span> <span class='ocrx_word' id='word_1_180' title='bbox 791 1391 903 1420; x_wconf 77' lang='lat' dir='ltr'>magno</span> <span class='ocrx_word' id='word_1_181' title='bbox 928 1382 1007 1413; x_wconf 81' lang='lat' dir='ltr'>Vat.</span> <span class='ocrx_word' id='word_1_182' title='bbox 1036 1386 1148 1422; x_wconf 80' lang='lat' dir='ltr'>quart.</span> <span class='ocrx_word' id='word_1_183' title='bbox 1165 1382 1359 1413; x_wconf 85' lang='lat' dir='ltr'>Oxon.sec.</span> <span class='ocrx_word' id='word_1_184' title='bbox 1389 1383 1571 1421; x_wconf 78' lang='lat' dir='ltr'><em>porrexerat</em></span> <span class='ocrx_word' id='word_1_185' title='bbox 1588 1380 1690 1410; x_wconf 78' lang='lat' dir='ltr'>oscula</span> 
     </span>
     <span class='ocr_line' id='line_1_22' title="bbox 222 1421 1687 1464; baseline 0.001 -13"><span class='ocrx_word' id='word_1_186' title='bbox 222 1422 304 1452; x_wconf 75' lang='lat' dir='ltr'>Exc.</span> <span class='ocrx_word' id='word_1_187' title='bbox 323 1421 405 1452; x_wconf 81' lang='lat' dir='ltr'>Cod.</span> <span class='ocrx_word' id='word_1_188' title='bbox 425 1421 542 1452; x_wconf 60' lang='lat' dir='ltr'>Rheni.</span> <span class='ocrx_word' id='word_1_189' title='bbox 577 1425 678 1462; x_wconf 79' lang='lat' dir='ltr'>patris</span> <span class='ocrx_word' id='word_1_190' title='bbox 694 1424 771 1454; x_wconf 83' lang='lat' dir='ltr'>Vat.</span> <span class='ocrx_word' id='word_1_191' title='bbox 790 1425 897 1464; x_wconf 86' lang='lat' dir='ltr'>quint.</span> <span class='ocrx_word' id='word_1_192' title='bbox 914 1424 1041 1456; x_wconf 67' lang='lat' dir='ltr'>Mor-et.</span> <span class='ocrx_word' id='word_1_193' title='bbox 1055 1427 1232 1455; x_wconf 60' lang='lat' dir='ltr'>seo—169</span> <span class='ocrx_word' id='word_1_194' title='bbox 1257 1424 1307 1454; x_wconf 84' lang='lat' dir='ltr'>Ne</span> <span class='ocrx_word' id='word_1_195' title='bbox 1321 1424 1402 1454; x_wconf 68' lang='lat' dir='ltr'>Van.</span> <span class='ocrx_word' id='word_1_196' title='bbox 1418 1429 1495 1454; x_wconf 75' lang='lat' dir='ltr'>tert.</span> <span class='ocrx_word' id='word_1_197' title='bbox 1512 1422 1585 1454; x_wconf 81' lang='lat' dir='ltr'>Pal.</span> <span class='ocrx_word' id='word_1_198' title='bbox 1621 1433 1687 1453; x_wconf 82' lang='lat' dir='ltr'>mu-</span> 
     </span>
     <span class='ocr_line' id='line_1_23' title="bbox 220 1464 1690 1508; baseline 0.001 -14"><span class='ocrx_word' id='word_1_199' title='bbox 220 1466 305 1494; x_wconf 74' lang='lat' dir='ltr'>tatus</span> <span class='ocrx_word' id='word_1_200' title='bbox 320 1465 398 1495; x_wconf 83' lang='lat' dir='ltr'>Vat.</span> <span class='ocrx_word' id='word_1_201' title='bbox 417 1474 466 1504; x_wconf 86' lang='lat' dir='ltr'>pr.</span> <span class='ocrx_word' id='word_1_202' title='bbox 483 1464 556 1496; x_wconf 83' lang='lat' dir='ltr'>Pal.</span> <span class='ocrx_word' id='word_1_203' title='bbox 571 1466 672 1497; x_wconf 85' lang='lat' dir='ltr'>Farn.</span> <span class='ocrx_word' id='word_1_204' title='bbox 695 1470 813 1497; x_wconf 80' lang='lat' dir='ltr'>mutato</span> <span class='ocrx_word' id='word_1_205' title='bbox 830 1467 954 1498; x_wconf 87' lang='lat' dir='ltr'>Moret.</span> <span class='ocrx_word' id='word_1_206' title='bbox 973 1478 1039 1498; x_wconf 78' lang='lat' dir='ltr'>sec.</span> <span class='ocrx_word' id='word_1_207' title='bbox 1055 1468 1135 1499; x_wconf 80' lang='lat' dir='ltr'>Jun.</span> <span class='ocrx_word' id='word_1_208' title='bbox 1152 1477 1202 1508; x_wconf 84' lang='lat' dir='ltr'>pr.</span> <span class='ocrx_word' id='word_1_209' title='bbox 1236 1467 1370 1497; x_wconf 77' lang='lat' dir='ltr'>miratur</span> <span class='ocrx_word' id='word_1_210' title='bbox 1383 1466 1517 1497; x_wconf 82' lang='lat' dir='ltr'>Tholos.</span> <span class='ocrx_word' id='word_1_211' title='bbox 1550 1468 1690 1496; x_wconf 77' lang='lat' dir='ltr'>mutatur</span> 
     </span>
     <span class='ocr_line' id='line_1_24' title="bbox 221 1505 1688 1550; baseline 0.001 -14"><span class='ocrx_word' id='word_1_212' title='bbox 221 1505 332 1538; x_wconf 83' lang='lat' dir='ltr'>Oxou.</span> <span class='ocrx_word' id='word_1_213' title='bbox 349 1507 477 1537; x_wconf 83' lang='lat' dir='ltr'>Lovan.</span> <span class='ocrx_word' id='word_1_214' title='bbox 496 1506 563 1538; x_wconf 90' lang='lat' dir='ltr'>duo</span> <span class='ocrx_word' id='word_1_215' title='bbox 589 1508 685 1540; x_wconf 82' lang='lat' dir='ltr'>Leid.</span> <span class='ocrx_word' id='word_1_216' title='bbox 703 1509 814 1540; x_wconf 90' lang='lat' dir='ltr'>Pulm.</span> <span class='ocrx_word' id='word_1_217' title='bbox 831 1509 910 1541; x_wconf 74' lang='grc' dir='ltr'>ΑΜ.</span> <span class='ocrx_word' id='word_1_218' title='bbox 928 1514 963 1541; x_wconf 89' lang='lat' dir='ltr'>et</span> <span class='ocrx_word' id='word_1_219' title='bbox 979 1510 1099 1550; x_wconf 80' lang='lat' dir='ltr'>reliqui</span> <span class='ocrx_word' id='word_1_220' title='bbox 1112 1509 1184 1540; x_wconf 84' lang='lat' dir='ltr'>fere</span> <span class='ocrx_word' id='word_1_221' title='bbox 1198 1519 1324 1541; x_wconf 83' lang='lat' dir='ltr'>omues.</span> <span class='ocrx_word' id='word_1_222' title='bbox 1348 1511 1487 1541; x_wconf 77' lang='lat' dir='ltr'>mutatur</span> <span class='ocrx_word' id='word_1_223' title='bbox 1504 1508 1556 1539; x_wconf 86' lang='lat' dir='ltr'>vel</span> <span class='ocrx_word' id='word_1_224' title='bbox 1569 1511 1688 1539; x_wconf 80' lang='lat' dir='ltr'>mutato</span> 
     </span>
     <span class='ocr_line' id='line_1_25' title="bbox 221 1548 1687 1593; baseline 0.001 -14"><span class='ocrx_word' id='word_1_225' title='bbox 221 1548 344 1580; x_wconf 87' lang='lat' dir='ltr'>I&#39;etav.</span> <span class='ocrx_word' id='word_1_226' title='bbox 363 1555 442 1581; x_wconf 83' lang='lat' dir='ltr'>tert.</span> <span class='ocrx_word' id='word_1_227' title='bbox 456 1553 618 1581; x_wconf 76' lang='lat' dir='ltr'>mutantur</span> <span class='ocrx_word' id='word_1_228' title='bbox 628 1551 795 1590; x_wconf 26' lang='lat' dir='ltr'>Var.‘LL.</span> <span class='ocrx_word' id='word_1_229' title='bbox 813 1553 865 1583; x_wconf 85' lang='lat' dir='ltr'>ed.</span> <span class='ocrx_word' id='word_1_230' title='bbox 879 1552 1090 1584; x_wconf 85' lang='lat' dir='ltr'>Antv.——l70</span> <span class='ocrx_word' id='word_1_231' title='bbox 1102 1553 1234 1593; x_wconf 63' lang='lat' dir='ltr'>aequaris</span> <span class='ocrx_word' id='word_1_232' title='bbox 1249 1562 1362 1583; x_wconf 85' lang='lat' dir='ltr'>omnes</span> <span class='ocrx_word' id='word_1_233' title='bbox 1375 1553 1455 1583; x_wconf 81' lang='lat' dir='ltr'>Vat.</span> <span class='ocrx_word' id='word_1_234' title='bbox 1480 1552 1580 1582; x_wconf 81' lang='lat' dir='ltr'>Fam.</span> <span class='ocrx_word' id='word_1_235' title='bbox 1598 1551 1687 1582; x_wconf 85' lang='lat' dir='ltr'>Prie.</span> 
     </span>
     <span class='ocr_line' id='line_1_26' title="bbox 221 1592 1687 1636; baseline 0.002 -14"><span class='ocrx_word' id='word_1_236' title='bbox 221 1592 445 1623; x_wconf 76' lang='lat' dir='ltr'>Rott.0ise1.</span> <span class='ocrx_word' id='word_1_237' title='bbox 481 1594 600 1633; x_wconf 67' lang='lat' dir='ltr'>(equari</span> <span class='ocrx_word' id='word_1_238' title='bbox 626 1594 721 1626; x_wconf 83' lang='lat' dir='ltr'>Med.</span> <span class='ocrx_word' id='word_1_239' title='bbox 749 1604 799 1634; x_wconf 85' lang='lat' dir='ltr'>pr.</span> <span class='ocrx_word' id='word_1_240' title='bbox 832 1600 867 1626; x_wconf 89' lang='lat' dir='ltr'>et</span> <span class='ocrx_word' id='word_1_241' title='bbox 894 1596 1004 1626; x_wconf 81' lang='lat' dir='ltr'>Palat.</span> <span class='ocrx_word' id='word_1_242' title='bbox 1037 1599 1178 1636; x_wconf 78' lang='lat' dir='ltr'>oequutur</span> <span class='ocrx_word' id='word_1_243' title='bbox 1195 1596 1268 1626; x_wconf 89' lang='lat' dir='ltr'>Pal.</span> <span class='ocrx_word' id='word_1_244' title='bbox 1305 1606 1359 1626; x_wconf 81' lang='lat' dir='ltr'>uec</span> <span class='ocrx_word' id='word_1_245' title='bbox 1375 1595 1489 1625; x_wconf 72' lang='lat' dir='ltr'>certius</span> <span class='ocrx_word' id='word_1_246' title='bbox 1504 1593 1622 1624; x_wconf 88' lang='lat' dir='ltr'>Ambr.</span> <span class='ocrx_word' id='word_1_247' title='bbox 1636 1603 1687 1633; x_wconf 87' lang='lat' dir='ltr'>pr.</span> 
     </span>
     <span class='ocr_line' id='line_1_27' title="bbox 219 1634 1689 1678; baseline 0.003 -15"><span class='ocrx_word' id='word_1_248' title='bbox 219 1643 278 1663; x_wconf 79' lang='lat' dir='ltr'>uon</span> <span class='ocrx_word' id='word_1_249' title='bbox 295 1634 416 1674; x_wconf 85' lang='lat' dir='ltr'>viginti</span> <span class='ocrx_word' id='word_1_250' title='bbox 433 1635 489 1666; x_wconf 79' lang='lat' dir='ltr'>alii</span> <span class='ocrx_word' id='word_1_251' title='bbox 508 1640 542 1666; x_wconf 89' lang='lat' dir='ltr'>et</span> <span class='ocrx_word' id='word_1_252' title='bbox 566 1637 649 1668; x_wconf 82' lang='lat' dir='ltr'>Exc.</span> <span class='ocrx_word' id='word_1_253' title='bbox 677 1637 821 1668; x_wconf 78' lang='lat' dir='ltr'>anens.</span> <span class='ocrx_word' id='word_1_254' title='bbox 847 1647 913 1669; x_wconf 77' lang='lat' dir='ltr'>sec.</span> <span class='ocrx_word' id='word_1_255' title='bbox 951 1648 1011 1668; x_wconf 79' lang='lat' dir='ltr'>nou</span> <span class='ocrx_word' id='word_1_256' title='bbox 1032 1639 1117 1669; x_wconf 74' lang='lat' dir='ltr'>ocius</span> <span class='ocrx_word' id='word_1_257' title='bbox 1134 1639 1258 1669; x_wconf 85' lang='lat' dir='ltr'>Moret.</span> <span class='ocrx_word' id='word_1_258' title='bbox 1277 1641 1433 1678; x_wconf 58' lang='lat' dir='ltr'>pin—171</span> <span class='ocrx_word' id='word_1_259' title='bbox 1463 1636 1594 1667; x_wconf 78' lang='lat' dir='ltr'>Hortari</span> <span class='ocrx_word' id='word_1_260' title='bbox 1611 1642 1689 1666; x_wconf 74' lang='lat' dir='ltr'>octo</span> 
     </span>
     <span class='ocr_line' id='line_1_28' title="bbox 221 1676 1688 1720; baseline 0.003 -14"><span class='ocrx_word' id='word_1_261' title='bbox 221 1676 330 1708; x_wconf 77' lang='lat' dir='ltr'>Codd.</span> <span class='ocrx_word' id='word_1_262' title='bbox 347 1678 529 1709; x_wconf 73' lang='lat' dir='ltr'>Hortamur</span> <span class='ocrx_word' id='word_1_263' title='bbox 540 1679 622 1709; x_wconf 84' lang='lat' dir='ltr'>Var.</span> <span class='ocrx_word' id='word_1_264' title='bbox 637 1680 705 1711; x_wconf 88' lang='lat' dir='ltr'>LL.</span> <span class='ocrx_word' id='word_1_265' title='bbox 722 1680 776 1711; x_wconf 79' lang='lat' dir='ltr'>ed.</span> <span class='ocrx_word' id='word_1_266' title='bbox 793 1680 899 1712; x_wconf 86' lang='lat' dir='ltr'>Antv.</span> <span class='ocrx_word' id='word_1_267' title='bbox 919 1681 1020 1711; x_wconf 75' lang='lat' dir='ltr'>nullus</span> <span class='ocrx_word' id='word_1_268' title='bbox 1032 1681 1111 1711; x_wconf 88' lang='lat' dir='ltr'>Pat.</span> <span class='ocrx_word' id='word_1_269' title='bbox 1127 1681 1212 1720; x_wconf 82' lang='lat' dir='ltr'>Reg.</span> <span class='ocrx_word' id='word_1_270' title='bbox 1227 1681 1308 1713; x_wconf 88' lang='lat' dir='ltr'>Jun.</span> <span class='ocrx_word' id='word_1_271' title='bbox 1324 1690 1374 1720; x_wconf 89' lang='lat' dir='ltr'>pr.</span> <span class='ocrx_word' id='word_1_272' title='bbox 1397 1679 1492 1710; x_wconf 84' lang='lat' dir='ltr'>Leid.</span> <span class='ocrx_word' id='word_1_273' title='bbox 1510 1688 1560 1718; x_wconf 88' lang='lat' dir='ltr'>pr.</span> <span class='ocrx_word' id='word_1_274' title='bbox 1575 1678 1688 1710; x_wconf 81' lang='lat' dir='ltr'>Oxou.</span> 
     </span>
     <span class='ocr_line' id='line_1_29' title="bbox 219 1721 1687 1762; baseline 0.001 -13"><span class='ocrx_word' id='word_1_275' title='bbox 219 1722 327 1749; x_wconf 80' lang='lat'>——172</span> <span class='ocrx_word' id='word_1_276' title='bbox 350 1721 518 1752; x_wconf 73' lang='lat' dir='ltr'>violaverat</span> <span class='ocrx_word' id='word_1_277' title='bbox 532 1721 596 1753; x_wconf 89' lang='lat' dir='ltr'>inc.</span> <span class='ocrx_word' id='word_1_278' title='bbox 612 1722 730 1754; x_wconf 85' lang='lat' dir='ltr'>Heius.</span> <span class='ocrx_word' id='word_1_279' title='bbox 745 1723 824 1753; x_wconf 80' lang='lat' dir='ltr'>atris</span> <span class='ocrx_word' id='word_1_280' title='bbox 836 1724 901 1754; x_wconf 88' lang='lat' dir='ltr'>duo</span> <span class='ocrx_word' id='word_1_281' title='bbox 917 1724 997 1754; x_wconf 87' lang='lat' dir='ltr'>Vat.</span> <span class='ocrx_word' id='word_1_282' title='bbox 1019 1723 1096 1754; x_wconf 86' lang='lat' dir='ltr'>Pal.</span> <span class='ocrx_word' id='word_1_283' title='bbox 1115 1724 1213 1754; x_wconf 87' lang='lat' dir='ltr'>Farn.</span> <span class='ocrx_word' id='word_1_284' title='bbox 1230 1724 1359 1754; x_wconf 76' lang='lat' dir='ltr'>Mazar.</span> <span class='ocrx_word' id='word_1_285' title='bbox 1378 1722 1474 1752; x_wconf 74' lang='lat' dir='ltr'>astris</span> <span class='ocrx_word' id='word_1_286' title='bbox 1484 1722 1563 1752; x_wconf 83' lang='lat' dir='ltr'>vat.</span> <span class='ocrx_word' id='word_1_287' title='bbox 1579 1721 1687 1762; x_wconf 83' lang='lat' dir='ltr'>quint.</span> 
     </span>
     <span class='ocr_line' id='line_1_30' title="bbox 219 1762 1686 1806; baseline 0.003 -16"><span class='ocrx_word' id='word_1_288' title='bbox 219 1762 298 1791; x_wconf 77' lang='lat' dir='ltr'>astri</span> <span class='ocrx_word' id='word_1_289' title='bbox 314 1763 392 1794; x_wconf 81' lang='lat' dir='ltr'>Vat.</span> <span class='ocrx_word' id='word_1_290' title='bbox 409 1768 518 1803; x_wconf 81' lang='lat' dir='ltr'>quart.</span> <span class='ocrx_word' id='word_1_291' title='bbox 536 1765 622 1805; x_wconf 76' lang='lat' dir='ltr'>Reg.</span> <span class='ocrx_word' id='word_1_292' title='bbox 639 1765 716 1797; x_wconf 84' lang='lat' dir='ltr'>Pat.</span> <span class='ocrx_word' id='word_1_293' title='bbox 739 1766 820 1798; x_wconf 88' lang='lat' dir='ltr'>Jun.</span> <span class='ocrx_word' id='word_1_294' title='bbox 850 1776 900 1806; x_wconf 82' lang='lat' dir='ltr'>pr.</span> <span class='ocrx_word' id='word_1_295' title='bbox 918 1766 1040 1797; x_wconf 77' lang='lat' dir='ltr'>Petav.</span> <span class='ocrx_word' id='word_1_296' title='bbox 1060 1770 1140 1797; x_wconf 82' lang='lat' dir='ltr'>tert.</span> <span class='ocrx_word' id='word_1_297' title='bbox 1167 1767 1232 1796; x_wconf 85' lang='lat' dir='ltr'>duo</span> <span class='ocrx_word' id='word_1_298' title='bbox 1257 1765 1375 1796; x_wconf 82' lang='lat' dir='ltr'>Ambr.</span> <span class='ocrx_word' id='word_1_299' title='bbox 1406 1768 1491 1795; x_wconf 79' lang='lat' dir='ltr'>astra</span> <span class='ocrx_word' id='word_1_300' title='bbox 1507 1765 1586 1795; x_wconf 87' lang='lat' dir='ltr'>Vat.</span> <span class='ocrx_word' id='word_1_301' title='bbox 1604 1768 1686 1794; x_wconf 80' lang='lat' dir='ltr'>tert.</span> 
     </span>
     <span class='ocr_line' id='line_1_31' title="bbox 223 1803 1688 1848; baseline 0.001 -14"><span class='ocrx_word' id='word_1_302' title='bbox 223 1803 317 1836; x_wconf 81' lang='lat' dir='ltr'>Rott.</span> <span class='ocrx_word' id='word_1_303' title='bbox 333 1805 439 1837; x_wconf 88' lang='lat' dir='ltr'>Oisel.</span> <span class='ocrx_word' id='word_1_304' title='bbox 457 1806 588 1838; x_wconf 88' lang='lat' dir='ltr'>Bonon.</span> <span class='ocrx_word' id='word_1_305' title='bbox 611 1808 692 1839; x_wconf 81' lang='lat' dir='ltr'>var.</span> <span class='ocrx_word' id='word_1_306' title='bbox 711 1808 779 1839; x_wconf 89' lang='lat' dir='ltr'>LL.</span> <span class='ocrx_word' id='word_1_307' title='bbox 804 1808 857 1839; x_wconf 83' lang='lat' dir='ltr'>ed.</span> <span class='ocrx_word' id='word_1_308' title='bbox 883 1809 987 1839; x_wconf 84' lang='lat' dir='ltr'>Antv.</span> <span class='ocrx_word' id='word_1_309' title='bbox 1004 1819 1047 1839; x_wconf 87' lang='lat' dir='ltr'>m.</span> <span class='ocrx_word' id='word_1_310' title='bbox 1067 1818 1116 1848; x_wconf 88' lang='lat' dir='ltr'>pr.</span> <span class='ocrx_word' id='word_1_311' title='bbox 1145 1810 1228 1840; x_wconf 81' lang='lat' dir='ltr'>Exc.</span> <span class='ocrx_word' id='word_1_312' title='bbox 1257 1808 1485 1839; x_wconf 76' lang='lat' dir='ltr'>Gevai·t.‹1tra</span> <span class='ocrx_word' id='word_1_313' title='bbox 1502 1806 1568 1837; x_wconf 90' lang='lat' dir='ltr'>duo</span> <span class='ocrx_word' id='word_1_314' title='bbox 1596 1806 1688 1837; x_wconf 83' lang='lat' dir='ltr'>Med.</span> 
     </span>
     <span class='ocr_line' id='line_1_32' title="bbox 220 1846 1688 1890; baseline 0.003 -14"><span class='ocrx_word' id='word_1_315' title='bbox 220 1846 285 1877; x_wconf 88' lang='lat' dir='ltr'>inc.</span> <span class='ocrx_word' id='word_1_316' title='bbox 318 1847 436 1879; x_wconf 83' lang='lat' dir='ltr'>Heius.</span> <span class='ocrx_word' id='word_1_317' title='bbox 466 1849 563 1880; x_wconf 89' lang='lat' dir='ltr'>Leid.</span> <span class='ocrx_word' id='word_1_318' title='bbox 595 1859 645 1889; x_wconf 89' lang='lat' dir='ltr'>pr.</span> <span class='ocrx_word' id='word_1_319' title='bbox 674 1851 757 1881; x_wconf 89' lang='lat' dir='ltr'>Lov.</span> <span class='ocrx_word' id='word_1_320' title='bbox 788 1851 917 1882; x_wconf 77' lang='lat' dir='ltr'>Thuan.</span> <span class='ocrx_word' id='word_1_321' title='bbox 957 1856 1027 1881; x_wconf 81' lang='lat' dir='ltr'>vet.</span> <span class='ocrx_word' id='word_1_322' title='bbox 1066 1851 1151 1890; x_wconf 85' lang='lat' dir='ltr'>Gyr.</span> <span class='ocrx_word' id='word_1_323' title='bbox 1184 1851 1304 1881; x_wconf 77' lang='lat' dir='ltr'>Ambr.</span> <span class='ocrx_word' id='word_1_324' title='bbox 1328 1859 1393 1881; x_wconf 73' lang='lat' dir='ltr'>sec.</span> <span class='ocrx_word' id='word_1_325' title='bbox 1432 1850 1514 1880; x_wconf 82' lang='lat' dir='ltr'>Exc.</span> <span class='ocrx_word' id='word_1_326' title='bbox 1541 1849 1688 1886; x_wconf 73' lang='lat' dir='ltr'>LueenS.</span> 
     </span>
     <span class='ocr_line' id='line_1_33' title="bbox 221 1891 1689 1933; baseline 0.001 -14"><span class='ocrx_word' id='word_1_327' title='bbox 221 1898 289 1919; x_wconf 85' lang='lat' dir='ltr'>sec.</span> <span class='ocrx_word' id='word_1_328' title='bbox 306 1893 377 1920; x_wconf 80' lang='lat' dir='ltr'>atra</span> <span class='ocrx_word' id='word_1_329' title='bbox 394 1891 446 1921; x_wconf 91' lang='lat' dir='ltr'>vel</span> <span class='ocrx_word' id='word_1_330' title='bbox 461 1895 548 1921; x_wconf 82' lang='lat' dir='ltr'>astra</span> <span class='ocrx_word' id='word_1_331' title='bbox 563 1892 644 1923; x_wconf 84' lang='lat' dir='ltr'>Var.</span> <span class='ocrx_word' id='word_1_332' title='bbox 676 1893 744 1923; x_wconf 87' lang='lat' dir='ltr'>LL.</span> <span class='ocrx_word' id='word_1_333' title='bbox 775 1902 793 1923; x_wconf 87' lang='lat' dir='ltr'>e</span> <span class='ocrx_word' id='word_1_334' title='bbox 818 1903 922 1933; x_wconf 77' lang='lat' dir='ltr'>marg.</span> <span class='ocrx_word' id='word_1_335' title='bbox 946 1893 1060 1924; x_wconf 81' lang='lat' dir='ltr'>Parin.</span> <span class='ocrx_word' id='word_1_336' title='bbox 1086 1895 1166 1923; x_wconf 82' lang='lat' dir='ltr'>utris</span> <span class='ocrx_word' id='word_1_337' title='bbox 1180 1894 1231 1923; x_wconf 88' lang='lat' dir='ltr'>vel</span> <span class='ocrx_word' id='word_1_338' title='bbox 1245 1897 1330 1923; x_wconf 78' lang='lat' dir='ltr'>astra</span> <span class='ocrx_word' id='word_1_339' title='bbox 1341 1892 1437 1923; x_wconf 84' lang='lat' dir='ltr'>Med.</span> <span class='ocrx_word' id='word_1_340' title='bbox 1460 1902 1528 1922; x_wconf 85' lang='lat' dir='ltr'>see.</span> <span class='ocrx_word' id='word_1_341' title='bbox 1541 1892 1620 1922; x_wconf 70' lang='lat' dir='ltr'>atris</span> <span class='ocrx_word' id='word_1_342' title='bbox 1635 1892 1689 1922; x_wconf 87' lang='lat' dir='ltr'>vel</span> 
     </span>
     <span class='ocr_line' id='line_1_34' title="bbox 219 1932 1691 1976; baseline 0.003 -16"><span class='ocrx_word' id='word_1_343' title='bbox 219 1932 299 1961; x_wconf 75' lang='lat' dir='ltr'>astri</span> <span class='ocrx_word' id='word_1_344' title='bbox 312 1932 434 1963; x_wconf 87' lang='lat' dir='ltr'>Petav.</span> <span class='ocrx_word' id='word_1_345' title='bbox 453 1943 503 1973; x_wconf 88' lang='lat' dir='ltr'>pr.</span> <span class='ocrx_word' id='word_1_346' title='bbox 518 1937 588 1964; x_wconf 77' lang='lat' dir='ltr'>acra</span> <span class='ocrx_word' id='word_1_347' title='bbox 602 1935 655 1965; x_wconf 89' lang='lat' dir='ltr'>vel</span> <span class='ocrx_word' id='word_1_348' title='bbox 671 1935 750 1966; x_wconf 74' lang='lat' dir='ltr'>astri</span> <span class='ocrx_word' id='word_1_349' title='bbox 766 1936 849 1966; x_wconf 77' lang='lat' dir='ltr'>Exc.</span> <span class='ocrx_word' id='word_1_350' title='bbox 863 1936 963 1966; x_wconf 73' lang='lat' dir='ltr'>Schot</span> <span class='ocrx_word' id='word_1_351' title='bbox 973 1944 994 1967; x_wconf 90' lang='lat' dir='ltr'>t.</span> <span class='ocrx_word' id='word_1_352' title='bbox 1008 1939 1094 1966; x_wconf 78' lang='lat' dir='ltr'>astra</span> <span class='ocrx_word' id='word_1_353' title='bbox 1107 1941 1141 1966; x_wconf 87' lang='lat' dir='ltr'>et</span> <span class='ocrx_word' id='word_1_354' title='bbox 1157 1936 1288 1966; x_wconf 85' lang='lat' dir='ltr'>emend.</span> <span class='ocrx_word' id='word_1_355' title='bbox 1304 1938 1375 1966; x_wconf 76' lang='lat' dir='ltr'>atra</span> <span class='ocrx_word' id='word_1_356' title='bbox 1388 1934 1482 1966; x_wconf 89' lang='lat' dir='ltr'>Leid.</span> <span class='ocrx_word' id='word_1_357' title='bbox 1497 1944 1565 1976; x_wconf 76' lang='lat' dir='ltr'>see.</span> <span class='ocrx_word' id='word_1_358' title='bbox 1577 1934 1691 1965; x_wconf 79' lang='lat' dir='ltr'>Austri</span> 
     </span>
     <span class='ocr_line' id='line_1_35' title="bbox 221 1975 1690 2018; baseline 0.003 -15"><span class='ocrx_word' id='word_1_359' title='bbox 221 1978 256 2004; x_wconf 83' lang='lat' dir='ltr'>et</span> <span class='ocrx_word' id='word_1_360' title='bbox 273 1975 407 2006; x_wconf 87' lang='lat' dir='ltr'>emend.</span> <span class='ocrx_word' id='word_1_361' title='bbox 423 1977 501 2006; x_wconf 78' lang='lat' dir='ltr'>astri</span> <span class='ocrx_word' id='word_1_362' title='bbox 519 1976 632 2008; x_wconf 84' lang='lat' dir='ltr'>Oxon.</span> <span class='ocrx_word' id='word_1_363' title='bbox 650 1987 717 2009; x_wconf 82' lang='lat' dir='ltr'>sec.</span> <span class='ocrx_word' id='word_1_364' title='bbox 744 1981 826 2018; x_wconf 81' lang='lat' dir='ltr'>atra,</span> <span class='ocrx_word' id='word_1_365' title='bbox 842 1979 894 2009; x_wconf 82' lang='lat' dir='ltr'>vel</span> <span class='ocrx_word' id='word_1_366' title='bbox 909 1978 1001 2018; x_wconf 78' lang='lat' dir='ltr'>astri,</span> <span class='ocrx_word' id='word_1_367' title='bbox 1017 1979 1069 2009; x_wconf 83' lang='lat' dir='ltr'>vel</span> <span class='ocrx_word' id='word_1_368' title='bbox 1085 1978 1165 2009; x_wconf 79' lang='lat' dir='ltr'>atris</span> <span class='ocrx_word' id='word_1_369' title='bbox 1181 1979 1293 2010; x_wconf 80' lang='lat' dir='ltr'>Oxou.</span> <span class='ocrx_word' id='word_1_370' title='bbox 1323 1980 1479 2018; x_wconf 52' lang='lat' dir='ltr'>pum—173</span> <span class='ocrx_word' id='word_1_371' title='bbox 1497 1975 1605 2008; x_wconf 64' lang='lat' dir='ltr'>derisos</span> <span class='ocrx_word' id='word_1_372' title='bbox 1628 1986 1690 2017; x_wconf 83' lang='lat' dir='ltr'>pro</span> 
     </span>
    </p>
   </div>
   <div class='ocr_carea' id='block_1_7' title="bbox 879 2065 1024 2098">
    <p class='ocr_par' dir='ltr' id='par_1_10' title="bbox 879 2065 1024 2098">
     <span class='ocr_line' id='line_1_36' title="bbox 879 2065 1024 2098; baseline -0.007 -1"><span class='ocrx_word' id='word_1_373' title='bbox 879 2065 1024 2098; x_wconf 84' lang='lat' dir='ltr'>NOTAE</span> 
     </span>
    </p>
   </div>
   <div class='ocr_carea' id='block_1_8' title="bbox 221 2147 925 2227">
    <p class='ocr_par' dir='ltr' id='par_1_11' title="bbox 221 2147 925 2227">
     <span class='ocr_line' id='line_1_37' title="bbox 221 2147 925 2194; baseline 0.011 -18"><span class='ocrx_word' id='word_1_374' title='bbox 221 2150 372 2186; x_wconf 60' lang='lat' dir='ltr'>multem,</span> <span class='ocrx_word' id='word_1_375' title='bbox 394 2147 479 2178; x_wconf 87' lang='lat' dir='ltr'>sumi</span> <span class='ocrx_word' id='word_1_376' title='bbox 506 2153 609 2189; x_wconf 85' lang='lat' dir='ltr'>atque</span> <span class='ocrx_word' id='word_1_377' title='bbox 631 2151 757 2190; x_wconf 85' lang='lat' dir='ltr'>gestari</span> <span class='ocrx_word' id='word_1_378' title='bbox 773 2157 925 2194; x_wconf 87' lang='lat' dir='ltr'>coeptum</span> 
     </span>
     <span class='ocr_line' id='line_1_38' title="bbox 221 2201 286 2227; baseline 0 0"><span class='ocrx_word' id='word_1_379' title='bbox 221 2201 286 2227; x_wconf 81' lang='lat' dir='ltr'>est.</span> 
     </span>
    </p>
   </div>
   <div class='ocr_carea' id='block_1_9' title="bbox 219 2246 928 2793">
    <p class='ocr_par' dir='ltr' id='par_1_12' title="bbox 219 2246 926 2388">
     <span class='ocr_line' id='line_1_39' title="bbox 267 2246 926 2290; baseline 0.009 -14"><span class='ocrx_word' id='word_1_380' title='bbox 267 2246 439 2285; x_wconf 81' lang='lat' dir='ltr'>Diadema]</span> <span class='ocrx_word' id='word_1_381' title='bbox 474 2247 628 2278; x_wconf 80' lang='lat' dir='ltr'>Fasciam</span> <span class='ocrx_word' id='word_1_382' title='bbox 645 2250 838 2290; x_wconf 82' lang='lat' dir='ltr'>candidam,</span> <span class='ocrx_word' id='word_1_383' title='bbox 866 2251 926 2282; x_wconf 81' lang='grc' dir='ltr'>ἀπὸ</span> 
     </span>
     <span class='ocr_line' id='line_1_40' title="bbox 219 2297 926 2340; baseline 0.007 -13"><span class='ocrx_word' id='word_1_384' title='bbox 219 2298 276 2327; x_wconf 79' lang='grc' dir='ltr'>τοῦ</span> <span class='ocrx_word' id='word_1_385' title='bbox 291 2298 365 2337; x_wconf 79' lang='grc' dir='ltr'><em>δεῖν,</em></span> <span class='ocrx_word' id='word_1_386' title='bbox 380 2297 503 2336; x_wconf 82' lang='lat' dir='ltr'>ligare;</span> <span class='ocrx_word' id='word_1_387' title='bbox 536 2307 601 2338; x_wconf 86' lang='lat' dir='ltr'>qua</span> <span class='ocrx_word' id='word_1_388' title='bbox 622 2297 728 2330; x_wconf 82' lang='lat' dir='ltr'>fascia</span> <span class='ocrx_word' id='word_1_389' title='bbox 744 2301 926 2340; x_wconf 80' lang='lat' dir='ltr'>cingeban-</span> 
     </span>
     <span class='ocr_line' id='line_1_41' title="bbox 222 2348 568 2388; baseline 0 -10"><span class='ocrx_word' id='word_1_390' title='bbox 222 2352 278 2379; x_wconf 91' lang='lat' dir='ltr'>tur</span> <span class='ocrx_word' id='word_1_391' title='bbox 294 2349 425 2388; x_wconf 83' lang='lat' dir='ltr'>Regum</span> <span class='ocrx_word' id='word_1_392' title='bbox 442 2348 568 2388; x_wconf 83' lang='lat' dir='ltr'>capita.</span> 
     </span>
    </p>

    <p class='ocr_par' dir='ltr' id='par_1_13' title="bbox 222 2398 928 2641">
     <span class='ocr_line' id='line_1_42' title="bbox 268 2398 927 2439; baseline 0.005 -10"><span class='ocrx_word' id='word_1_393' title='bbox 268 2401 328 2430; x_wconf 76' lang='lat'>169</span> <span class='ocrx_word' id='word_1_394' title='bbox 353 2399 498 2429; x_wconf 83' lang='lat' dir='ltr'>Mutatus</span> <span class='ocrx_word' id='word_1_395' title='bbox 515 2398 663 2438; x_wconf 77' lang='lat' dir='ltr'>Principe</span> <span class='ocrx_word' id='word_1_396' title='bbox 691 2399 811 2439; x_wconf 76' lang='lat' dir='ltr'>Coesar]</span> <span class='ocrx_word' id='word_1_397' title='bbox 850 2400 927 2432; x_wconf 89' lang='lat' dir='ltr'>Hoc</span> 
     </span>
     <span class='ocr_line' id='line_1_43' title="bbox 223 2447 928 2488; baseline 0.003 -8"><span class='ocrx_word' id='word_1_398' title='bbox 223 2454 288 2488; x_wconf 81' lang='lat' dir='ltr'>est,</span> <span class='ocrx_word' id='word_1_399' title='bbox 304 2449 478 2480; x_wconf 85' lang='lat' dir='ltr'>Honorius</span> <span class='ocrx_word' id='word_1_400' title='bbox 506 2449 621 2480; x_wconf 81' lang='lat' dir='ltr'>Caesar</span> <span class='ocrx_word' id='word_1_401' title='bbox 644 2447 755 2480; x_wconf 89' lang='lat' dir='ltr'>factus</span> <span class='ocrx_word' id='word_1_402' title='bbox 784 2454 835 2481; x_wconf 85' lang='lat' dir='ltr'>est</span> <span class='ocrx_word' id='word_1_403' title='bbox 861 2451 928 2482; x_wconf 80' lang='lat' dir='ltr'>Ini-</span> 
     </span>
     <span class='ocr_line' id='line_1_44' title="bbox 224 2498 927 2540; baseline 0.004 -11"><span class='ocrx_word' id='word_1_404' title='bbox 224 2503 375 2540; x_wconf 87' lang='lat' dir='ltr'>perator.</span> <span class='ocrx_word' id='word_1_405' title='bbox 413 2498 769 2540; x_wconf 78' lang='lat' dir='ltr'>Principesjuventutis,</span> <span class='ocrx_word' id='word_1_406' title='bbox 784 2500 844 2531; x_wconf 80' lang='lat' dir='ltr'>filii</span> <span class='ocrx_word' id='word_1_407' title='bbox 862 2501 927 2532; x_wconf 90' lang='lat' dir='ltr'>Im-</span> 
     </span>
     <span class='ocr_line' id='line_1_45' title="bbox 222 2550 925 2591; baseline 0.001 -10"><span class='ocrx_word' id='word_1_408' title='bbox 222 2555 420 2591; x_wconf 85' lang='lat' dir='ltr'>peratorum</span> <span class='ocrx_word' id='word_1_409' title='bbox 443 2550 553 2590; x_wconf 88' lang='lat' dir='ltr'>primo</span> <span class='ocrx_word' id='word_1_410' title='bbox 571 2550 786 2587; x_wconf 87' lang='lat' dir='ltr'>dicebantur,</span> <span class='ocrx_word' id='word_1_411' title='bbox 805 2551 925 2583; x_wconf 85' lang='lat' dir='ltr'>deinde</span> 
     </span>
     <span class='ocr_line' id='line_1_46' title="bbox 224 2599 859 2641; baseline 0.002 -10"><span class='ocrx_word' id='word_1_412' title='bbox 224 2600 365 2639; x_wconf 79' lang='lat' dir='ltr'>Augusti</span> <span class='ocrx_word' id='word_1_413' title='bbox 380 2599 522 2637; x_wconf 84' lang='lat' dir='ltr'>fiebant,</span> <span class='ocrx_word' id='word_1_414' title='bbox 539 2610 597 2631; x_wconf 87' lang='lat' dir='ltr'>seu</span> <span class='ocrx_word' id='word_1_415' title='bbox 614 2600 859 2641; x_wconf 84' lang='lat' dir='ltr'>Imperatores.</span> 
     </span>
    </p>

    <p class='ocr_par' dir='ltr' id='par_1_14' title="bbox 223 2651 928 2793">
     <span class='ocr_line' id='line_1_47' title="bbox 268 2651 928 2692; baseline 0.005 -11"><span class='ocrx_word' id='word_1_416' title='bbox 268 2654 330 2682; x_wconf 85' lang='lat'>170</span> <span class='ocrx_word' id='word_1_417' title='bbox 353 2651 502 2692; x_wconf 73' lang='lat' dir='ltr'>AEquaris</span> <span class='ocrx_word' id='word_1_418' title='bbox 509 2651 629 2692; x_wconf 82' lang='lat' dir='ltr'>fratri]</span> <span class='ocrx_word' id='word_1_419' title='bbox 666 2651 839 2683; x_wconf 89' lang='lat' dir='ltr'>Honorius</span> <span class='ocrx_word' id='word_1_420' title='bbox 861 2652 928 2685; x_wconf 87' lang='lat' dir='ltr'>fac-</span> 
     </span>
     <span class='ocr_line' id='line_1_48' title="bbox 225 2700 926 2741; baseline 0.004 -10"><span class='ocrx_word' id='word_1_421' title='bbox 225 2706 279 2732; x_wconf 81' lang='lat' dir='ltr'>tus</span> <span class='ocrx_word' id='word_1_422' title='bbox 297 2705 349 2732; x_wconf 83' lang='lat' dir='ltr'>est</span> <span class='ocrx_word' id='word_1_423' title='bbox 375 2700 555 2741; x_wconf 85' lang='lat' dir='ltr'>Princeps,</span> <span class='ocrx_word' id='word_1_424' title='bbox 578 2701 667 2732; x_wconf 84' lang='lat' dir='ltr'>sicut</span> <span class='ocrx_word' id='word_1_425' title='bbox 691 2706 727 2732; x_wconf 91' lang='lat' dir='ltr'>et</span> <span class='ocrx_word' id='word_1_426' title='bbox 745 2700 926 2735; x_wconf 80' lang='lat' dir='ltr'>Arcadius.</span> 
     </span>
     <span class='ocr_line' id='line_1_49' title="bbox 223 2749 926 2793; baseline 0.004 -12"><span class='ocrx_word' id='word_1_427' title='bbox 223 2750 430 2783; x_wconf 77' lang='lat' dir='ltr'>Theodosius</span> <span class='ocrx_word' id='word_1_428' title='bbox 446 2754 567 2783; x_wconf 82' lang='lat' dir='ltr'>contra</span> <span class='ocrx_word' id='word_1_429' title='bbox 590 2749 781 2792; x_wconf 84' lang='lat' dir='ltr'>Eugenium</span> <span class='ocrx_word' id='word_1_430' title='bbox 804 2751 926 2793; x_wconf 85' lang='lat' dir='ltr'>iturus,</span> 
     </span>
    </p>
   </div>
   <div class='ocr_carea' id='block_1_10' title="bbox 979 2148 1690 2746">
    <p class='ocr_par' dir='ltr' id='par_1_15' title="bbox 979 2148 1689 2293">
     <span class='ocr_line' id='line_1_50' title="bbox 979 2148 1689 2192; baseline -0.006 -8"><span class='ocrx_word' id='word_1_431' title='bbox 979 2152 1095 2184; x_wconf 77' lang='lat' dir='ltr'>ambos</span> <span class='ocrx_word' id='word_1_432' title='bbox 1111 2152 1143 2183; x_wconf 87' lang='lat' dir='ltr'>in</span> <span class='ocrx_word' id='word_1_433' title='bbox 1161 2152 1307 2184; x_wconf 77' lang='lat' dir='ltr'>Oriente</span> <span class='ocrx_word' id='word_1_434' title='bbox 1326 2150 1485 2192; x_wconf 87' lang='lat' dir='ltr'>reliquit;</span> <span class='ocrx_word' id='word_1_435' title='bbox 1522 2153 1559 2180; x_wconf 89' lang='lat' dir='ltr'>ut</span> <span class='ocrx_word' id='word_1_436' title='bbox 1585 2148 1617 2179; x_wconf 89' lang='lat' dir='ltr'>hi</span> <span class='ocrx_word' id='word_1_437' title='bbox 1634 2159 1689 2180; x_wconf 89' lang='lat' dir='ltr'>su-</span> 
     </span>
     <span class='ocr_line' id='line_1_51' title="bbox 981 2199 1689 2243; baseline -0.007 -9"><span class='ocrx_word' id='word_1_438' title='bbox 981 2203 1143 2243; x_wconf 81' lang='lat' dir='ltr'>perstites</span> <span class='ocrx_word' id='word_1_439' title='bbox 1157 2206 1386 2240; x_wconf 85' lang='lat' dir='ltr'>remanerent,</span> <span class='ocrx_word' id='word_1_440' title='bbox 1397 2201 1423 2231; x_wconf 90' lang='lat' dir='ltr'>si</span> <span class='ocrx_word' id='word_1_441' title='bbox 1437 2210 1503 2242; x_wconf 78' lang='lat' dir='ltr'>qua</span> <span class='ocrx_word' id='word_1_442' title='bbox 1513 2199 1689 2230; x_wconf 84' lang='lat' dir='ltr'>calamitas</span> 
     </span>
     <span class='ocr_line' id='line_1_52' title="bbox 979 2254 1168 2293; baseline -0.011 -9"><span class='ocrx_word' id='word_1_443' title='bbox 979 2254 1168 2293; x_wconf 84' lang='lat' dir='ltr'>ingrueret.</span> 
     </span>
    </p>

    <p class='ocr_par' dir='ltr' id='par_1_16' title="bbox 981 2299 1690 2491">
     <span class='ocr_line' id='line_1_53' title="bbox 1026 2299 1690 2342; baseline -0.005 -9"><span class='ocrx_word' id='word_1_444' title='bbox 1026 2306 1084 2333; x_wconf 88' lang='grc'>171</span> <span class='ocrx_word' id='word_1_445' title='bbox 1111 2301 1248 2333; x_wconf 81' lang='lat' dir='ltr'>Hortati</span> <span class='ocrx_word' id='word_1_446' title='bbox 1263 2300 1392 2342; x_wconf 75' lang='lat' dir='ltr'>Superi]</span> <span class='ocrx_word' id='word_1_447' title='bbox 1425 2300 1608 2340; x_wconf 86' lang='lat' dir='ltr'>Nunquam</span> <span class='ocrx_word' id='word_1_448' title='bbox 1629 2299 1690 2330; x_wconf 88' lang='lat' dir='ltr'>Dii</span> 
     </span>
     <span class='ocr_line' id='line_1_54' title="bbox 981 2348 1690 2392; baseline -0.004 -10"><span class='ocrx_word' id='word_1_449' title='bbox 981 2352 1156 2392; x_wconf 78' lang='lat' dir='ltr'>praesagiis</span> <span class='ocrx_word' id='word_1_450' title='bbox 1173 2349 1463 2392; x_wconf 85' lang='lat' dir='ltr'>frequentioribus</span> <span class='ocrx_word' id='word_1_451' title='bbox 1474 2348 1690 2380; x_wconf 75' lang='lat' dir='ltr'>hortatisunt</span> 
     </span>
     <span class='ocr_line' id='line_1_55' title="bbox 982 2400 1688 2443; baseline -0.001 -11"><span class='ocrx_word' id='word_1_452' title='bbox 982 2402 1166 2443; x_wconf 80' lang='lat' dir='ltr'>quicquain</span> <span class='ocrx_word' id='word_1_453' title='bbox 1184 2400 1314 2439; x_wconf 81' lang='lat' dir='ltr'>facere,</span> <span class='ocrx_word' id='word_1_454' title='bbox 1331 2410 1430 2441; x_wconf 79' lang='lat' dir='ltr'>quau]</span> <span class='ocrx_word' id='word_1_455' title='bbox 1454 2401 1636 2430; x_wconf 88' lang='lat' dir='ltr'>voluerunt</span> <span class='ocrx_word' id='word_1_456' title='bbox 1655 2404 1688 2431; x_wconf 87' lang='lat' dir='ltr'>te</span> 
     </span>
     <span class='ocr_line' id='line_1_56' title="bbox 981 2450 1283 2491; baseline -0.007 -9"><span class='ocrx_word' id='word_1_457' title='bbox 981 2451 1178 2491; x_wconf 80' lang='lat' dir='ltr'>Principem</span> <span class='ocrx_word' id='word_1_458' title='bbox 1195 2450 1283 2481; x_wconf 84' lang='lat' dir='ltr'>fieri.</span> 
     </span>
    </p>

    <p class='ocr_par' dir='ltr' id='par_1_17' title="bbox 980 2498 1690 2643">
     <span class='ocr_line' id='line_1_57' title="bbox 1024 2498 1688 2542; baseline -0.003 -11"><span class='ocrx_word' id='word_1_459' title='bbox 1024 2501 1149 2542; x_wconf 79' lang='lat' dir='ltr'>AEther]</span> <span class='ocrx_word' id='word_1_460' title='bbox 1175 2499 1252 2530; x_wconf 83' lang='grc' dir='ltr'>Ἀπὸ</span> <span class='ocrx_word' id='word_1_461' title='bbox 1276 2499 1333 2529; x_wconf 77' lang='grc' dir='ltr'>τοῦ</span> <span class='ocrx_word' id='word_1_462' title='bbox 1359 2498 1464 2537; x_wconf 80' lang='grc' dir='ltr'>αἴθειν,</span> <span class='ocrx_word' id='word_1_463' title='bbox 1478 2499 1611 2533; x_wconf 83' lang='lat' dir='ltr'>urdere;</span> <span class='ocrx_word' id='word_1_464' title='bbox 1634 2502 1688 2529; x_wconf 78' lang='lat' dir='ltr'>est</span> 
     </span>
     <span class='ocr_line' id='line_1_58' title="bbox 980 2548 1690 2592; baseline -0.006 -10"><span class='ocrx_word' id='word_1_465' title='bbox 980 2552 1069 2582; x_wconf 89' lang='lat' dir='ltr'>enim</span> <span class='ocrx_word' id='word_1_466' title='bbox 1087 2561 1163 2592; x_wconf 83' lang='lat' dir='ltr'>pars</span> <span class='ocrx_word' id='word_1_467' title='bbox 1188 2550 1344 2591; x_wconf 86' lang='lat' dir='ltr'>superior</span> <span class='ocrx_word' id='word_1_468' title='bbox 1369 2549 1468 2588; x_wconf 69' lang='lat' dir='ltr'>aeris,</span> <span class='ocrx_word' id='word_1_469' title='bbox 1489 2548 1623 2579; x_wconf 87' lang='lat' dir='ltr'>subtilis</span> <span class='ocrx_word' id='word_1_470' title='bbox 1640 2549 1690 2579; x_wconf 88' lang='lat' dir='ltr'>in-</span> 
     </span>
     <span class='ocr_line' id='line_1_59' title="bbox 981 2600 1618 2643; baseline -0.005 -9"><span class='ocrx_word' id='word_1_471' title='bbox 981 2608 1053 2634; x_wconf 82' lang='lat' dir='ltr'>star</span> <span class='ocrx_word' id='word_1_472' title='bbox 1068 2603 1153 2643; x_wconf 85' lang='lat' dir='ltr'>ignis</span> <span class='ocrx_word' id='word_1_473' title='bbox 1170 2613 1177 2633; x_wconf 92' lang='lat'>:</span> <span class='ocrx_word' id='word_1_474' title='bbox 1203 2602 1257 2633; x_wconf 84' lang='lat' dir='ltr'>hic</span> <span class='ocrx_word' id='word_1_475' title='bbox 1272 2600 1415 2632; x_wconf 83' lang='lat' dir='ltr'>sumitur</span> <span class='ocrx_word' id='word_1_476' title='bbox 1433 2609 1493 2640; x_wconf 85' lang='lat' dir='ltr'>pro</span> <span class='ocrx_word' id='word_1_477' title='bbox 1510 2600 1618 2631; x_wconf 85' lang='lat' dir='ltr'>Coelo.</span> 
     </span>
    </p>

    <p class='ocr_par' dir='ltr' id='par_1_18' title="bbox 981 2651 1686 2746">
     <span class='ocr_line' id='line_1_60' title="bbox 1027 2651 1686 2694; baseline -0.003 -8"><span class='ocrx_word' id='word_1_478' title='bbox 1027 2658 1088 2686; x_wconf 83' lang='lat'>173</span> <span class='ocrx_word' id='word_1_479' title='bbox 1125 2654 1241 2694; x_wconf 78' lang='lat' dir='ltr'>Notus]</span> <span class='ocrx_word' id='word_1_480' title='bbox 1283 2653 1362 2685; x_wconf 83' lang='lat' dir='ltr'>Sive</span> <span class='ocrx_word' id='word_1_481' title='bbox 1393 2651 1533 2691; x_wconf 87' lang='lat' dir='ltr'>Auster,</span> <span class='ocrx_word' id='word_1_482' title='bbox 1561 2657 1686 2685; x_wconf 84' lang='lat' dir='ltr'>ventus</span> 
     </span>
     <span class='ocr_line' id='line_1_61' title="bbox 981 2702 1568 2746; baseline -0.002 -10"><span class='ocrx_word' id='word_1_483' title='bbox 981 2704 1066 2737; x_wconf 81' lang='lat' dir='ltr'>tians</span> <span class='ocrx_word' id='word_1_484' title='bbox 1080 2716 1099 2737; x_wconf 84' lang='lat' dir='ltr'>a</span> <span class='ocrx_word' id='word_1_485' title='bbox 1115 2705 1270 2745; x_wconf 75' lang='lat' dir='ltr'>meridie,</span> <span class='ocrx_word' id='word_1_486' title='bbox 1286 2702 1419 2746; x_wconf 82' lang='lat' dir='ltr'>pluvias</span> <span class='ocrx_word' id='word_1_487' title='bbox 1435 2712 1568 2735; x_wconf 86' lang='lat' dir='ltr'>creans.</span> 
     </span>
    </p>
   </div>
  </div>
 </body>
</html>
