1852 3193
207 198 292 240 :344
690 204 766 235 CL.
798 199 1079 233 οιΑυοιΑΝι
1113 198 1185 230 XI.

439 302 565 345 Telis
581 301 796 357 jacebunt
816 299 976 350 sponte
997 295 1086 337 tuis
1105 295 1227 346 ferae,

437 370 734 422 Gaudensque
757 365 898 407 sacris
919 363 1171 406 vulneribus
1189 365 1259 405 leo

439 435 656 479 Admittat
676 435 865 483 hastam,
882 437 1022 473 morte
1044 432 1291 484 superbior.
1616 427 1672 468 15

442 506 596 546 Venus
615 515 836 544 reversum
856 505 1036 555 spernat
1056 499 1324 547 Adonidem,

437 574 638 614 ,Damnet
656 571 890 613 reductum
912 569 1101 625 Cynthia
1118 567 1338 610 virbium.

440 640 551 682 Cum
572 645 677 694 post
696 640 891 689 labores,
915 639 997 679 sub
1021 636 1189 692 platani
1210 634 1335 677 voles

438 709 639 750 Virentis
659 709 833 758 umbra,
853 708 924 748 vel
943 706 1087 760 gelido
1108 717 1261 759 specu,

437 777 765 819 Torrentiorem
783 776 939 818 fallere
962 775 1136 823 Sirium,
1617 767 1674 809 :20

441 846 501 886 Et
519 845 719 886 membra
739 856 893 885 somno
913 842 1031 883 fessa
1050 840 1289 882 resolveris
1308 854 1316 881 :

442 912 481 954 Ο
504 916 693 966 quantus
713 914 809 951 uret
828 915 919 952 tum
943 909 1148 963 Dryadas
1171 908 1329 950 calor?

210 1027 305 1066 pellas
331 1033 440 1065 equum
468 1023 664 1054 stimulatum
689 1031 743 1062 per
767 1022 868 1061 sylvas
893 1022 1038 1058 excelsas,
1063 1023 1094 1050 et
1117 1019 1216 1049 crines
1239 1018 1286 1049 tui
1311 1016 1434 1048 mobiles
1456 1015 1678 1057 diffundantur·

212 1068 324 1107 ventis,
341 1068 425 1105 ferae
453 1066 535 1096 ultro
565 1066 672 1095 cadent
688 1064 808 1102 jaculis
835 1064 911 1102 tuis,
935 1066 965 1094 et
996 1064 1043 1093 leo
1064 1063 1188 1092 leztutus
1209 1061 1315 1100 plagis
1344 1060 1489 1097 sacratis,
1514 1058 1677 1096 gloriosior

212 1122 269 1141 sua
296 1113 394 1140 morte
420 1108 550 1148 recipiet
573 1107 738 1147 cuspidem.
800 1106 901 1137 Venus
929 1107 1105 1136 contemnat
1134 1103 1309 1135 Adonidem
1336 1103 1535 1133 redeuntem:
1570 1100 1679 1132 Diana

211 1155 388 1184 condemnet
407 1150 612 1191 Hippolytum
627 1149 857 1180 resuscitatum.
902 1148 969 1179 Sed
993 1157 1062 1177 cum
1087 1150 1152 1187 post
1179 1146 1371 1177 venationem
1397 1145 1477 1175 voles
1491 1143 1613 1174 eludere
1629 1142 1681 1174 Si-

211 1198 294 1226 rium
309 1195 517 1226 ardentiorem
531 1193 586 1224 sub
602 1192 739 1233 tegmine
761 1191 886 1232 platani
901 1191 1080 1227 viridantis,
1096 1190 1143 1220 vel
1159 1189 1219 1220 sub
1234 1192 1323 1220 antro
1338 1187 1477 1227 frigido,
1492 1190 1523 1218 et
1540 1195 1616 1218 cum
1631 1195 1679 1217 re-

212 1238 370 1270 luaeaveris
391 1247 498 1279 sopore
523 1246 633 1278 corpus
649 1235 849 1276 fatigatum:
882 1245 899 1265 o
924 1237 1056 1276 quantus
1070 1242 1155 1265 amor
1170 1231 1375 1275 inflammabit
1390 1227 1562 1272 Dryades?
1596 1229 1680 1265 Quot

830 1330 1068 1344 eeeeeeeeeeee

213 1409 273 1432 nes
287 1400 383 1432 Vatt.
399 1398 476 1432 Pal.
500 1400 600 1431 Farn.
628 1397 708 1431 Αἶά.
733 1398 875 1440 Raphel.
901 1398 1025 1438 Isingr.
1051 1397 1156 1430 Gesn.
1173 1400 1208 1428 et
1225 1396 1279 1428 ed.
1296 1395 1435 1436 Bipont.
1477 1394 1681 1434 Laudantque

214 1444 301 1474 Bon.
318 1444 397 1475 Pat.
439 1444 621 1484 Ludentque
636 1442 732 1474 Leid.
750 1453 770 1473 a
786 1452 828 1474 m.
846 1452 871 1473 S.
915 1442 1098 1481 Ludentque
1125 1441 1178 1471 vel
1205 1441 1418 1480 plaudentque
1441 1437 1563 1469 Petav.
1585 1447 1681 1478 pr.—

216 1488 255 1516 13
278 1486 441 1517 haerebunt
467 1487 550 1517 Exc.
578 1486 723 1517 Lucens.
747 1488 900 1517 sec.--l5
934 1485 1089 1516 Admittit
1114 1484 1266 1515 Florent.
1309 1482 1447 1514 studium
1473 1491 1535 1522 pro
1561 1480 1683 1511 hastam

216 1529 330 1560 Oxon.
345 1529 426 1562 Jun.
443 1539 493 1570 pr.
538 1528 698 1568 superbior
720 1529 801 1559 Var.
818 1528 885 1559 LL.
913 1537 930 1557 e
958 1537 1062 1567 marg.
1078 1527 1194 1558 Parm-
1235 1526 1376 1566 superior
1392 1525 1514 1556 Petav.
1531 1527 1611 1554 tert.
1627 1523 1683 1555 ed.

214 1572 330 1604 Vicet.
347 1577 383 1603 et
398 1572 514 1603 Parm.
535 1572 615 1603 Var.
630 1571 700 1603 LL.
717 1570 771 1604 ed.
789 1569 983 1603 Antv.—16
1004 1571 1167 1602 adversum
1183 1570 1236 1601 vel
1251 1571 1419 1600 adductum
1433 1567 1514 1600 Jun.
1531 1576 1581 1608 pr.
1598 1566 1683 1598 Exn.

215 1613 312 1646 Voss
356 1619 479 1654 spernet
495 1614 575 1645 Vat.
593 1618 671 1645 tert.
688 1623 730 1644 m.
747 1623 814 1644 see,
857 1613 976 1653 spernit
1003 1617 1082 1644 octo
1108 1613 1175 1643 alii.
1221 1616 1347 1652 spernat
1365 1611 1442 1642 Vat.
1472 1620 1522 1650 pr.
1547 1620 1590 1641 m.
1613 1618 1682 1640 sec.

215 1656 347 1688 Thuan.
364 1657 490 1688 Moret.
504 1656 563 1688 lib.
580 1665 666 1686 unus
684 1655 799 1686 Ambr.
814 1659 917 1696 atque,
943 1656 989 1686 ita
1006 1655 1146 1695 corrigit
1164 1654 1422 1685 Heinsius.—17
1448 1653 1588 1683 Damnet
1602 1651 1682 1683 Vat.

215 1709 260 1730 m.
287 1709 356 1731 see.
378 1699 507 1731 Thuan.
525 1699 651 1730 Moret.
664 1708 716 1739 pr.
755 1698 896 1729 Dam'nae
913 1697 1033 1728 decem
1056 1698 1123 1728 alii.
1167 1698 1327 1728 reductum
1343 1696 1397 1727 vel
1413 1696 1583 1726 revinctum
1599 1695 1684 1735 Reg.

215 1743 346 1774 Delium
361 1752 423 1782 pro
445 1742 589 1773 Virbium
603 1742 819 1772 'siluam—18
841 1741 922 1771 voles
934 1740 1028 1771 Med.
1043 1744 1155 1781 quart.
1171 1740 1236 1771 inc,
1253 1739 1371 1770 Heins.
1385 1739 1453 1769 duo
1469 1737 1590 1769 Ambr.
1603 1737 1683 1769 Pat.

216 1785 302 1817 Cod.
320 1785 437 1825 Epigr.
451 1784 567 1815 Ambr.
584 1784 638 1815 ed.
655 1784 771 1814 Parm.
795 1789 831 1814 et
854 1783 964 1814 Vicet.
1008 1783 1096 1814 cubes
1112 1782 1209 1814 Leid.
1225 1792 1292 1813 sec.
1309 1791 1386 1813 cum
1402 1781 1583 1812 duodecim
1598 1780 1685 1821 aliis,

216 1827 302 1859 item
317 1827 441 1859 Sched.
458 1827 548 1858 Gud.
571 1826 649 1857 viles
664 1827 749 1858 Exc.
765 1826 861 1856 Voss.
876 1826 956 1857 Var.
973 1826 1040 1856 LL.
1057 1825 1111 1857 ed.
1128 1824 1233 1856 Antv.
1259 1824 1331 1856 Cibi
1343 1824 1417 1856 Pal.
1439 1824 1522 1855 vires
1535 1824 1615 1855 Vat.
1632 1834 1684 1865 pr.

217 1870 318 1902 Fam.
335 1870 445 1902 Oisel.
461 1870 540 1901 Pat.
556 1878 599 1900 m.
614 1879 664 1909 pr.
679 1869 767 1908 jaces
785 1868 878 1900 Med.
894 1872 972 1899 tert.
987 1868 1099 1900 Oxon.
1117 1878 1167 1909 pr.
1184 1868 1273 1906 jaces
1290 1873 1325 1898 et
1341 1867 1474 1898 emend.
1497 1867 1577 1897 voles
1589 1866 1685 1898 Leid.

218 1923 270 1952 pr.
290 1916 377 1953 petes
389 1913 473 1944 Exc.
491 1913 635 1944 Lucens.
651 1921 718 1943 see.
732 1913 820 1951 jaces
836 1911 889 1943 vel
903 1911 993 1942 cubes
1006 1912 1088 1951 Reg.
1102 1912 1190 1950 jaces
1206 1910 1258 1941 vel
1274 1910 1355 1941 voles
1365 1910 1445 1942 Vat.
1462 1919 1512 1950 pr.
1527 1913 1563 1940 et
1576 1909 1685 1951 quint.

218 1956 319 1988 Farn.
350 1955 433 1987 vires
450 1956 500 1986 vel
510 1956 599 1994 jaces
614 1955 736 1986 Petav.
752 1964 820 1986 see.
865 1954 954 1985 cubes
970 1955 1022 1985 vel
1039 1955 1120 1985 voles
1135 1954 1228 1985 Prie.
1244 1953 1371 1985 Moret.
1388 1963 1438 1993 pr.
1454 1958 1491 1984 et
1507 1952 1590 1984 Lov.
1608 1962 1686 1983 cum

218 1999 330 2039 glossa
344 2008 388 2030 sc.
408 1997 535 2037 fallere.
570 1998 658 2036 jaces
670 1998 725 2029 vel
740 1998 823 2029 vires
838 1997 893 2029 vel
910 1998 989 2028 voles
1003 1997 1137 2029 Tholos.
1179 1998 1262 2028 vires
1277 1997 1329 2028 vel
1343 1997 1422 2027 soles
1437 1997 1492 2027 vel
1503 1995 1594 2027 cubes
1610 1995 1689 2026 Flo·

217 2047 305 2074 rent.
351 2042 513 2073 Heinsius
529 2041 724 2082 corrigebat
744 2041 924 2072 lubet.—-l9
944 2041 1052 2080 gelida
1066 2041 1146 2073 Vat.
1164 2050 1214 2081 pr.
1231 2044 1267 2071 et
1285 2044 1364 2071 tert.
1382 2039 1457 2071 Pal.
1475 2039 1574 2071 Fam.
1591 2038 1687 2070 Med.

220 2087 359 2125 {vn—22
381 2088 451 2115 uret
466 2088 540 2116 tunc
556 2085 684 2115 Thuan.
699 2084 780 2116 Jun.
798 2094 849 2124 pr.
866 2083 986 2116 Ambr.
1004 2093 1071 2115 sec.
1087 2083 1170 2114 item
1189 2083 1314 2115 Moret.
1343 2086 1412 2114 uret
1427 2086 1493 2114 tum
1508 2081 1575 2113 duo
1591 2081 1688 2114 Med.

219 2128 305 2159 Exc.
322 2128 466 2159 Lucens.
482 2137 533 2167 pr.
549 2127 602 2158 ed.
618 2127 731 2159 Vicet.
754 2131 821 2158 tum
835 2127 933 2158 deest
949 2127 1076 2159 Moret.
1092 2136 1160 2158 sec.
1192 2130 1260 2157 uret
1276 2129 1341 2157 tam
1358 2125 1469 2157 Oxon.
1486 2135 1536 2166 pr.
1569 2127 1639 2156 uret
1654 2124 1689 2155 in

220 2171 373 2210 Dryadas
389 2173 522 2209 septem
537 2169 595 2199 alii
622 2174 658 2200 et
684 2171 762 2200 Var.
779 2169 848 2201 LL.
876 2169 929 2201 ed.
948 2169 1051 2201 Antv‚
1092 2173 1162 2201 uret
1179 2172 1245 2201 tum
1259 2170 1311 2200 vel
1330 2169 1390 2200 iret
1404 2168 1437 2200 in
1453 2169 1534 2200 Put.
1577 2167 1639 2198 iret
1654 2166 1688 2198 in

220 2213 372 2253 Dryadas
397 2212 476 2244 Vat.
505 2216 582 2244 tert.
609 2212 685 2243 Pal.
713 2211 820 2243 Oisel.
844 2212 912 2244 duo
936 2212 1031 2245 Med.
1058 2213 1187 2245 Mazar.
1214 2213 1337 2244 Petav.
1355 2216 1435 2244 tert.
1449 2212 1530 2243 Var.
1547 2210 1616 2242 LL.
1633 2209 1686 2242 ed.

888 2300 1028 2332 NOTAE

268 2379 307 2410 14
339 2375 449 2408 Sacris
475 2372 666 2415 vulneribus]
710 2372 742 2405 A
769 2373 928 2416 principe
1025 2378 1069 2407 20
1091 2376 1229 2418 Sirium]
1257 2376 1365 2408 Stella
1380 2375 1414 2407 in
1430 2385 1490 2407 ore
1507 2373 1692 2414 Caniculae,

224 2438 320 2461 sacro
335 2428 448 2459 illatis.
984 2435 1027 2457 ex
1047 2426 1179 2458 Servio.
1224 2426 1372 2457 Ponitur
1398 2430 1435 2457 et
1461 2435 1522 2466 pro
1549 2428 1623 2456 toto
1649 2424 1693 2455 si-

269 2483 310 2512 16
333 2478 519 2519 Reversum]
561 2479 614 2510 Ex
628 2476 710 2518 fato,
724 2476 864 2508 alternis
880 2486 931 2508 se·
985 2476 1069 2507 dere
1092 2476 1276 2507 Caniculae.
1332 2476 1456 2507 Graece
1481 2473 1605 2515 σείριος,
1630 2474 1692 2505 ἀπὸ

223 2530 421 2569 mestribus,
438 2533 617 2570 postquam
643 2527 687 2559 ab
700 2537 784 2568 apro
800 2527 931 2559 occisus
985 2526 1108 2567 σείρειν,
1122 2527 1289 2566 exsiccare,
1300 2535 1345 2557 ex
1360 2526 1481 2557 Vossio
1496 2537 1503 2557 ς
1530 2525 1618 2567 quod
1634 2525 1693 2557 illa

225 2586 288 2614 est.
333 2581 436 2613 Hunc
461 2580 581 2611 dicunt
605 2577 709 2610 fuisse
731 2577 858 2618 Solem,
874 2577 933 2620 qui
987 2577 1085 2609 stella
1100 2576 1335 2609 ardentissima
1352 2576 1552 2608 crederetur
1567 2585 1587 2607 a
1603 2580 1695 2608 vete-

226 2642 288 2673 per
311 2642 372 2665 sex
397 2642 529 2664 menses
545 2631 674 2672 hyemis
697 2630 828 2662 hirsuta
843 2629 931 2661 facie
985 2627 1090 2660 ribus.

226 2691 247 2713 a
261 2683 356 2715 nobis
373 2683 506 2723 longius
522 2681 666 2714 recedit.
1028 2681 1070 2710 22
1094 2678 1255 2719 Dryades]
1296 2677 1471 2709 Dicuntur
1486 2675 1547 2708 ἀπὸ
1562 2676 1660 2718 δρυὸς,
1674 2687 1695 2708 α

271 2738 311 2766 17
340 2734 498 2775 Virbium]
524 2734 578 2766 De
605 2733 695 2766 bello
722 2731 862 2771 Getico,
885 2740 932 2763 vs.
985 2739 1107 2771 quercu.
1152 2730 1239 2761 Sunt
1256 2729 1423 2770 Nymphae
1439 2729 1621 2770 sylvarum.

228 2787 302 2819 440.
