1857 3177
556 202 601 231 ιΝ
642 200 780 231 pnes.
817 199 874 228 Εἰ·
908 199 1053 227 omn.
1087 198 1224 227 eous.
1548 186 1604 227 87

154 299 193 340 T
196 303 296 339 ecla
318 302 477 351 purant
497 297 643 350 epulis
661 308 669 334 :
701 301 903 347 ostroque
923 293 1086 333 infecta
1107 303 1289 332 corusco

160 366 357 406 Humida
390 364 653 416 gemmiferis
684 364 830 403 illuxit
860 361 979 413 regia
1001 360 1179 399 mensis.
1523 356 1606 397 ⁴265

214 432 252 473 O
276 434 384 472 bene
410 433 623 483 signatum
657 431 849 470 fraterno
890 427 1066 468 nomine
1095 424 1291 478 teinpus!

160 501 198 540 O
222 499 564 551 consanguineis
587 499 692 538 felix
715 497 970 538 auctoribus
999 506 1125 542 anne,

159 568 308 620 Incipe
330 566 618 619 quadrifidum
658 565 815 605 Phoebi
847 568 1050 616 torquere
1086 561 1297 601 laborem.

162 635 309 675 Prima
329 635 406 674 tibi
429 634 639 686 procedat
674 633 843 685 liyeinS‚
862 643 949 670 non
971 629 1127 679 frigore
1161 631 1355 678 torpens‘,

159 701 263 742 Non
285 713 416 741 canus
438 701 597 740 vestita
614 701 751 748 nives,
771 711 855 737 nou
875 708 1032 749 aspera
1053 693 1209 742 ventis,
1528 688 1613 728 270

160 769 247 810 Sed
286 767 436 821 tepido
474 767 688 808 calefacta
714 765 866 805 Noto:
900 776 972 803 ver
1008 762 1110 801 iude
1143 772 1344 800 serenum

160 836 380 884 Protinrm,
419 839 463 875 et
497 832 924 887 liquidi'elementior
950 842 1054 870 aura
1076 828 1244 868 Favoni

160 901 306 943 Pratis
329 907 371 942 te
389 902 555 942 croceis
575 901 754 954 pingat;
783 903 825 939 te
847 897 1067 938 messibus
1090 899 1223 935 aestas

161 968 334 1018 Induat,
357 974 681 1020 autumnusque
700 965 984 1006 madentibus
1007 963 1175 1003 ambiat
1195 961 1313 1001 uvis.

163 1035 292 1076 Omni
314 1036 504 1076 nobilior
526 1035 667 1076 lustro
689 1034 770 1074 tibi
793 1033 933 1085 gloria
957 1031 1045 1071 soli
1534 1023 1618 1064 275

165 1102 377 1155 Contigit,
400 1106 605 1142 exactum
628 1112 851 1152 nunquam
869 1103 1110 1138 memorata
1126 1109 1206 1148 per
1227 1106 1387 1142 aevum,

164 1169 411 1210 Germanos
432 1169 642 1210 habuisse
666 1167 833 1209 duces:
865 1169 907 1205 te
929 1167 1088 1204 cuncta
1109 1163 1316 1215 loquetur

165 1306 293 1345 imperio
309 1306 412 1345 patris
437 1304 560 1342 Tibris,
587 1305 765 1343 prceparant
794 1302 917 1331 domum
946 1299 1095 1337 com-icio,
1122 1301 1152 1328 et
1177 1297 1337 1328 Palatium
1352 1297 1458 1334 udum,
1480 1298 1623 1325 ornatum

161 1357 298 1387 purpura
309 1347 433 1386 nitenti,
448 1346 571 1384 refulsit
588 1345 698 1375 mensis
710 1344 885 1382 gemmatis.
921 1343 950 1371 0
966 1340 1230 1381 tempusfeliciter
1244 1340 1439 1377 designatum
1450 1336 1622 1367 nominibus

155 1390 297 1426 fratrum
313 1389 327 1419 !
348 1400 364 1419 o
379 1399 457 1420 anne
474 1388 650 1426 fortunate,
664 1386 838 1417 auctoribus
846 1384 1014 1422 fratribus,
1030 1384 1201 1422 aggredere
1216 1383 1335 1412 volvere
1350 1390 1423 1420 opus
1439 1380 1622 1419 quadripar-

165 1432 257 1462 titum
275 1432 369 1463 Solis.
417 1433 536 1472 Hyems
561 1431 651 1470 prior
673 1430 776 1470 effluat
793 1428 851 1458 tibi
864 1438 922 1458 non
937 1427 1043 1466 rigens
1059 1425 1172 1463 glacie,
1190 1434 1249 1455 non
1264 1425 1364 1454 cincta
1388 1423 1506 1453 uiribus
1531 1421 1621 1459 albis,

165 1485 224 1505 non
241 1475 388 1513 infestata
404 1475 512 1513 ventis,
523 1475 574 1503 sed
588 1474 688 1503 calens
703 1472 820 1502 Austro
832 1470 960 1510 tepenti.
986 1469 1063 1499 Inde
1080 1469 1140 1499 Ver
1150 1467 1347 1507 tranquillum
1359 1466 1479 1504 statim,
1487 1468 1517 1495 et
1524 1463 1626 1504 flatus

166 1517 264 1548 lenior
289 1518 427 1558 Zephyri
448 1517 548 1547 serem*
564 1517 697 1546 illustret
723 1517 754 1544 te
770 1515 802 1544 in
819 1514 921 1553 pratis
934 1512 1074 1553 floridis.
1120 1511 1227 1541 AEstas
1244 1510 1353 1540 vestiat
1371 1512 1400 1539 te
1412 1507 1576 1547 frugibus,
1593 1509 1624 1536 et

166 1560 341 1591 Autumnus
355 1561 463 1599 cingat
477 1560 605 1590 racemis
620 1556 888 1598 vinofluentibus.
936 1555 1042 1586 Honos
1069 1554 1183 1585 clarior
1204 1556 1268 1583 toto
1283 1552 1497 1592 quinquennio,
1519 1550 1625 1580 honos

167 1613 314 1643 nusquam
330 1606 476 1634 narratus
489 1612 544 1642 per
558 1611 652 1632 annos
664 1599 852 1641 proeteriCOS,
867 1598 981 1629 accidit
1005 1597 1065 1628 tibi
1088 1597 1154 1637 uui,
1167 1595 1308 1627 habuisse
1323 1596 1463 1625 ductores
1482 1593 1605 1630 fratres
1617 1600 1627 1620 .·

810 1686 1046 1699 eeeeeeeeeeee

169 1747 262 1779 Leid.
282 1757 334 1788 pr.
366 1748 431 1779 duo
457 1749 536 1780 Vat.
559 1748 634 1778 Pal.
651 1747 754 1777 Far-n.
769 1745 863 1776 Prie.
899 1744 1000 1785 peplis
1015 1744 1156 1784 Raphel.
1179 1752 1197 1773 e
1214 1741 1302 1781 conj.
1318 1740 1405 1771 Scal.
1442 1737 1558 1776 refecta
1574 1736 1628 1767 ed.

171 1791 286 1822 Parm.
313 1791 427 1822 Vicet.
456 1791 580 1831 Isiugr.
607 1790 740 1830 Gryph.
766 1788 876 1819 Colin.
893 1788 937 1818 al.
969 1786 1088 1825 referta
1114 1795 1218 1825 marg.
1243 1784 1366 1824 Isingr.
1403 1781 1519 1819 insecta
1548 1779 1628 1810 Ald.

171 1837 275 1865 -265
302 1834 444 1865 Horrida
462 1844 523 1875 pro
541 1834 682 1864 Humida
704 1831 798 1862 Prie.
823 1840 842 1861 a
868 1841 913 1861 m.
936 1832 1095 1870 pr.—·267
1118 1838 1216 1859 annus
1230 1827 1308 1857 vat.
1326 1825 1433 1866 quint.
1448 1824 1521 1854 Pal.
1535 1821 1629 1853 Prie.

171 1877 256 1907 Exc.
274 1877 374 1908 Laeu.
397 1887 486 1907 annae
498 1877 550 1906 ed.
563 1876 676 1907 Vicet.
700 1884 778 1905 anne
793 1878 850 1904 vet
873 1872 1049 1913 Gyr.Vat.
1062 1876 1134 1912 opt.
1149 1872 1249 1901 Farn.
1264 1870 1345 1900 Var.
1359 1869 1471 1898 Lectt.
1489 1876 1507 1896 e
1522 1873 1628 1903 marg.

172 1919 287 1949 Parm.
313 1924 348 1950 et
376 1921 460 1950 Exc.
487 1920 743 1950 Putean.-—269
764 1916 902 1956 procedit
929 1915 983 1946 ed.
1013 1915 1125 1945 Vicet.
1151 1914 1266 1943 Parin.
1294 1911 1403 1942 Colin.
1451 1918 1505 1939 nec
1533 1906 1629 1937 Med.

173 1966 284 2001 quart.
316 1971 377 2001 pro
408 1965 531 2002 torpens
556 1961 717 1992 Heinsius
733 1960 927 1999 conjecerat
947 1959 1185 1988 torrens—271
1210 1955 1313 1995 tepido
1329 1954 1451 1983 Petav.
1466 1961 1518 1991 pr.
1534 1948 1629 1979 Med.

175 2013 226 2042 pr.
264 2003 342 2034 Ald.
370 2005 422 2034 ed.
448 2006 560 2035 Parm.
590 2009 625 2034 et
655 2004 771 2033 Vieet.
811 2001 930 2040 trepido
964 2000 1146 2029 Par—273
1181 2000 1258 2027 aetas
1286 1996 1486 2026 Prie—274
1511 1991 1629 2022 imbuat

174 2046 254 2076 Vat.
283 2046 363 2085 duo,
388 2047 461 2077 Pal.
479 2047 581 2076 Farn.
618 2045 733 2076 ambiat
757 2044 879 2074 Petav.
897 2052 948 2083 pr.
965 2046 1001 2073 et
1014 2041 1093 2073 Ald.
1136 2040 1235 2071 inhiat
1252 2037 1348 2069 Leid.
1370 2046 1422 2078 pr.
1440 2045 1460 2066 a
1476 2045 1518 2066 m.
1534 2043 1630 2074 pr.—

831 2159 975 2191 NOTAE

176 2263 287 2295 Italia.
330 2263 513 2293 Tarentum
529 2259 657 2290 dicitur
674 2261 786 2288 autem
802 2265 877 2287 esse
930 2253 1095 2286 Meridie.

176 2316 211 2346 in
229 2314 377 2353 OEbalia,
407 2313 483 2354 quia
500 2310 674 2343 conditum
693 2314 745 2340 est
761 2318 781 2338 a
796 2307 877 2338 viris
974 2308 1036 2337 273
1063 2303 1202 2343 croceis]
1242 2299 1411 2338 Pulchris,
1437 2297 1635 2338 picturatis.

178 2365 235 2407 qui
263 2374 306 2396 ex
342 2363 487 2400 OEbaba,
510 2371 571 2393 seu
602 2360 759 2398 Laconia,
790 2358 878 2390 duce
932 2359 1098 2389 Croeeum
1114 2357 1237 2386 vocant
1248 2351 1369 2383 Poetae
1381 2348 1471 2391 quod
1481 2352 1532 2379 est
1545 2346 1634 2388 grati

178 2415 361 2453 Phalanto,
375 2412 521 2454 profecti
534 2415 642 2442 erant.
933 2412 1104 2449 aspectus.

221 2470 285 2498 266
311 2466 426 2497 Obene
444 2461 618 2503 signatum]
651 2462 800 2501 Tempus
822 2468 878 2489 an·
976 2460 1038 2488 275
1063 2454 1191 2494 Lustro]
1238 2454 1396 2483 Lustrum
1426 2449 1480 2479 hic
1509 2446 1635 2488 signifi-

178 2528 297 2550 norum
313 2516 556 2557 designabatur
572 2524 633 2554 per
650 2512 826 2544 Consules.
936 2512 995 2539 cat
1009 2507 1159 2548 spatium
1177 2503 1326 2545 quinque
1351 2508 1533 2535 annorum3
1557 2497 1637 2538 quia

220 2571 283 2600 267
300 2566 544 2606 Cousanguineis
554 2562 741 2602 auctoribus]
757 2561 885 2593 Fratri·
937 2559 1055 2600 quinto
1081 2564 1215 2598 quoque
1239 2561 1337 2591 auno,
1363 2548 1535 2581 sacrificiis
1558 2547 1638 2578 urbs

180 2617 253 2656 bus,
262 2617 381 2658 quibus
395 2614 603 2653 auctoribus,
616 2618 719 2653 atque
733 2610 886 2651 ducibuS,
938 2609 1148 2640 lustrabatur
1164 2611 1265 2646 atque
1283 2602 1503 2643 purgabatur.

184 2676 288 2697 annus
305 2666 474 2707 procedit,
490 2670 592 2706 atque
608 2663 863 2695 denominatur.
981 2662 1042 2690 277
1069 2659 1238 2689 Germanos
1253 2653 1391 2684 habuisse
1403 2650 1508 2690 duces]
1552 2648 1640 2680 Poe-

227 2719 287 2747 271
314 2717 412 2757 Noto]
448 2717 581 2747 Ventus
606 2718 672 2754 est,
700 2713 757 2755 qui
780 2711 842 2743 flat
867 2721 887 2741 a
940 2709 1023 2750 tice,
1039 2717 1116 2739 nam
1132 2711 1168 2738 ct
1183 2705 1241 2737 alii
1255 2702 1380 2734 fratres
1397 2700 1495 2732 fuere
1512 2700 1640 2732 Consu-
