1842 3193
277 201 333 241 44
820 208 1189 242 i‘RoLE'GOMENA

279 308 371 349 deri
402 310 571 361 potest}
614 320 714 348 nam
748 308 890 347 omnis
923 307 1166 348 divinarum
1196 307 1566 359 humanarumque
1595 316 1736 347 rerum

279 377 477 418 scientiae
500 377 671 429 potiora
693 377 856 427 capita,
891 375 1174 427 diversasque
1205 374 1260 413 de
1292 374 1345 413 iis
1375 373 1737 427 philosophorum

279 444 509 497 opiniones
538 444 728 483 maxime
759 442 1063 481 memorabiles
1091 441 1312 493 exposuit.
1374 440 1518 480 Etiam
1540 445 1737 481 astrono-

278 513 378 552 miae
400 511 710 565 exquisitioris,
733 522 819 549 non
841 508 1045 561 poeticae‚
1069 509 1360 561 cognitionem
1382 508 1571 549 ostendit
1590 508 1739 548 multis

282 579 326 619 in
356 579 480 628 locis,
526 592 625 631 quac
657 581 802 618 tamen
844 591 900 617 ex
933 576 1109 616 Claudii
1141 576 1373 616 Ptolemaei
1414 576 1513 616 inde
1543 579 1741 628 tempore

282 645 629 696 Alexandrinos,
647 647 723 699 qui
742 645 916 698 quidem
938 645 1136 685 doctrina
1152 645 1220 684 vel
1237 645 1387 685 leviter
1403 647 1551 685 essent
1570 644 1741 693 imbuti,

279 714 426 767 sugere
447 728 533 755 non
554 719 766 768 poteraut.
830 713 943 763 Quae
966 714 1047 754 etsi
1079 714 1162 754 sint
1193 726 1272 766 per
1304 726 1349 752 se
1379 713 1562 765 egregia,
1599 716 1744 753 tamen

281 781 468 835 poeseos
499 788 663 823 naturae
700 796 852 835 parum
891 780 1223 822 accommodata
1270 794 1366 821 esse
1409 780 1498 820 dici
1533 783 1742 833 possunt3

282 850 439 890 etenim
460 850 537 890 illa
566 863 634 889 res
655 853 821 889 tantum
852 850 913 889 ita
944 848 1237 901 prosequitur,
1269 850 1316 887 ut
1346 848 1390 887 in
1420 860 1572 887 sensus
1603 847 1746 887 incur-

283 921 396 966 runt,
428 918 679 970 respuitque
701 916 883 956 subtiles
904 915 1002 955 illas
1025 915 1229 963 rationes,
1262 927 1361 967 quae
1385 915 1555 954 calculo
1577 917 1745 954 tantum

283 985 431 1037 posito
453 989 529 1025 aut
547 989 689 1023 mente
711 987 753 1024 et
780 984 1112 1023 ratiocinatione
1135 984 1413 1036 colliguntur.
1475 981 1620 1022 Nemo
1643 993 1747 1022 sane

286 1052 553 1105 frequentior
573 1052 654 1091 suit
675 1050 921 1090 Claudiano
953 1052 995 1090 in
1016 1050 1174 1091 sabulis
1198 1051 1391 1104 antiquis
1411 1049 1684 1103 proferendis
1704 1052 1748 1089 et

289 1118 624 1165 coacervandis,
657 1130 768 1169 quas
790 1120 954 1155 mutare
976 1117 1086 1156 solet
1116 1117 1331 1156 interdum
1362 1122 1407 1156 et
1428 1117 1595 1157 variare
1618 1120 1661 1157 et
1680 1128 1748 1156 ra-

293 1185 400 1225 tioni
420 1184 739 1238 philosophicae
763 1182 1097 1223 accommodare
1120 1183 1379 1233 Stoicorum,
1415 1183 1490 1236 qui
1510 1183 1594 1223 hoc
1615 1183 1749 1236 inpri-

288 1253 373 1292 mis
405 1252 697 1300 instituerunt,
731 1254 772 1290 et
793 1252 1075 1304 popularium
1110 1264 1289 1291 suorum
1322 1251 1559 1303 exemplo3
1591 1250 1669 1299 ita,
1701 1253 1750 1292 ut

288 1331 379 1358 non
408 1332 590 1359 necesse
621 1319 679 1359 sit
709 1318 752 1358 in
782 1319 852 1368 iis,
896 1319 940 1358 in
986 1320 1145 1371 quibus
1178 1332 1204 1359 a
1235 1319 1404 1371 vulgari
1436 1317 1750 1358 consuetudine

289 1386 466 1436 recedit,
490 1386 545 1427 ad
568 1387 799 1426 obscuram
822 1385 1075 1426 Heraclidis
1097 1386 1377 1439 disciplinam
1398 1384 1649 1436 confugere,
1677 1388 1753 1426 aut

292 1454 400 1494 alios
422 1458 621 1494 auctores
657 1454 1007 1506 circumspicere,
1041 1467 1153 1506 quos
1189 1458 1364 1494 secutus
1388 1453 1461 1493 sit.
1522 1453 1751 1493 Terrarum

290 1534 464 1574 quoque
483 1526 525 1562 et
548 1523 771 1573 regionum
802 1520 1168 1573 descriptionibus
1201 1520 1422 1570 abundat3
1455 1520 1573 1573 quod
1595 1521 1751 1561 mirum

292 1601 389 1628 esse
409 1591 569 1642 nequit,
603 1602 702 1629 cum
737 1588 1018 1629 Alexandriae
1051 1588 1331 1641 geographia}
1364 1587 1509 1628 studia
1538 1588 1752 1629 florerent.

294 1654 397 1704 Qua
414 1656 457 1695 in
478 1669 522 1696 re
545 1657 675 1696 simul
705 1661 902 1709 apparet,
934 1670 1033 1696 eum
1066 1657 1250 1705 illorum,
1283 1669 1384 1709 quae
1407 1669 1558 1696 versus
1581 1659 1753 1709 septen-

293 1722 475 1762 trionem
498 1724 580 1763 sita
600 1728 714 1773 sunt,
739 1724 807 1763 vel
830 1724 1134 1776 imperfectam
1155 1724 1222 1763 vel
1243 1723 1403 1763 nullam
1423 1723 1631 1763 habuisse
1652 1736 1755 1776 cog-

292 1789 522 1840 nitionem3
554 1794 595 1830 et
616 1792 658 1830 in
679 1791 942 1843 quibusdam
964 1791 1078 1840 aliis,
1103 1803 1289 1843 quorum
1309 1803 1459 1829 verum
1479 1790 1611 1830 situm
1633 1790 1755 1843 igno-

295 1862 423 1907 raret,
458 1863 505 1898 ut
538 1860 705 1911 passim
737 1860 811 1899 alii
849 1871 1025 1911 quoque
1060 1858 1264 1905 fecerunt,
1298 1858 1468 1908 ingenio
1498 1856 1753 1899 indulsisse.

296 1923 530 1977 Praecipue
550 1926 1002 1977 splendidissimorum
1017 1926 1202 1974 urbium,
1217 1926 1442 1973 montium,
1459 1928 1500 1964 et
1516 1924 1755 1975 fluminum,

296 1991 365 2031 vel
378 1993 536 2044 mythis
552 1993 880 2041 celebratorum,
897 1993 967 2033 vel
986 2005 1127 2032 rerum
1145 1993 1377 2033 annalibus
1393 1992 1754 2042 memorabilium,

294 2057 496 2111 frequens
528 2059 576 2099 fit
619 2062 780 2113 ubique
814 2062 991 2110 mentio,
1033 2061 1152 2100 nulla
1184 2060 1271 2100 fere
1312 2060 1461 2100 habita
1493 2061 1537 2099 in
1572 2059 1756 2100 urbibus

295 2126 476 2174 ratione,
510 2133 650 2166 utrum
666 2132 863 2168 extarent
877 2129 1032 2177 adhuc,
1064 2142 1119 2168 an
1139 2130 1276 2168 ruinae
1292 2132 1453 2168 tantum
1469 2129 1756 2178 superessent.

297 2193 349 2234 In
379 2195 650 2246 exponendis
682 2208 855 2246 quoque
898 2197 1027 2234 rebus
1070 2208 1152 2234 suo
1190 2200 1382 2246 tempore
1426 2194 1556 2245 gestis
1589 2194 1758 2234 colores

296 2253 409 2300 solet
438 2265 584 2313 petere
616 2273 673 2300 ex
717 2262 994 2314 antiquorum
1026 2267 1068 2301 et
1100 2262 1352 2302 Graecorum
1385 2267 1426 2302 et
1457 2261 1757 2302 Romanorum

299 2329 495 2369 moribus
519 2334 648 2380 atque
669 2329 894 2377 institutis,
926 2328 971 2368 id
994 2329 1109 2382 quod
1138 2330 1182 2369 in
1204 2335 1377 2382 promtu
1398 2329 1525 2369 debet
1544 2342 1642 2369 esse
1664 2342 1757 2369 ear-

299 2396 417 2436 mina
436 2396 530 2449 ejus
551 2396 725 2448 legenti,
741 2408 793 2435 ne
812 2409 878 2445 ea,
897 2409 996 2448 quae
1015 2396 1089 2435 diu
1105 2397 1196 2450 jam
1220 2397 1263 2435 in
1285 2395 1613 2436 desuetudinem
1630 2409 1759 2436 vene-

299 2464 398 2514 rint,
423 2464 654 2504 Claudiani
688 2463 828 2503 adhuc
863 2465 1133 2517 temporibus
1163 2464 1404 2504 obtinuisse
1438 2465 1757 2506 existimentur.

303 2531 407 2583 Qua
428 2545 473 2571 re
504 2531 588 2571 hoe
620 2537 684 2571 est
716 2538 992 2580 consecutus,
1029 2537 1076 2572 ut
1106 2533 1160 2571 iis
1193 2531 1360 2571 dicendi
1387 2530 1583 2570 formulis
1604 2535 1758 2583 posset

301 2601 380 2649 uti,
439 2614 550 2652 quas
601 2600 733 2652 prisci
794 2599 938 2653 poetae
990 2599 1290 2647 adhibuerant,
1342 2611 1523 2650 suaeque
1571 2599 1759 2640 orationi

304 2667 583 2719 antiquitatis
624 2667 873 2719 dignitatem
916 2668 1179 2707 conciliaret.
1265 2667 1353 2707 Sed
1394 2666 1492 2706 inde
1536 2666 1760 2719 interpreti

304 2732 585 2774 difficultates
609 2738 716 2773 ortae
739 2738 839 2773 sunt
870 2734 926 2774 ad
959 2734 1288 2774 dissolvendum
1312 2735 1569 2787 plerumque
1590 2733 1760 2773 difficil-

302 2801 438 2842 limae.
517 2801 651 2843 Ritus
685 2802 812 2853 enim,
848 2803 1058 2852 instituta,
1093 2801 1322 2855 religiones
1359 2800 1631 2852 Graecorum,
1665 2799 1759 2842 Ro-
