1842 3193
300 222 356 263 10
844 231 1213 261 PROLEGOMENA

302 324 513 366 Nostrum
535 325 669 366 fuisse
691 338 747 366 ex
769 326 1033 366 carminibus
1059 324 1232 365 Graecis
1254 325 1480 377 disputare
1496 325 1626 375 velle,
1658 338 1758 380 quae

301 393 383 433 sub
405 393 498 446 ejus
521 393 693 432 nomine
716 392 1086 440 circumseruntur,
1109 392 1217 431 nihil
1241 392 1359 431 aliud
1377 395 1456 441 est,
1489 405 1623 444 quam
1638 393 1760 434 litem

300 460 373 500 lite
407 460 672 510 dissolvam
706 460 826 512 prius
857 461 970 498 enini
1006 464 1074 498 est
1108 458 1397 511 probandum,
1429 459 1546 511 quod
1581 460 1761 511 probari

300 528 465 580 nequit,
498 528 571 567 illa
602 528 775 578 ingenio
810 526 1039 566 Claudiani
1074 525 1237 566 deberi.
1322 524 1407 565 Sed
1438 526 1546 566 satis
1574 526 1668 578 jam
1706 526 1760 566 de

304 595 393 634 vita
415 594 645 635 Claudiani
670 595 940 647 disputatum
963 599 1054 635 est:
1093 594 1318 634 videmnus
1338 606 1468 643 nunc,
1493 594 1614 646 quali
1635 593 1765 633 suerit

304 661 493 713 ingenio,
540 675 726 715 quaeque
768 662 989 701 scribendi
1026 662 1120 714 ejus
1160 662 1289 709 ratio,
1334 662 1492 714 quibus
1524 661 1765 701 virtutibus

303 728 379 768 illa
399 729 665 778 inclaruerit,
697 742 796 782 qua}
819 730 925 769 vitia
947 729 1139 769 notanda
1159 728 1400 768 videantur.

362 795 616 836 Tenendum
637 800 705 836 est
733 797 877 849 igitur,
911 796 1204 837 Claudianum
1237 797 1371 836 fuisse
1394 795 1765 845 Alexandrinum,

305 862 350 903 in
369 876 422 903 ea
442 865 546 904 urbe
577 869 743 914 natum,
776 866 930 918 inqua
950 866 1081 905 etiam
1117 865 1205 904 illis
1236 864 1512 916 temporibus
1546 864 1769 903 literarum

306 931 453 971 studia
475 932 698 983 vigebant,
721 933 878 985 quibus
912 933 991 972 sub
1026 932 1284 972 Ptolemaeis
1320 944 1398 984 per
1432 944 1602 971 omnem
1637 934 1768 971 terra-

307 1009 402 1037 rum
423 1000 568 1038 orbem
590 1000 751 1046 nobilis
771 1004 863 1040 erat
883 1004 925 1040 et
944 1000 1075 1040 clara.
1128 999 1194 1038 Ibi
1225 999 1387 1039 scholae
1410 999 1769 1051 geographorum,

306 1065 727 1115 mathematicorum,
762 1070 1128 1114 astronomorum,
1152 1079 1228 1105 seu
1265 1067 1413 1118 potius
1435 1067 1769 1117 astrologorum,

307 1132 748 1185 philosophorumque
778 1133 976 1172 discendi
999 1132 1173 1184 cupidis
1195 1138 1317 1172 erant
1351 1138 1542 1185 apertae3
1579 1134 1667 1186 qui,
1686 1132 1773 1173 nisi

308 1199 484 1238 omnino
521 1202 684 1240 naturae
718 1202 760 1239 et
793 1199 952 1251 ingenii
985 1198 1162 1239 dotibus
1204 1198 1397 1240 destituti
1438 1204 1598 1249 essent,
1637 1200 1773 1240 variis

309 1266 521 1309 doctrinis
552 1270 594 1313 et
631 1267 862 1320 multiplici
894 1280 1039 1307 rerum
1073 1267 1320 1319 cognitione
1358 1268 1551 1307 animum
1572 1271 1774 1321 poterant

308 1333 596 1386 locupletare.
659 1334 749 1374 Diu
781 1337 926 1375 autem
956 1333 1049 1387 jam
1072 1337 1170 1373 ante
1187 1346 1422 1386 perversus
1443 1334 1515 1374 ille
1537 1347 1633 1374 mos
1654 1334 1775 1388 apud

311 1400 559 1441 scholarum
591 1400 825 1453 magistros
858 1402 1137 1454 reliquosque
1166 1402 1364 1442 homines
1386 1401 1544 1442 doctos
1575 1402 1774 1452 invaluit,

312 1472 360 1509 ut
378 1469 581 1508 omnibus
612 1469 772 1510 studiis
799 1482 826 1509 a
846 1482 988 1510 rerum
1011 1473 1113 1510 actu
1143 1473 1185 1509 et
1203 1482 1306 1509 vera
1326 1470 1419 1510 vita
1438 1468 1494 1509 ad
1514 1469 1712 1509 umbram
1734 1473 1778 1510 et

313 1536 449 1576 otium
479 1536 712 1586 revocatis,
756 1536 885 1577 finem
922 1537 1141 1578 scribendi
1176 1540 1217 1577 et
1251 1537 1405 1577 orandi
1439 1536 1777 1577 delectationem

315 1603 455 1643 solam
491 1608 742 1654 statuerent,
775 1604 981 1657 illamque
1009 1617 1096 1644 non
1129 1604 1174 1644 in
1206 1604 1417 1656 gravitate
1438 1617 1580 1644 rerum
1600 1607 1643 1643 et
1661 1604 1778 1644 utili-

313 1675 417 1721 tate,
454 1672 532 1712 sed
566 1672 611 1712 in
648 1672 866 1724 figmentis
898 1676 940 1712 et
975 1673 1258 1713 exornatione
1291 1672 1480 1712 oratoria
1500 1671 1777 1712 collocarent.

313 1737 534 1779 Praeterea
565 1739 742 1792 vigebat
771 1741 816 1780 in
860 1739 938 1780 illa
969 1740 1076 1780 urbe
1109 1739 1489 1791 grammaticorum
1526 1738 1779 1789 multitudo,

316 1806 390 1859 qui
409 1819 590 1860 operam
618 1820 741 1848 suam
762 1808 805 1847 in
825 1807 988 1848 fabulis
1009 1806 1225 1847 subtiliter
1245 1807 1524 1860 explicandis
1541 1807 1780 1860 ponebant,

317 1874 394 1926 qui
422 1875 558 1915 multa
576 1878 773 1915 veterum
791 1875 982 1916 lectione
1002 1878 1123 1915 erant
1155 1874 1325 1923 imbuti,
1348 1875 1661 1927 ingeniumque
1683 1874 1780 1915 illa-

315 1954 412 1982 rum
434 1955 574 1983 rerum
603 1943 970 1996 pervestigatione
998 1946 1218 1983 acuerant.
1280 1941 1349 1982 EX
1385 1942 1452 1982 his
1488 1941 1617 1982 facile
1636 1944 1782 1995 potest

317 2009 482 2062 colligi,
505 2011 648 2063 qualis
680 2011 807 2051 fuerit
826 2011 1057 2064 poetarum
1086 2010 1279 2051 habitus.
1341 2009 1524 2062 Ingenia
1543 2009 1724 2050 exculta
1740 2012 1784 2050 et

318 2076 538 2129 elegantia
574 2091 664 2119 non
695 2078 903 2128 deerant3
945 2079 1023 2119 sed
1061 2091 1213 2119 omnes
1252 2078 1340 2118 sere
1380 2076 1658 2125 inventionis,
1680 2089 1781 2129 quae

318 2155 489 2187 summa
526 2145 724 2196 poetices
757 2148 839 2194 est,
876 2146 1008 2186 laude
1042 2146 1262 2194 carebant,
1305 2145 1466 2196 illaque
1503 2144 1784 2195 simplicitate

321 2222 420 2249 cum
450 2210 717 2251 sublimitate
746 2211 998 2263 conjuncta,
1024 2224 1157 2263 quam
1190 2213 1417 2262 tantopere
1452 2209 1498 2248 in
1529 2209 1784 2262 antiquiori-

320 2277 404 2317 bus
426 2276 704 2326 admiramur,
725 2281 847 2318 erant
867 2278 1078 2318 destituti.
1142 2276 1294 2317 Oratio
1315 2289 1465 2316 eorum
1498 2280 1540 2316 et
1569 2276 1712 2318 nitida
1741 2281 1785 2318 et

321 2347 440 2385 tersa
458 2345 710 2398 palaestram
744 2349 787 2386 et
817 2345 960 2385 oleum
992 2345 1220 2398 sapiebat3
1257 2356 1441 2397 eamque
1478 2345 1784 2386 commendare

323 2410 521 2456 solebant
551 2412 714 2464 ingenti
736 2412 945 2454 doctrinae
979 2413 1125 2465 copia,
1156 2425 1314 2464 magno
1348 2411 1593 2465 mythorum
1624 2415 1668 2465 et
1695 2412 1786 2453 his-

323 2478 448 2519 toriae
471 2480 665 2532 antiquae
700 2480 863 2529 studio,
887 2485 929 2520 et
951 2481 1139 2520 numeris
1163 2493 1361 2520 versuum
1382 2479 1576 2520 maxime
1596 2480 1784 2530 exactis,

325 2545 587 2599 omninoque
632 2547 820 2587 naturali
868 2551 1094 2587 venustate
1144 2547 1371 2600 repudiata
1419 2547 1525 2587 artis
1567 2547 1786 2588 illecebris

325 2610 499 2664 placere
529 2614 778 2666 cupiebant.
842 2614 892 2654 In
913 2615 995 2655 hac
1019 2614 1239 2655 communi
1267 2613 1498 2667 poetarum
1522 2613 1786 2654 Alexandri,

327 2690 479 2719 norum
514 2680 701 2734 imagine
734 2695 762 2722 a
787 2682 915 2723 nobis
937 2682 1196 2723 adumbrata
1216 2682 1358 2734 prima
1378 2682 1507 2734 quasi
1526 2681 1788 2722 lineamenta

321 2743 415 2798 jam
447 2746 583 2790 ducta
612 2753 729 2802 sunt,
771 2762 831 2793 ex.
864 2751 1027 2805 quibus
1061 2749 1295 2793 Claudiani
1334 2748 1555 2802 ingenium
1592 2748 1786 2790 scriben-
