1857 3177
384 227 447 257 DE
478 225 627 255 NUPT.
661 223 846 254 HONOR·
882 222 939 252 ΕΤ
974 221 1094 251 ΜΑΗ.
1131 220 1347 250 ΡΗᾸΞΡᾹΤ.
1510 208 1595 250 303

140 323 252 364 Cum
275 335 400 363 socer
421 333 651 373 eequoreus
682 330 1000 371 numerosaque
1020 317 1147 356 turba
1170 327 1367 355 sororum

198 390 418 431 Certarent
440 389 584 441 epulis
608 389 863 428 continuare
887 386 978 425 dies
997 399 1007 435 3

141 458 452 509 Praeberetque
475 454 503 496 J
508 456 580 496 ovi
604 455 854 495 communia
876 453 1035 505 pocula
1059 452 1237 499 Chiron,
1575 450 1601 486 :3

200 523 394 564 Molliter
414 523 594 576 obliqua
616 529 735 576 parte
757 521 931 562 refusus
954 521 1052 572 equi
1072 534 1082 569 3

143 591 322 631 Peneus
346 591 514 643 gelidos
536 595 725 631 mutaret
747 595 921 629 nectare
945 587 1103 635 fontes,

203 657 367 699 OEtaeis
388 658 567 698 fluerent
591 670 776 710 spumea
800 656 899 696 vina
915 654 1060 708 jugis3

143 724 434 778 Terpsichore
458 724 630 764 facilem
655 724 823 764 lascivo
846 721 1007 776 pollice
1031 720 1168 759 movit

204 792 431 840 Barbiton‚
454 797 498 831 et
518 781 678 830 molles
693 790 821 829 duxit
839 789 882 828 in
904 792 1024 828 antra
1047 786 1214 829 choros.
1553 785 1607 823 lo

142 911 308 943 multitudo
348 910 583 950 Nympharum
626 919 763 940 sororum
801 911 984 939 conarentur
1027 910 1213 947 perpetuare
1260 905 1326 935 dics
1370 904 1402 935 in
1438 903 1610 935 conrii-iſs.-

143 965 179 986 ιιι·
197 955 314 985 Chiron
330 954 442 983 leniter
458 953 625 983 inclinatus
645 955 734 992 parte
764 952 881 992 inflexa
911 951 991 990 eqni,
1016 950 1210 980 ministraret
1240 949 1344 978 vinnm
1372 948 1451 977 idem
1478 947 1562 980 ,lm-i,
1580 949 1608 975 st

144 996 356 1033 hominibus;
381 1005 456 1025 curn
478 996 594 1026 Peneus
609 995 844 1031 transformaret
862 1003 958 1033 aquus
967 992 1110 1030 frigidus
1127 992 1157 1021 in
1182 994 1301 1027 nectar,
1329 995 1361 1020 et
1392 990 1461 1019 rimi
1491 989 1610 1028 copias«

143 1041 299 1081 effluerent
316 1048 358 1069 ex
375 1041 476 1069 monte
493 1039 618 1073 OEtoeo;
646 1037 843 1077 Terpsichore
859 1036 968 1074 tetigit
985 1035 1138 1065 citharam
1156 1034 1274 1064 mollem
1290 1032 1403 1071 digitis
1420 1031 1612 1062 luxurianti-

761 1150 996 1163 eeeeeeeeeeee

147 1243 213 1274 dics
244 1242 416 1274 Oisel.-—3
443 1243 581 1272 Deorum
607 1239 736 1270 Thuan.
759 1237 855 1269 Med.
885 1247 936 1277 pr.
964 1235 1083 1266 Amhr.
1111 1244 1179 1265 sec.
1207 1244 1249 1263 m.
1274 1243 1325 1273 pr.
1342 1234 1423 1262 Fxo.
1443 1232 1519 1262 Par.
1540 1239 1610 1261 ree.

146 1296 270 1316 suorum
300 1287 384 1316 Exc.
421 1285 519 1315 Laeti.
559 1293 698 1313 sororum
725 1282 777 1311 vel
823 1281 961 1310 Deorum
995 1280 1077 1317 Reg.
1109 1278 1189 1307 Vat.
1223 1285 1290 1306 sec.
1332 1275 1445 1305 Ursini
1484 1274 1612 1305 (od.—

149 1332 168 1359 11
206 1329 352 1359 thalamis
384 1328 465 1358 Lov.
498 1336 542 1356 m.
588 1335 640 1365 pr.
681 1324 762 1354 diem
790 1322 922 1357 Thuan.
957 1322 1050 1360 dapes
1080 1319 1157 1349 Pal.
1195 1320 1288 1357 dapes
1318 1317 1370 1347 vel
1421 1317 1487 1346 <liis
1519 1315 1612 1346 Med.

148 1379 198 1410 pr.
250 1370 332 1401 diem
373 1370 426 1399 vel
470 1370 563 1408 dapes
597 1367 673 1397 Vat.
713 1366 822 1407 quint.
877 1364 958 1394 diem
986 1363 1039 1393 vel
1083 1362 1148 1392 dies
1177 1361 1304 1391 Moret.
1339 1362 1472 1389 sea—5
1503 1358 1614 1397 pratu*-

147 1413 292 1453 beretque
308 1413 426 1443 Barth.
449 1411 503 1441 ed.
523 1421 572 1451 pr.
598 1409 711 1450 pabula
744 1407 838 1439 Med.
862 1416 931 1437 sec.
959 1405 1054 1435 Chiro
1082 1404 1244 1434 Pric.-6
1267 1402 1401 1442 reflexus
1425 1401 1496 1441 equi
1523 1400 1615 1430 'l'ho-

148 1456 210 1487 los.
228 1465 291 1495 pro
322 1455 443 1495 obliqua
462 1454 582 1485 Heius.
614 1452 730 1492 obliqui
754 1451 917 1490 legin—7
942 1448 1106 1487 penusque
1132 1455 1192 1487 pro
1225 1446 1346 1476 Peneus
1360 1444 1442 1474 var.
1472 1443 1540 1473 LL.
1558 1442 1614 1473 etl.

148 1498 255 1528 Antv.
280 1501 417 1528 mutarat
438 1497 521 1528 Lov.
538 1506 580 1526 m.
599 1505 650 1535 pr.
677 1496 817 1524 misceret
838 1492 917 1523 Vat.
942 1495 1023 1522 tert.
1054 1490 1148 1520 Med.
1174 1498 1224 1529 pr.
1251 1488 1327 1518 Pal.
1354 1487 1482 1517 Thmui.
1503 1495 1612 1523 marg.

147 1540 275 1580 Isingr.
288 1545 423 1571 mutaret
442 1540 494 1570 vel
510 1540 649 1569 misceret
664 1537 815 1567 Florent.
831 1535 911 1565 Put.
928 1532 1064 1564 nectaris
1079 1541 1184 1563 (mines
1201 1531 1278 1561 l'at.
1293 1529 1427 1560 nectaris
1439 1538 1543 1558 amnes
1561 1528 1613 1557 vel

150 1586 273 1614 nectare
291 1583 399 1621 fontes
415 1583 561 1613 Put.—s
581 1580 686 1612 OEteis
713 1579 766 1610 vel
787 1579 894 1609 Otreis
911 1577 1037 1608 Moret.
1063 1584 1131 1606 sec.
1159 1574 1273 1614 punica
1297 1573 1378 1604 Jun.
1397 1582 1415 1601 a
1431 1581 1474 1601 m.
1494 1573 1613 1610 lin-9

148 1626 300 1665 gracilem
326 1635 434 1667 marg:
463 1625 673 1665 Isingr.-10
711 1621 813 1653 mollis
843 1621 926 1652 Lov.
956 1623 992 1650 et
1022 1617 1103 1649 edd.
1135 1617 1248 1648 Vicet.
1277 1616 1393 1646 Parni.
1419 1612 1498 1645 Aio.
1529 1613 1614 1643 ducit

821 1729 853 1760 N
858 1726 960 1760 OTAE

155 1807 276 1838 beret:
310 1807 374 1838 hoc
405 1809 469 1846 est,
499 1815 576 1836 cum
606 1804 729 1835 Pelion
763 1812 859 1834 mons

152 1857 336 1889 Thessaliae
376 1854 650 1897 magnificentius
684 1862 862 1884 exornare-

156 1912 224 1946 tur,
257 1916 297 1938 ac
327 1907 422 1938 velut
450 1905 571 1946 majori
603 1912 730 1944 pompa
760 1902 861 1932 altius

157 1961 362 1998 assurgeret,
395 1955 547 1987 extentis
579 1953 801 1993 sinuatisque,
829 1952 862 1982 in

157 2017 256 2039 arcus
277 2007 439 2047 speciem,
471 2005 561 2036 antri
588 2004 638 2035 sui
661 2002 862 2039 fornicibus,

159 2056 202 2087 ad
242 2056 465 2087 celebrandas
509 2055 606 2085 Pelei
643 2053 864 2093 Thetidisque

155 2106 307 2147 nuptias,
318 2106 359 2137 ad
373 2116 456 2147 quas
471 2105 528 2135 Dii
546 2104 610 2145 ipsi
627 2103 865 2135 convenirent.

202 2159 222 2188 3
255 2156 365 2196 Socer]
412 2157 546 2187 Nereus
574 2159 672 2196 pater
699 2153 866 2192 Thetidis,

161 2216 238 2248 quae
278 2207 396 2247 nupsit
448 2206 568 2245 Peleo,
615 2204 715 2245 cujus
766 2203 865 2234 Pelei

159 2256 305 2298 proinde
321 2260 396 2288 erat
413 2265 521 2287 socer.

203 2306 371 2347 Sororum]
418 2306 623 2346 Nereidum,
644 2305 746 2336 maris
760 2304 867 2344 Nym-

161 2357 318 2399 pharum,
338 2366 414 2398 quae
430 2355 511 2387 filiae
529 2361 607 2386 sunt
623 2354 730 2386 Nerei
745 2359 781 2386 et
797 2354 867 2384 Do-

161 2408 258 2448 ridis,
272 2408 418 2449 ideoque
429 2406 586 2438 Thetidis
603 2414 748 2437 sorores.

205 2463 225 2491 5
252 2460 433 2490 Communia
457 2457 582 2499 pocula]
627 2457 712 2488 Cum
741 2455 869 2487 Chiron

162 2511 279 2542 vinum
296 2510 385 2541 idem
396 2509 490 2548 Jovi,
504 2508 650 2548 Diisque
667 2507 869 2546 aliis,atque

162 2560 353 2592 hominibus
382 2559 689 2598 ministraret,ipse
720 2567 868 2589 comnm-

165 2609 217 2640 nis
231 2609 378 2640 omnium
398 2609 580 2650 pincerna:
607 2615 679 2638 tum
697 2607 788 2638 enim
811 2606 869 2637 Dii

164 2659 300 2699 dignati
316 2664 396 2691 sunt
413 2658 649 2690 communibus
674 2658 787 2699 epulis
805 2656 869 2696 uti,

168 2718 245 2741 cum
261 2710 460 2741 mortalibus

213 2758 347 2800 Chiron]
361 2760 565 2801 Centaurus,
579 2758 704 2801 partim
714 2756 858 2789 hominis

913 1800 1037 1842 partim
1053 1798 1131 1840 equi
1155 1797 1298 1838 figuram
1325 1795 1462 1827 liabens.
1508 1794 1620 1825 Possi-

916 1850 1020 1881 debat
1050 1848 1226 1888 regionem
1255 1846 1499 1885 Thessalicam,
1526 1845 1620 1876 circa

915 1904 1067 1931 montem
1097 1898 1252 1929 Pelium:
1292 1899 1368 1926 erat
1394 1895 1554 1936 optimus,
1583 1899 1620 1925 et

915 1951 1087 1990 Medicus,
1101 1954 1137 1981 et
1151 1948 1387 1987 Astronomus,
1409 1945 1620 1986 Achillisque

917 2001 1051 2033 futurus
1065 2003 1270 2039 praeceptor.

961 2055 981 2082 6
1005 2050 1146 2081 Molliter
1161 2047 1297 2088 refusus]
1335 2047 1460 2078 Chiron
1477 2046 1510 2077 in
1532 2047 1622 2077 latus

918 2102 1043 2134 leniter
1055 2101 1253 2139 reclinatus,
1265 2108 1305 2130 ea
1320 2102 1419 2139 parte
1433 2107 1498 2138 qua
1515 2106 1621 2139 equus

920 2157 1007 2183 erat.

963 2205 982 2233 7
1018 2200 1157 2240 Peneus]
1214 2198 1354 2229 Fluvius
1380 2197 1563 2228 Thessaliae
1590 2197 1623 2227 iu

921 2252 1071 2284 Graecia.

962 2305 982 2333 8
1002 2301 1132 2341 OEtoeis]
1145 2301 1226 2333 OEta
1240 2309 1336 2331 mons
1352 2303 1404 2330 est
1415 2297 1600 2329 Thessaliae
1614 2306 1625 2335 ;

920 2353 1011 2385 uude
1028 2353 1159 2384 OEtaeus
1177 2351 1312 2382 dicitur.

963 2407 985 2436 9
1021 2400 1236 2443 Terpsichore]
1283 2398 1404 2439 Τέρψις,
1450 2398 1625 2437 delectatio,

922 2454 1026 2495 χορὸς,
1053 2454 1174 2491 chorus,
1197 2451 1334 2488 saltatio,
1361 2449 1438 2480 hinc
1463 2449 1557 2479 dicta
1572 2452 1626 2479 est

923 2505 1145 2545 Terpsichore
1164 2513 1227 2533 una
1242 2512 1284 2532 ex
1302 2500 1422 2539 Musis,
1450 2498 1545 2540 quasi
1569 2498 1625 2529 de-

923 2556 1077 2595 lectatio,
1100 2554 1322 2593 voluptasque
1339 2549 1431 2581 chori
1448 2558 1506 2580 seu
1523 2548 1625 2579 salta-

924 2606 1038 2637 tionis.

970 2658 1007 2685 10
1033 2651 1204 2691 Bar-bicon]
1239 2649 1396 2681 Barbitos
1417 2651 1470 2678 est
1500 2647 1623 2678 instru-

923 2710 1075 2737 mentum
1106 2704 1282 2743 musicum,
1314 2699 1428 2732 multis
1454 2698 1624 2730 intentum

921 2755 1070 2788 chordis.
