1857 3177
544 225 593 258 1N
627 225 701 257 cn.
733 224 1085 261 omonimum.
1488 225 1544 268 37

91 317 210 360 catio
241 332 320 372 pro
348 323 587 372 argumenti
619 323 784 363 ratione
811 323 934 364 varia
955 337 1052 364 esse
1082 328 1252 376 potest;
1290 339 1546 382 semperque

95 386 319 438 probatur,
355 388 391 426 si
415 389 594 428 virtutes
615 389 743 429 babet
775 390 888 438 illas,
913 391 1070 443 quibus
1092 392 1311 444 expositio
1327 394 1454 445 cpica
1474 396 1546 435 de—

97 453 248 492 stituta
269 466 364 492 csse
395 456 570 495 omnino
591 469 674 495 non
698 456 838 504 debet,
876 461 923 495 ut
953 458 1300 509 expectationem
1322 464 1365 498 et
1387 461 1550 501 excitet

94 523 137 558 et
161 524 314 571 augeat
332 524 373 559 ct
396 524 549 562 teneat.
618 522 731 574 t‘psae
756 536 931 574 quoque
955 535 1171 575 personae,
1209 537 1307 576 quae
1339 523 1549 565 inducun-

96 587 178 635 tur,
201 600 445 638 quanquam
477 592 518 628 et
554 590 696 629 indole
719 597 760 629 ct
786 591 974 629 moribus
1007 591 1191 631 diversae
1226 593 1329 640 sint,
1366 593 1548 633 actionis

94 654 346 693 varietatem
369 655 474 694 nihil
497 656 580 695 scre
603 662 772 707 augent,
796 656 1007 708 prodeunt
1029 662 1210 707 tantum,
1234 662 1280 698 nt
1300 660 1549 699 oratiuncu-

94 719 161 759 las
181 719 470 770 declamiteut,
492 736 602 774 quas
624 725 704 762 nisi
727 724 956 775 respiciaS,
993 728 1150 764 statuae
1175 726 1427 779 plerumque
1451 730 1552 766 sunt

94 786 303 826 inanimes
327 788 369 826 in
392 802 525 828 scena
547 796 724 830 ornatus
747 804 881 830 causa
903 792 1081 843 positae,
1114 806 1197 832 non
1231 798 1402 833 actores
1424 794 1550 833 fabu-

95 853 164 893 lae.
226 854 379 894 Partes
403 869 589 908 quoque,
614 870 726 908 quas
748 857 883 910 poeta
906 858 992 898 illis
1014 860 1178 908 tribuit,
1201 864 1243 899 et
1264 873 1421 909 moreS,
1441 874 1551 913 quos

94 919 279 969 affinxit,
304 922 514 974 dignitati,
546 924 719 975 qualem
745 924 920 977 quidem
942 925 1088 978 poetae
1111 927 1386 979 antiquiores
1406 928 1551 979 singu·-

94 987 149 1027 lis
186 992 444 1038 statuerunt,
478 1003 561 1030 non
595 992 705 1031 satis
744 993 973 1033 convenire
1007 994 1222 1035 videntur.
1283 994 1459 1047 Jupiter
1479 995 1552 1035 ille

96 1059 220 1108 pater
251 1056 395 1096 Deum
418 1057 618 1097 Plutonis
649 1060 776 1098 minis
817 1060 980 1099 anxius
1010 1064 1054 1100 et
1093 1061 1300 1101 confusus
1331 1062 1553 1114 displicet,

96 1123 234 1163 multo
256 1124 395 1177 magis
417 1126 584 1165 timoris
605 1126 913 1178 turpitudinem
936 1127 1051 1167 salsa
1072 1130 1344 1169 oraculorum
1365 1130 1554 1170 necessi-

98 1194 184 1230 tate
205 1191 365 1239 celans,
384 1196 426 1231 et
461 1193 678 1244 principio
712 1193 823 1231 tertii
856 1193 955 1232 libri
990 1194 1260 1235 Thrasonem
1292 1197 1333 1235 in
1357 1196 1554 1236 Deorum

97 1259 282 1297 concilio
304 1271 450 1309 agens.
514 1258 629 1307 Quid
652 1259 703 1298 de
727 1259 913 1299 Plutone
945 1260 1089 1300 dicam
1121 1262 1185 1301 ira
1216 1266 1430 1301 ¹<estuante
1461 1264 1554 1302 sine

99 1324 184 1363 ulla
205 1337 342 1363 causa
363 1325 536 1373 idonea,
553 1325 798 1377 bellumque
815 1338 901 1365 non
923 1326 1136 1366 indictum
1155 1330 1198 1367 et
1219 1329 1345 1380 quasi
1368 1332 1464 1368 ante
1487 1342 1554 1368 res

97 1391 303 1442 repetitas
344 1392 511 1444 superis
550 1392 780 1431 movente?
856 1392 1118 1446 Proserpina
1155 1395 1339 1446 pulchra
1379 1395 1557 1447 quidem

98 1458 241 1511 puella
268 1464 309 1499 et
331 1460 534 1512 simplex,
576 1459 649 1499 sed
669 1459 788 1499 nulla
808 1473 865 1508 re,
902 1473 988 1512 qua
1008 1461 1180 1500 animos
1199 1463 1244 1501 in
1263 1475 1309 1502 se-
1327 1468 1555 1503 convertat

97 1530 228 1580 atque
269 1528 414 1580 aliqua
454 1528 620 1567 ratione
662 1528 748 1567 sibi
784 1527 1000 1577 conciliet,
1034 1529 1231 1581 insignis,
1260 1530 1392 1570 telam
1430 1531 1554 1581 texit,

98 1594 223 1635 flores
244 1595 358 1648 legit,
381 1601 421 1635 et
442 1597 633 1648 rapitur;
654 1609 804 1636 verum
822 1596 909 1635 nisi
931 1601 1058 1649 rapta
1077 1597 1324 1646 clamasset,
1343 1597 1556 1651 fidemque

98 1661 273 1703 deorum
293 1667 337 1703 et
357 1664 504 1703 matris
526 1664 818 1717 implorasset,
841 1665 918 1705 vix
938 1665 1108 1704 tandem
1131 1670 1262 1714 esset,
1295 1664 1414 1717 quod
1435 1666 1555 1706 vices

97 1729 198 1783 ejus
217 1731 471 1772 doleremus.
536 1731 679 1772 Mater
701 1732 798 1772 sola
826 1732 1003 1771 lectoris
1025 1736 1211 1773 mentem
1236 1737 1440 1786 occupat,
1458 1747 1557 1786 pro-

99 1798 256 1851 culque
279 1798 415 1839 dubio
435 1800 596 1851 primas
618 1799 804 1839 actionis
836 1803 980 1851 partes
1003 1801 1199 1849 sustinet,
1222 1801 1445 1853 variaeque
1464 1801 1557 1841 ani-

99 1866 158 1905 mi
201 1867 532 1916 commotiones,
567 1867 726 1919 quibus
767 1868 965 1918 agitatur,
1001 1868 1308 1909 convenienter
1343 1872 1440 1908 sunt
1478 1881 1556 1908 ex-

100 1945 279 1985 pressae.
342 1933 425 1974 llla
446 1935 541 1974 sola
559 1939 640 1983 est,
674 1935 800 1987 cujus
822 1935 1016 1983 caritate,
1040 1948 1123 1988 qua
1148 1935 1320 1975 ducitur
1342 1937 1384 1975 in
1406 1935 1556 1985 filiam,
1578 1957 1581 1960 ⁴

102 2001 295 2040 suaviter
335 1999 588 2049 afficiamur,
627 2001 753 2053 cujus
783 2001 993 2049 conditio,
1035 2003 1203 2041 etiamsi
1235 2003 1560 2055 incogitantiam

101 2066 201 2119 ejus
224 2067 470 2119 culpamus,
491 2069 618 2107 nobis
642 2081 756 2108 curae
780 2069 850 2116 sit,
884 2081 1071 2120 quacum
1102 2062 1372 2120 indignemur
1390 2073 1432 2110 et
1451 2070 1560 2110 iras-

104 2146 267 2181 camur,
303 2147 521 2186 quamque
554 2134 732 2174 libenter
763 2147 837 2186 per
858 2135 1008 2173 orbem
1030 2139 1236 2174 terrarum
1260 2140 1470 2175 errantem
1492 2149 1560 2176 se-

102 2202 193 2241 cuti
220 2214 431 2247 essemus,
458 2200 543 2239 nisi
567 2200 641 2240 illa
664 2200 867 2240 carminis
890 2213 1010 2252 pars,
1033 2213 1131 2252 qua:
1154 2213 1318 2241 errores
1337 2202 1435 2255 ejus
1458 2216 1559 2244 con-

103 2268 282 2316 tinebat,
303 2267 606 2308 intercidisset.
669 2266 870 2306 Ceterum
902 2268 944 2306 in
967 2271 1056 2306 toto
1077 2269 1270 2308 carmine
1300 2270 1418 2310 nulla
1447 2271 1561 2312 inest

103 2336 238 2376 animi
258 2335 512 2386 magnitudo
535 2348 634 2375 cum
656 2335 795 2388 ipsius
818 2335 896 2376 t'ati
912 2335 1175 2376 necessitate
1195 2336 1452 2387 colluctans,
1485 2339 1561 2392 qui

103 2402 274 2443 animus
301 2402 447 2455 justus
468 2409 509 2443 et
530 2403 744 2455 propositi
764 2406 893 2442 tenax
912 2415 966 2442 ne
987 2416 1225 2456 oppressus
1248 2403 1425 2456 quidem
1454 2405 1557 2446 flec—

104 2473 232 2519 tatur,
248 2470 375 2523 cujus
399 2471 500 2510 vivo
522 2470 648 2523 quasi
666 2470 871 2522 exemplo
893 2469 1131 2519 discamus,
1155 2475 1365 2523 quantum
1385 2472 1562 2513 valeant

104 2539 219 2579 vires
249 2539 477 2589 hurnanae3
510 2539 674 2578 nullum
696 2544 913 2579 certamen
935 2539 1142 2579 virtutum
1164 2552 1262 2579 cum
1287 2540 1418 2588 vitiis,
1441 2540 1560 2592 quod

107 2606 377 2647 vehementer
399 2607 452 2646 ad
477 2620 558 2646 nos
581 2608 795 2659 pertinere
818 2607 1102 2657 arbitramur3
1135 2607 1263 2646 nulla:
1288 2607 1430 2646 insunt
1451 2606 1562 2647 diffi-

107 2674 289 2714 cultates
312 2675 410 2714 aliae
433 2682 535 2728 post
557 2676 667 2715 alias
688 2676 895 2716 continuo
917 2676 1100 2724 obortae,
1120 2687 1236 2727 quae,
1261 2674 1462 2726 quamvis
1482 2687 1563 2727 pu-

105 2743 243 2783 tasses
274 2755 349 2782 cas
370 2743 705 2796 insuperabiles,
741 2747 885 2783 tamen
905 2743 1072 2783 ratione
1093 2742 1334 2794 improvisa
1353 2754 1561 2795 superan-
