1852 3193
224 212 308 254 508
409 222 483 253 CL.
517 221 800 252 CLAUDIAM
836 218 983 250 Xvu1.
1017 218 1068 247 IN
1107 218 1319 249 EUTROP.
1353 219 1448 249 Lm.
1482 219 1512 248 1.

224 320 335 363 Cum
357 319 443 359 sibi
465 318 640 359 servilis
658 330 737 371 pro
758 316 915 356 finibus
937 314 1068 363 obvia
1084 314 1223 367 pubes

225 385 330 436 Iret,
353 392 393 428 et
413 391 577 427 arceret
599 385 802 425 dominos
825 382 974 423 tellure
998 394 1215 431 reversos,
1597 381 1685 423 510

222 453 454 496 Armatam
477 453 668 495 ostensis
691 453 830 492 aciem
850 450 999 491 fudere
1021 449 1219 502 flagellis.

225 520 375 563 Notus
397 523 451 562 ab
475 522 661 575 inceptis
682 520 871 572 ignobile
892 518 1048 572 repulit
1069 518 1217 558 horror

224 588 414 642 Vulgus,
437 595 480 630 et
501 589 720 630 adductus
739 589 819 629 sub
840 588 1021 628 verbere
1040 586 1204 639 torpuit
1224 586 1362 626 ensis.

224 698 331 728 annos,
346 689 566 727 cumjurenws
588 689 709 719 servilis
731 688 849 718 veniret
870 686 930 717 sibi
953 686 1072 717 ola-iam
1096 685 1136 715 ml
1151 683 1283 725 confinia
1300 683 1460 723 regionis,
1475 687 1504 715 et
1527 684 1687 725 repelleret

225 734 365 763 dominos
377 734 537 763 redeuntes
554 733 586 762 in
601 735 716 762 terram
733 730 1012 771 patriam‚flugris
1024 727 1205 760 monstratis
1222 727 1358 757 ticet-unt
1376 728 1497 757 turbam
1515 731 1690 759 armatum:

225 776 321 805 timor
336 778 480 815 expertus
495 775 647 806 deterruit
664 785 681 804 a
698 774 804 814 coeptis
820 773 1049 804 multitudinem
1067 780 1240 802 servorum
1255 770 1423 811 obscuram,
1437 773 1466 800 et
1480 770 1606 809 gladius
1619 770 1690 801 sub-

226 818 307 849 latus
323 817 365 849 ad
380 819 514 859 plagam
528 818 698 859 subflagro
713 817 863 856 elanguit.

839 920 1070 930 aeaeaeaeaeaeaeaeaeaeaeae

227 988 334 1015 -509
360 984 439 1013 Cum
464 981 524 1012 sibi
544 981 623 1011 Put.
648 980 771 1010 Petav.
801 989 866 1010 sec=
895 978 946 1009 ed.
975 979 1090 1009 Parin.
1126 977 1318 1019 praefinibus
1341 979 1546 1017 conjiciebat
1567 979 1691 1011 Heins-

219 1026 351 1064 funilms
375 1035 483 1064 marg.
510 1024 769 1055 Marcill.-—510
793 1023 925 1052 revulsos
943 1020 1059 1051 Ambr.
1078 1024 1238 1059 pr.-511
1264 1019 1391 1060 offensis
1414 1020 1509 1051 Leid.
1528 1031 1579 1060 pr.
1596 1022 1692 1054 Rott.

230 1069 339 1100 Oisel.
358 1069 437 1099 Put.
454 1068 575 1098 Petav.
594 1071 673 1097 tert.
708 1066 837 1096 ostensis
854 1065 905 1094 vei
920 1064 1048 1104 offensis
1063 1064 1142 1094 Vat.
1160 1068 1241 1094 tert.
1272 1063 1386 1101 fudere
1410 1063 1463 1093 vel
1481 1064 1606 1094 {rudere
1622 1064 1696 1094 Ma-

230 1113 406 1142 zar.——5l2
430 1110 561 1150 inceptis
577 1110 661 1140 Exc.
679 1109 778 1139 Laeti.
817 1108 944 1138 incertis
972 1106 1097 1137 Moret.
1124 1116 1190 1137 sec.
1230 1107 1354 1136 incestis
1381 1105 1434 1135 vel
1459 1106 1590 1146 inceptis
1614 1107 1695 1138 Vat.

227 1158 306 1185 tert.
329 1153 464 1193 ignobile
482 1153 566 1183 Exc.
585 1152 729 1183 Lucens.
742 1161 808 1182 sec.
833 1149 975 1180 inmobile
988 1149 1115 1180 Mazar.
1134 1149 1188 1179 ed.
1203 1149 1426 1179 vicen-513
1450 1149 1601 1179 adductus
1612 1149 1694 1182 Jun.

229 1204 282 1238 pr.
307 1196 374 1227 duo
389 1197 487 1227 Vatt.
506 1195 600 1226 Med.
619 1199 731 1235 quart.
749 1194 905 1224 Florent.
929 1203 972 1223 ιιι.
997 1202 1065 1223 sec.
1087 1193 1171 1232 Reg.
1199 1191 1327 1222 Mazar.
1352 1191 1473 1222 Petav.
1500 1201 1550 1231 pr.
1576 1191 1694 1223 Ambr.

229 1243 309 1271 tert.
331 1239 482 1270 abductus
497 1238 574 1269 Pal.
587 1238 664 1268 Vat.
678 1247 745 1268 sec.
763 1237 857 1267 Med.
875 1246 927 1277 pr.
943 1240 977 1266 et
994 1245 1062 1266 see.
1074 1236 1158 1266 Var.
1176 1235 1241 1265 LL.
1254 1244 1273 1265 e
1289 1243 1396 1274 marg.
1411 1234 1523 1265 Parni.
1548 1234 1697 1266 obductus

229 1282 310 1314 Ald.
347 1282 487 1313 abductis
516 1282 608 1312 Rott.
644 1280 786 1311 addictus
809 1280 905 1310 Med.
929 1283 1041 1319 quart.
1068 1278 1135 1309 inc.
1160 1277 1280 1309 Heins.
1305 1278 1455 1308 Florent.
1473 1287 1515 1308 m.
1532 1287 1598 1309 see.
1617 1278 1696 1310 Pat.

227 1326 361 1356 Tholos.
379 1325 459 1356 Put.
472 1325 598 1356 Movet.
617 1334 684 1355 sec.
701 1323 825 1353 Petav.
844 1328 921 1353 tert.
940 1323 1024 1352 Exc.
1049 1321 1191 1352 Lucens.
1217 1330 1286 1351 see.
1312 1321 1364 1350 ed.
1392 1319 1507 1350 Parni.
1532 1325 1567 1352 et
1584 1320 1696 1352 Vicet.

229 1369 311 1399 item
327 1369 411 1399 Exc.
427 1367 574 1406 Schotti,
591 1367 624 1397 in
643 1365 762 1407 quibus
780 1366 972 1396 Gronovius
991 1369 1173 1395 notaverat
1189 1373 1285 1404 seqq.
1326 1364 1469 1393 addictus
1485 1363 1505 1394 i.
1521 1373 1550 1394 e.
1566 1363 1697 1394 servilis.

229 1412 307 1441 male
320 1414 423 1441 ‘mutat
444 1410 602 1441 Barilzius.
625 1410 764 1440 abdictus
781 1410 907 1439 Bonon.
931 1407 1066 1446 abjectus
1081 1407 1171 1437 Prie.
1202 1406 1346 1438 addictus
1361 1411 1396 1437 et
1413 1406 1630 1437 emendatum
1645 1406 1698 1437 ab·

229 1454 332 1485 dictus
349 1455 431 1485 Lov.
464 1454 774 1484 adstrictus'rhuan.
796 1451 891 1482 Leid.
907 1460 973 1482 sec.
998 1451 1081 1481 Exc.
1107 1450 1250 1481 Gevart.
1274 1449 1363 1490 quod
1392 1449 1533 1479 Heinsio
1558 1450 1697 1489 placere

231 1497 338 1528 visum
357 1500 419 1527 est.
441 1497 588 1527 addictus
605 1497 657 1526 vel
674 1497 820 1525 astrictus
836 1495 953 1525 Ambr.
972 1503 1041 1524 sec.
1070 1493 1204 1523 addictis
1225 1493 1276 1523 vel
1304 1493 1455 1523 adductus
1470 1493 1551 1523 Vat.
1568 1502 1618 1533 pr.
1644 1492 1700 1523 ‹11›-

230 1541 340 1571 ductus
356 1540 410 1569 vel
426 1539 568 1570 addictus
586 1539 664 1569 Vat.
682 1544 762 1569 tert.
800 1537 855 1567 sub
869 1538 992 1577 pulvere
1008 1537 1103 1567 Rott.
1122 1536 1205 1575 Reg.
1228 1545 1270 1566 m.
1286 1545 1337 1576 pr.
1356 1534 1467 1566 Oxon.
1485 1545 1535 1575 pr.
1572 1535 1697 1566 verbere

229 1588 375 1623 quatuor
392 1583 488 1613 Vatt.
509 1583 581 1613 Pal.
598 1583 695 1613 Fam.
715 1580 805 1612 Prie.
831 1580 885 1610 sub
899 1579 1026 1610 verbera
1042 1583 1109 1610 vet.
1123 1578 1207 1618 Gyr.
1222 1583 1259 1608 et
1276 1582 1344 1609 vet.
1359 1577 1444 1608 Cod.
1465 1578 1585 1610 Petav.
1603 1583 1695 1609 teste

229 1625 386 1663 Heinsio,
403 1626 459 1665 qui
474 1625 690 1664 ascripserat,
708 1626 798 1654 recte.
812 1624 833 1653 z'.
848 1633 874 1654 e.
889 1621 1120 1653 imminentibus
1132 1621 1321 1652 verberibus.
1338 1622 1386 1651 sic
1399 1621 1452 1651 sub
1468 1624 1593 1652 cantum
1609 1620 1697 1652 tibiae

231 1667 354 1699 Horat.
377 1668 445 1698 Od.
463 1677 530 1698 vn.
553 1668 609 1698 iib.
638 1677 690 1698 ιιι.
717 1667 769 1697 sub
794 1670 920 1705 pectora
947 1674 1081 1706 quoque
1106 1663 1197 1704 apud
1219 1664 1335 1695 Valer.
1363 1664 1478 1696 Flacc.
1500 1673 1548 1695 Vl.
1563 1666 1637 1695 603.
1653 1674 1696 1695 ex

230 1710 326 1740 Msto
342 1709 525 1747 Carrionis,
543 1714 578 1739 et
603 1710 692 1739 Stat.
719 1718 759 1737 ιι.
784 1708 889 1739 Theb.
906 1710 978 1738 145.
995 1707 1149 1737 similiter
1173 1715 1216 1737 ex
1243 1707 1326 1738 Mss.
1350 1706 1475 1737 verbere
1499 1707 1552 1736 vel
1571 1708 1698 1747 pulvere

232 1752 312 1784 Vat.
332 1756 409 1783 tert.
426 1752 504 1782 Pur.
526 1750 645 1779 corruit
661 1750 755 1778 Med.
772 1753 851 1778 tert.

893 1819 1037 1852 No'rAE

231 1899 374 1939 celiunt,
393 1902 432 1929 nt
448 1907 531 1939 qnos
557 1895 648 1928 ferro
673 1906 740 1928 non
765 1900 937 1937 poterant,
1034 1898 1096 1926 513
1119 1895 1298 1937 Adductus]
1320 1896 1482 1927 Sublatus
1506 1896 1539 1927 in
1562 1897 1698 1938 plagam

231 1955 325 1982 metu
358 1949 538 1980 verberum
569 1948 768 1978 vincerent:
801 1946 856 1978 aiii
883 1956 937 1978 oc·
991 1945 1185 1986 ferendam3
1203 1947 1257 1977 vel
1272 1947 1425 1986 addictus,
1441 1947 1474 1977 id
1489 1951 1553 1987 est,
1567 1948 1700 1981 servilis

232 2000 309 2040 cisi,
332 1999 387 2030 alii
409 1998 501 2039 capti
517 2003 553 2029 et
566 1997 664 2028 cruci
681 1996 785 2028 affixi.
823 1996 877 2027 Sic
895 2007 937 2028 ex
994 1997 1140 2037 gladius,
1168 2007 1244 2028 nam
1276 1998 1354 2028 olim
1386 1998 1522 2039 quidam
1557 1997 1636 2029 nexi
1662 1999 1698 2030 in

234 2051 386 2082 Pacato:
410 2050 419 2066 ‘
438 2052 535 2080 tanta
558 2048 607 2079 vis
625 2047 844 2079 conscientiae
860 2046 939 2086 fuit,
993 2048 1191 2079 servitutem
1227 2048 1456 2079 creditoribus
1493 2048 1700 2081 addiceban-

236 2105 273 2132 ιη
289 2099 332 2132 ab
348 2099 532 2130 inermibus
557 2102 775 2129 verterentur
793 2098 914 2129 armati
929 2109 937 2129 ε
993 2102 1070 2130 tur:
1095 2099 1196 2140 idque
1213 2099 1359 2141 petitum
1381 2104 1434 2132 est
1449 2109 1491 2132 ex
1504 2099 1588 2142 ipsis
1603 2099 1700 2134 Juris

233 2156 270 2185 et
296 2150 352 2193 qui
380 2149 576 2181 obtulerant
602 2148 767 2180 mortibus
783 2153 937 2191 poetora,
991 2148 1156 2182 sontibus.

234 2202 359 2233 darent
372 2203 468 2242 terga
485 2197 705 2232 verberibus)
