1852 3193
722 201 796 232 CL.
830 200 1112 232 CLAUDIAM
1146 200 1232 232 VH.

913 362 1034 410 VII.

248 504 359 554 CL.
389 502 785 553 CLAUDIANI
830 500 934 550 DE
979 500 1249 550 TERTIO
1278 501 1703 552 CONSULATU

416 589 736 638 HONORII
765 587 1072 637 AUGUSTI
1103 587 1535 637 PANEGYRIS.

768 714 1182 747 ARGUMENTUM.

289 792 544 824 GRATULATUR
561 790 767 822 Claudianus
788 790 924 822 tertium
944 790 1165 822 Consulatum
1181 789 1348 829 Honorio,
1364 789 1462 830 cujus
1479 788 1635 822 celebrat
1648 800 1707 823 na-

248 846 334 877 tales
348 845 488 886 Regios,
504 843 695 884 infantiam,
713 844 895 886 pueritiam
916 845 1016 875 armis
1033 844 1103 884 jam
1121 847 1189 874 tum
1208 843 1427 884 gaudentem,
1442 844 1706 876 adolescentiam

247 899 385 931 crudam
403 899 445 930 ad
462 898 619 930 ferendos
637 897 773 929 labores
790 897 927 929 Martis.
973 897 1136 929 Celebrat
1152 897 1246 928 illurn
1262 901 1300 928 ut
1318 897 1372 928 avi
1394 897 1599 929 imitatorem
1617 897 1708 930 futu-

246 962 335 993 rum,
352 958 391 984 ut
406 952 497 992 patri
514 951 675 983 bellicoso
691 952 822 982 haerere
832 952 904 992 jam
921 951 1110 991 ardentem,
1136 954 1174 982 ut
1190 950 1355 982 felicitate
1380 961 1439 982 sua
1456 951 1612 982 victorias
1629 961 1706 992 pro-

245 1010 438 1047 perantem,
457 1005 551 1035 Coelo
565 1003 740 1042 dilectum,
756 1008 961 1045 euntemque
984 1004 1028 1035 ad
1043 1005 1198 1044 Patrem,
1211 1014 1287 1035 cum
1305 1004 1412 1036 Patre
1428 1004 1707 1046 triumphantem,

245 1060 376 1100 populo
391 1057 622 1098 militibusque
637 1057 891 1097 plaudentibus.
935 1057 1025 1087 Tum
1049 1056 1259 1087 Theodosius
1286 1057 1388 1088 morti
1414 1059 1585 1097 proximus
1614 1059 1707 1090 Stili-

247 1112 389 1143 chonem
403 1110 517 1141 liberis
535 1110 603 1140 suis
625 1113 774 1140 tutorem
801 1108 991 1147 constitnit,
1015 1109 1149 1139 scandit
1167 1109 1308 1149 Coelum,
1328 1113 1481 1140 mutatur
1503 1111 1537 1141 in
1552 1111 1705 1145 Astrum.

244 1164 295 1195 At
309 1163 459 1195 Arcadio
475 1166 510 1193 et
529 1161 682 1193 Honorio
698 1164 807 1192 totum
821 1160 952 1193 Orbem
968 1161 1159 1193 subacturis
1175 1166 1275 1203 parat
1287 1162 1459 1194 Vulcanus
1474 1172 1577 1205 arma,
1589 1174 1707 1206 equos-

246 1226 310 1259 que
329 1216 525 1257 Neptunus.

245 1346 458 1406 TmmA
478 1364 686 1408 Romulei
709 1371 883 1408 sumant
902 1368 1086 1410 exordia
1106 1369 1269 1420 fasces,

246 1430 420 1486 Terque
437 1446 544 1476 suas
558 1434 695 1476 ducat
714 1435 913 1477 bellatrix
934 1449 1099 1490 pompa
1116 1437 1303 1477 curules.

249 1498 422 1541 Festior
442 1513 580 1544 annus
596 1506 682 1554 eat,
704 1503 961 1556 cinctusque
979 1504 1148 1546 imitata
1169 1504 1367 1546 Gabinos

288 1618 403 1651 Fasces
426 1620 562 1652 Romani
590 1621 716 1662 capiant
737 1622 867 1653 tertium
892 1622 1031 1663 initium,
1059 1628 1090 1654 et
1116 1634 1229 1665 pompa
1257 1624 1406 1655 militaris
1428 1623 1591 1655 comitetur
1611 1624 1706 1656 tertio

246 1661 357 1694 solium
371 1665 459 1694 tuum
476 1663 676 1697 Consulare.
720 1665 830 1698 Annus
841 1666 992 1697 solennior
1003 1667 1185 1708 incipiatur,
1211 1670 1240 1698 et
1264 1677 1402 1708 purpura
1417 1667 1547 1708 locuples
1560 1668 1706 1699 (emulum

859 1751 1096 1764 eeeeeeeeeeee

290 1811 484 1853 Panegyris]
509 1812 726 1854 Panegyricus
740 1814 835 1845 Rott.
852 1815 974 1847 incert.
1001 1816 1186 1848 Heins.—l
1210 1820 1331 1847 sumunt
1350 1816 1402 1847 vel
1422 1817 1536 1848 ducunt
1552 1814 1706 1848 Oisel.—-

246 1857 267 1885 2
292 1855 396 1895 Atque
425 1858 494 1886 tuas
519 1855 644 1888 Petav.
667 1861 747 1889 tert.
786 1858 887 1898 Teque
912 1859 991 1890 Vat.
1010 1864 1091 1891 tert.
1121 1860 1216 1891 Rott.
1235 1860 1318 1900 Reg.
1336 1860 1464 1891 Mazar.
1482 1859 1605 1890 Petav.
1637 1868 1704 1890 sec.

245 1898 324 1927 duas
338 1897 433 1929 Med.
450 1902 532 1929 tert.
568 1908 641 1929 suas
668 1900 820 1931 Florent.
850 1911 893 1932 m.
925 1911 992 1933 sec.
1026 1905 1082 1933 tua
1108 1903 1189 1934 Vat.
1207 1907 1288 1934 tert.
1320 1905 1390 1933 tuas
1409 1902 1476 1933 duo
1501 1902 1580 1933 Vat.
1608 1901 1704 1933 Rott.

248 1939 356 1971 Oisel.
392 1944 461 1971 tuos
477 1945 546 1972 tres
562 1942 641 1973 Vat.
655 1942 730 1973 Pal.
749 1943 850 1974 Fam.
866 1944 959 1975 Prie.
1000 1945 1101 1986 Teque
1126 1949 1181 1977 tua
1198 1946 1252 1976 vel
1280 1946 1399 1985 Terque
1422 1949 1493 1977 tuas
1513 1945 1628 1976 Oxon.
1652 1953 1703 1984 pr.

245 1985 277 2012 et
293 1982 432 2023 triplices
444 1984 538 2015 ducat
553 1983 666 2016 Oxon.
690 1985 774 2017 dicat
791 1986 900 2018 Oisel.
930 1997 1044 2028 pompa
1070 1989 1219 2020 Florent.
1241 1988 1337 2020 Med.
1363 1992 1443 2019 tert.
1471 1988 1553 2018 Lov.
1578 1987 1704 2027 Isingr.

247 2025 333 2056 Cod.
350 2024 529 2058 Ald.Exc.
547 2027 689 2059 Gevart.
727 2029 827 2059 Roma
852 2030 928 2060 Pal.
947 2031 1012 2061 duo
1037 2031 1132 2062 Med.
1157 2031 1238 2063 Jun.
1267 2041 1316 2071 pr.
1342 2031 1410 2062 inc.
1429 2031 1552 2062 Heius.
1574 2029 1705 2061 Moret.

246 2077 315 2099 sec.
340 2069 424 2100 Exc.
440 2070 585 2101 Lucens.
602 2080 652 2111 pr.
669 2070 722 2103 ed.
739 2072 855 2104 Pal-m.
871 2077 908 2103 et
922 2073 1035 2106 vicet.
1069 2074 1207 2105 cohortes
1231 2074 1309 2105 Pat.
1333 2084 1378 2105 m.
1407 2084 1458 2114 pr.
1495 2073 1594 2104 curuli
1617 2073 1703 2112 Reg.

244 2111 343 2143 curuli
360 2113 415 2143 vel
428 2113 547 2144 curules
564 2113 677 2146 Oxon.
690 2118 808 2156 pr.--3
832 2115 950 2146 cinctus
964 2116 1030 2148 duo
1046 2118 1125 2150 Vat.
1142 2118 1220 2150 Pat.
1235 2118 1362 2149 Moret.
1379 2127 1431 2158 pr.
1463 2116 1603 2156 ritusque
1619 2115 1703 2147 Exc.

903 2183 1042 2223 NOTAE

290 2263 307 2291 1
332 2260 474 2291 Romulei
491 2260 613 2301 fasces]
658 2262 781 2294 Fasces
797 2263 946 2296 duodeni

247 2321 267 2342 a
292 2311 469 2343 lictoribus
496 2311 695 2344 ferebantur
722 2318 801 2345 ante
818 2314 945 2345 Consu-

242 2363 306 2401 les,
323 2362 418 2394 velut
441 2362 585 2404 insignia
605 2363 827 2395 Consulatus:
854 2366 944 2396 unde

245 2418 283 2444 et
298 2422 361 2453 pro
378 2414 453 2454 ipso
470 2414 656 2446 Consulatu
672 2420 864 2456 sumuntur,
878 2416 943 2457 sig-

243 2474 324 2496 num
341 2474 403 2506 pro
420 2474 456 2495 re
473 2464 618 2505 signata.
645 2464 819 2496 Dicuntur
834 2465 942 2497 fasces

243 2515 413 2555 Romulei,
437 2514 472 2545 id
487 2518 553 2555 est,
570 2514 725 2555 Romani,
742 2515 820 2556 quia
833 2520 942 2556 gesta-

242 2565 368 2597 bantur
382 2566 417 2596 in
444 2565 530 2597 urbe
556 2565 589 2597 in
611 2575 677 2607 qua
701 2566 858 2606 regnavit
875 2566 942 2598 Ro-

242 2616 367 2657 mulus,
381 2621 417 2648 et
433 2626 453 2648 a
468 2616 547 2648 solis
563 2616 723 2649 Romanis
737 2617 942 2659 usurpaban-

244 2671 312 2700 tur.

287 2717 419 2750 Sumam}
430 2714 575 2758 exordia]
611 2716 746 2750 Annum
762 2717 942 2760 incipiant,

247 2767 413 2808 aperiant.

1043 2268 1063 2296 2
1086 2265 1250 2296 Bellatrix
1263 2266 1388 2306 pompa]
1432 2264 1597 2296 Cohortes
1617 2263 1703 2295 mili-

1000 2319 1092 2347 tares
1131 2316 1260 2346 solenni
1298 2324 1423 2356 pompa
1470 2313 1700 2355 procedentes

999 2365 1203 2395 comitentur
1215 2365 1413 2406 Principem
1424 2364 1559 2405 'rogato
1574 2364 1702 2405 Magis-

998 2419 1092 2446 tratu
1106 2416 1338 2456 conspicuum,
1363 2415 1495 2456 ipsique
1509 2415 1628 2447 honori
1642 2423 1700 2447 no-

997 2476 1076 2498 vum
1093 2467 1196 2498 decus
1212 2467 1466 2498 conciliantem.

1043 2518 1173 2549 Curules
1192 2517 1276 2557 suas]
1320 2518 1418 2556 Suas,
1445 2516 1480 2547 id
1497 2520 1560 2556 est,
1576 2516 1698 2547 Roma-

997 2578 1072 2599 nas.
1107 2569 1250 2608 Curules,
1266 2567 1300 2599 id
1315 2573 1378 2608 est,
1393 2568 1502 2598 Sellas
1517 2567 1698 2607 eburneas,

996 2619 1031 2649 in
1060 2618 1180 2660 quibus
1209 2618 1371 2650 sedentes
1402 2618 1566 2649 Consules
1596 2627 1699 2650 curru
1756 2627 1763 2629 “

996 2669 1207 2700 vehebantur
1221 2669 1256 2700 in
1272 2669 1418 2700 CurIam.

1039 2722 1058 2750 3
1082 2720 1209 2752 festior
1232 2718 1344 2759 annus]
1385 2719 1576 2752 Jucundior
1601 2728 1699 2751 sane-

998 2769 1132 2812 tiorque
1162 2770 1207 2803 sit
1234 2771 1287 2802 hic
1317 2779 1435 2812 annus,
1459 2770 1513 2802 cui
1530 2769 1695 2812 Princeps
