1852 3193
199 207 284 251 120
682 218 758 248 GL.
790 216 1071 247 CLAUDIAM
1105 217 1180 246 111.

204 313 245 354 Ο
260 314 389 354 mites
413 313 642 354 Diomedis
664 313 789 366 equi!
824 311 1042 352 Busiridis
1063 323 1150 351 arae

202 380 470 421 Clementes!
497 381 591 434 jam
614 379 753 420 Cinna
774 380 892 431 pius,
905 378 1015 430 jam,
1040 377 1269 430 Spartace,
1287 377 1398 418 lenis

204 449 366 490 Rufino
389 450 571 489 collatus
589 449 687 487 eris.
750 445 985 498 Dejecerat
1004 458 1153 485 omnes

207 516 409 557 Occultis
431 516 543 556 odiis
564 520 710 563 terror,
736 515 944 566 tacitique
968 513 1162 565 sepultos

206 584 442 637 Suspirant
463 584 658 635 gemitus,
681 581 984 637 indignarique
1004 586 1221 622 verentur.

1571 377 1657 418 ‘255

209 719 285 740 cum
301 707 490 748 ergastulis?
537 711 565 737 0
582 708 652 748 eqni
675 707 836 738 Diomedis
851 709 1002 738 ninusueti
1015 707 1029 738 !
1075 717 1093 738 o
1110 707 1224 738 altaria
1240 707 1402 738 Busiridis
1416 705 1532 737 mitia!
1576 707 1669 738 Nunc

213 752 315 782 Cinna
330 757 382 782 est
396 752 571 791 religiosas,
593 761 672 781 nunc
685 756 721 780 tu
739 761 757 780 ο
774 750 934 790 Spartace,
950 754 1145 791 comparatus
1162 750 1289 792 Rufina,
1302 750 1365 781 eris
1376 751 1513 780 clemens.
1562 750 1670 781 Timor

208 794 335 825 insanus
348 794 577 834 conflictui-erut
591 794 742 824 homiues
759 794 802 824 ob
814 797 930 823 secreta
945 795 1031 824 odia:
1050 797 1078 824 et
1090 794 1214 824 silentes
1229 793 1381 834 suffocant
1396 792 1534 834 suspiria
1549 802 1671 833 oppres-

832 888 1066 900 eeeeeeeeeeee

213 944 623 976 Maza1·.1.eid.sec.duo
642 945 755 975 Oxou.
774 945 872 975 ambo
897 945 1025 975 Moret.
1051 945 1135 975 Lov.
1164 949 1232 975 tres
1263 945 1384 975 Petav.
1414 944 1500 974 Exn.
1529 942 1674 974 Gevart.

213 987 316 1017 Farn.
356 987 479 1027 Chyron
508 988 658 1017 Florent.
676 992 821 1027 ‹piatuor
845 987 940 1017 Meri.
979 987 1057 1017 Silla
1083 987 1181 1018 ambo
1208 988 1333 1018 Moret.
1362 987 1445 1017 Lov.
1471 985 1537 1016 duo
1563 986 1675 1017 Oxou.

214 1029 282 1060 duo
299 1030 504 1060 Leia—254
520 1030 605 1070 equis
620 1030 674 1059 vel
692 1040 793 1069 equos,
808 1029 890 1060 item
906 1039 978 1059 aras
993 1029 1116 1060 incert.
1132 1029 1356 1061 Heius—255
1372 1029 1530 1059 Parthace
1544 1028 1675 1059 Mazar.

215 1072 298 1103 Put.
315 1073 396 1102 Lov.
415 1072 534 1102 Petav.
559 1081 627 1101 sec.
644 1071 709 1102 duo
727 1071 821 1102 Leid.
845 1072 1002 1101 Partlmre
1018 1072 1130 1102 Oxon.
1166 1072 1302 1102 Partaco
1319 1071 1415 1102 Leid.
1454 1071 1596 1102 Pavitare
1623 1070 1676 1101 vel

216 1113 366 1154 Spartace
383 1115 508 1144 Moret.
525 1116 703 1144 seo—256
735 1123 837 1144 omnes
864 1113 1021 1144 Ambros.
1039 1117 1118 1145 tert.
1135 1119 1281 1153 quatuor
1296 1115 1374 1145 Vat.
1391 1113 1483 1146 Prie.
1501 1124 1521 1144 a
1546 1124 1589 1144 m.
1607 1123 1677 1144 sec.

216 1157 316 1185 omnis
333 1157 415 1186 Exc.
434 1157 577 1186 Luce-ns.
613 1166 716 1186 omnes
747 1156 800 1186 vel
831 1165 934 1185 umens
949 1156 1027 1186 vm.
1053 1165 1119 1187 sec.
1145 1156 1229 1187 Put.
1258 1157 1384 1187 Moret.
1403 1166 1455 1196 pr.
1487 1156 1586 1187 Leid.
1610 1166 1679 1188 sec.

217 1198 315 1228 Med.
331 1208 400 1229 sec.
423 1199 540 1239 reliqui
558 1208 683 1238 magno
699 1208 840 1229 numero
856 1208 978 1228 amens:
1002 1199 1050 1229 ita
1074 1198 1218 1229 Gesner.
1245 1199 1306 1230 erit
1319 1198 1442 1239 Isingr.
1458 1198 1512 1229 ed.
1528 1198 1683 1230 Debr.—-

217 1243 280 1271 257
304 1243 440 1272 occultus
455 1242 558 1272 Farn.
576 1242 659 1272 Exc.
677 1241 820 1272 Lucens.
838 1244 1016 1272 seru—258
1047 1242 1265 1282 indignatique
1287 1242 1436 1273 Florent.
1451 1241 1580 1272 Thuan.
1605 1241 1682 1272 Pal.

218 1283 322 1313 Fam.
340 1284 438 1314 Rott.
457 1283 552 1315 Med.
569 1294 620 1323 pr.
637 1283 756 1314 Ambr.
774 1294 822 1323 pr.
838 1284 918 1315 Vat.
936 1286 1045 1324 quint.
1063 1285 1117 1315 ed.
1136 1285 1251 1316 Parni.
1276 1284 1493 1324 indignatique
1511 1284 1564 1315 vel
1580 1284 1684 1323 indig-

219 1326 350 1366 narique
376 1327 464 1367 Reg.
497 1327 623 1357 Moret.
647 1336 699 1366 pr.
722 1326 835 1358 Oxon.
860 1336 913 1366 pr.
948 1326 1109 1358 Heinsius
1137 1327 1356 1368 conjiciebat,
1372 1329 1525 1368 tacitoque
1549 1328 1685 1368 sepultos

884 1421 1024 1454 NOTAE

223 1498 379 1537 Megarae
424 1497 573 1538 scopulis
610 1497 774 1537 insidens,
811 1502 928 1538 raptos

225 1548 374 1579 viatores
405 1547 601 1588 praecipites
634 1548 782 1588 agebat:
807 1548 881 1588 ipse
912 1558 932 1579 a

225 1599 359 1630 Theseo
389 1608 544 1639 praeceps
575 1603 671 1629 actus
702 1604 766 1638 est,
797 1604 832 1630 et
859 1599 932 1639 ejus

229 1659 305 1680 ossa
320 1649 353 1680 iu
370 1649 581 1689 marejacta‚
598 1650 632 1680 in
649 1659 729 1680 saxa
745 1659 842 1680 versa
858 1659 932 1680 esse

229 1700 388 1731 dicuntur
412 1710 432 1731 a
458 1700 588 1731 Poetis.
634 1701 675 1731 Id
704 1700 794 1742 quod
814 1699 934 1731 fictum

230 1755 284 1782 cst
310 1750 353 1781 ob
371 1750 598 1791 importunam
624 1751 765 1783 latronis
793 1751 934 1792 hujusce

230 1800 403 1831 duritiem.

278 1851 437 1892 Phalaris]
460 1849 784 1891 Agringentinorum
801 1850 836 1881 in
852 1851 936 1882 Sici-

231 1901 279 1931 lia
293 1905 471 1941 tyrannus,
486 1902 541 1942 qui
560 1907 692 1932 taurum
713 1901 833 1933 habuit
858 1911 938 1933 aere-

235 1961 302 1991 nm,
318 1952 351 1982 in
367 1962 466 1993 quem
488 1953 628 1984 immissi
650 1954 815 1993 damnati,
843 1953 937 1994 igne-

236 2014 302 2046 que
331 2004 498 2045 subjecto,
522 2005 620 2036 bovis
646 2006 812 2046 mugitum
835 2006 938 2037 edere

236 2055 453 2087 videbantur.
500 2056 581 2096 lpse
598 2056 754 2087 Phalaris
772 2062 831 2087 aut
853 2057 942 2088 saxis

238 2106 376 2136 obrutus
393 2111 458 2146 est,
472 2111 544 2146 aut,
559 2116 649 2138 aereo
663 2111 762 2138 tauro
780 2107 942 2146 inclusus,

237 2156 344 2186 instar
359 2156 482 2187 Perilli
508 2156 661 2195 artificis,
677 2159 685 2174 ‘
704 2158 831 2188 Docuit
848 2168 943 2189 suum

240 2205 594 2246 mugirejuvencum.'
618 2206 835 2237 Claudianus.

286 2255 390 2296 Sulla]
434 2255 693 2286 Crudelissimus
719 2257 945 2287 Romanorum

244 2306 340 2344 civis,
356 2305 414 2346 qni
428 2305 729 2346 proscriptionibus
747 2310 783 2336 et
795 2305 945 2336 caedibus

245 2359 387 2388 Romam
411 2355 600 2395 infestavit,
626 2361 662 2387 et
688 2365 804 2387 eorum
831 2357 947 2396 etiam,

247 2417 329 2449 quos
346 2407 534 2445 occiderat,
548 2406 635 2437 filios
651 2406 767 2447 ejecit.

288 2460 353 2488 254
376 2457 540 2488 Diomedis
555 2457 637 2498 equi]
677 2457 862 2488 Diomedes
874 2459 948 2489 Rex

246 2507 419 2547 Thraciae,
431 2517 538 2549 equos
550 2517 652 2538 carne
667 2508 812 2539 humana
826 2508 951 2548 alebat,

249 2559 310 2589 sed
336 2559 379 2590 ab
396 2559 549 2590 Hercule
567 2559 692 2599 victus,
708 2563 744 2590 et
770 2559 889 2590 iisdem
917 2569 950 2590 e-

251 2608 325 2649 quis
339 2609 484 2640 traditus
498 2614 553 2641 est
568 2609 793 2641 devorandus.

294 2660 439 2701 Busiris]
453 2660 693 2701 AEgyptiorum
710 2665 884 2703 tyrannus,
896 2663 953 2704 qui

253 2710 403 2749 hospites
418 2710 498 2742 Jovi
510 2711 718 2743 immolabat.

296 2763 357 2791 255
397 2761 513 2801 Cinna]
551 2761 643 2794 Civis
656 2762 774 2795 Romae
788 2763 954 2795 immanis·

983 1499 1097 1539 simus,
1127 1501 1183 1542 qui
1210 1501 1351 1532 Romam
1379 1499 1686 1542 proscriptionibus

985 1555 1021 1582 et
1038 1551 1191 1582 caedibus
1209 1552 1311 1583 etiam
1329 1551 1494 1592 implevit.

1029 1601 1191 1643 Spartace]
1205 1603 1392 1643 Spartacus
1405 1601 1577 1643 gladiator
1587 1601 1690 1632 Thra-

988 1652 1071 1690 cius,
1099 1652 1155 1693 qui
1184 1651 1329 1684 effracto
1351 1652 1489 1684 Lentuli
1512 1651 1593 1682 ludo
1614 1660 1690 1681 curn

988 1702 1204 1743 septuaginta
1219 1702 1464 1743 gladiatoribus
1481 1702 1600 1743 Capua
1618 1711 1692 1732 eru-

989 1752 1052 1793 pit,
1079 1756 1114 1784 et
1130 1752 1351 1793 Campaniam
1377 1753 1557 1793 populans,
1578 1750 1692 1782 fasces

990 1804 1139 1844 rapiens,
1153 1803 1245 1835 ferro
1259 1803 1460 1845 flammaque
1481 1807 1607 1834 cuncta
1623 1811 1695 1832 vas-

992 1854 1097 1885 tavit:
1124 1864 1142 1885 a
1159 1854 1282 1885 Crasso
1300 1855 1410 1885 victus
1430 1859 1506 1885 est:
1531 1853 1618 1884 obiit
1645 1857 1696 1883 ta-

991 1913 1067 1934 men
1086 1903 1223 1935 fortiter
1240 1904 1417 1935 dimicans.

1036 1957 1097 1985 257
1125 1955 1264 1985 Occultis
1278 1954 1374 1994 odiis]
1405 1953 1699 1985 Timebanthomi-

995 2014 1053 2035 nes
1084 2005 1266 2036 versutiam
1301 2005 1436 2046 belluae,
1471 2004 1699 2036 occultissime

996 2054 1073 2086 odia
1091 2065 1149 2086 sna
1166 2057 1326 2095 gerentis.

1071 2105 1197 2145 Terror]
1265 2105 1333 2138 Qui
1371 2105 1489 2137 turbat
1533 2104 1700 2144 homines,

998 2160 1032 2187 et
1074 2156 1192 2187 reddit
1227 2156 1323 2187 velut
1360 2161 1475 2187 mente
1501 2162 1634 2196 captos,
1666 2159 1701 2186 et

999 2211 1163 2237 amentes.

1046 2255 1206 2295 Tacitique
1227 2256 1362 2295 sepultos
1380 2256 1537 2296 suspirant
1550 2256 1703 2297 gemitus]

1001 2305 1179 2346 Suspirant
1195 2315 1271 2337 suos
1295 2306 1437 2346 gemitus
1461 2316 1533 2337 esse
1553 2306 1705 2346 sepultos

1001 2360 1102 2396 atque
1133 2365 1330 2396 oppressos;
1354 2366 1414 2386 seu
1448 2356 1621 2396 suspirant
1650 2355 1707 2386 do-

1002 2407 1141 2447 lentque
1168 2406 1400 2444 vehementer,
1428 2406 1517 2447 quod
1546 2406 1611 2437 sibi
1638 2415 1706 2436 non

1004 2456 1105 2487 liceat
1121 2466 1255 2496 gemere
1274 2461 1378 2498 atque
1395 2457 1577 2497 suspirare.

1047 2510 1109 2538 258
1154 2507 1381 2548 Indignarique
1423 2507 1582 2546 verentur]
1634 2506 1709 2537 Me-

1005 2562 1119 2597 tuunt,
1144 2567 1186 2588 ne
1210 2558 1391 2589 videantur
1417 2557 1528 2589 irasci.
1575 2556 1644 2587 Alii
1663 2557 1710 2587 le-

1007 2615 1102 2650 gunt,
1128 2609 1308 2649 indignati5
1330 2618 1444 2640 secum
1479 2607 1646 2649 indignati
1676 2608 1710 2639 in

1008 2664 1149 2701 pectore
1165 2664 1340 2701 verentur,
1366 2669 1407 2691 ne
1424 2658 1500 2700 quis
1518 2659 1564 2691 sit
1577 2658 1710 2691 intima·

1009 2720 1081 2741 rum
1099 2711 1343 2752 cogitationum
1360 2709 1504 2742 delator.
