1852 3193
903 379 1008 431 ΧῘ.

603 538 742 597 CL.
779 538 1293 599 CLAUDIANI

730 672 810 713 IN
841 672 1186 715 NUPTIAsa

232 789 899 869 HONORII
995 792 1684 871 AUGUSTI

926 934 988 965 ET

687 1032 1213 1107 MARIAE

555 1175 820 1237 FESC
849 1179 1348 1238 ENNINA‚1›

774 1299 1144 1344 ALCAICUM.0

734 1509 1170 1545 ARGUMENTUM.

262 1579 469 1612 Lmnmm
492 1581 666 1614 Honorius
693 1594 712 1615 a
738 1583 859 1624 forma,
885 1595 904 1616 a
931 1586 1143 1618 dexteritate
1169 1587 1203 1617 in
1219 1586 1406 1628 jaculando
1421 1588 1456 1617 et
1476 1582 1684 1626 equitando:

218 1632 402 1671 praefertur
418 1634 589 1666 Hcroibus
608 1637 769 1678 Diisque:
796 1639 871 1678 ejus
889 1639 1110 1679 pulchritudo
1125 1640 1228 1681 digna
1244 1645 1309 1680 est,
1333 1651 1407 1682 quae
1425 1642 1560 1670 moveat
1577 1638 1685 1675 nem,

219 1695 293 1724 ‘3¹¹3'
319 1685 437 1718 flectat
458 1687 616 1729 Scythas,
631 1688 843 1729 Amazonas3
868 1691 959 1722 unde
986 1692 1119 1723 beatior
1136 1698 1199 1733 est,
1225 1704 1299 1735 quae
1326 1702 1393 1725 tan]
1414 1691 1558 1733 pulchro
1575 1689 1681 1722 nubet

218 1738 381 1780 Principi.

445 1840 717 1896 PmNcms
742 1868 931 1897 corusco
957 1856 1101 1897 sidere
1123 1856 1363 1911 pulchrior,

443 1919 622 1961 Parthis
646 1923 830 1976 sagittas
851 1925 1030 1966 tendere
1051 1926 1223 1975 certior,

258 2017 288 2048 Ο
310 2018 483 2059 Imperator
502 2019 674 2058 formosior
697 2027 782 2054 astro
798 2025 939 2067 micanti,
962 2025 1095 2067 peritior
1111 2024 1243 2057 Parthis
1259 2024 1382 2056 vibrare
1397 2023 1470 2065 teia,
1484 2031 1574 2065 eques
1587 2023 1682 2054 auda·

830 2108 1022 2119 eeeeeeeee
1024 2109 1063 2119 Ν

228 2161 231 2162 ’
255 2157 342 2188 Haec
359 2159 567 2191 Fescennina
597 2162 629 2193 in
659 2165 743 2196 Mss.
762 2165 917 2197 omnibus
942 2166 1171 2200 Enithalamio
1198 2165 1437 2207 praefiguntur.
1481 2163 1523 2194 In
1549 2163 1679 2194 Μῡῐὲῐ·

211 2208 280 2230 sec.
297 2200 359 2230 hoc
378 2211 514 2233 carmen
533 2205 688 2245 sequitur
705 2213 784 2247 post
811 2209 916 2240 libros
941 2203 981 2239 in*
999 2210 1216 2250 Eutropium.
1261 2210 1302 2240 In
1323 2209 1448 2239 Moret‘
1464 2216 1517 2246 pr·
1537 2210 1573 2236 et
1590 2206 1678 2236 EXC-

214 2242 356 2274 Gevart.
370 2246 463 2276 nulla
477 2251 530 2277 est
546 2247 738 2289 inscriptio,
753 2256 788 2280 et
807 2257 998 2291 sequuntur
1012 2253 1087 2284 haec
1105 2258 1183 2293 post
1201 2261 1251 2283 [v.
1270 2253 1371 2284 Cons.
1390 2251 1519 2281 Houor.
1543 2248 1583 2280 ln
1595 2249 1677 2297 Vat-

212 2290 333 2323 quarto
350 2292 437 2325 erat,
454 2289 571 2329 Incipit
584 2292 766 2330 prooeminm
783 2294 919 2325 Honorii
944 2298 975 2326 et
993 2296 1109 2326 Murice
1126 2295 1386 2335 Epithalamium.
1410 2298 1445 2324 et
1460 2294 1495 2323 in
1511 2300 1676 2332 margine,

213 2328 330 2368 Incipit
354 2330 600 2370 Epithalamium
615 2344 738 2365 ctu-men
761 2337 808 2366 rel
832 2337 1068 2368 Fescenninum.
1114 2339 1154 2369 Iu
1178 2339 1301 2369 Petav.
1319 2347 1370 2378 pr.
1387 2336 1580 2377 legebatur,
1596 2333 1678 2365 Inci-

206 2372 255 2410 pit
273 2372 463 2406 Fescennina
477 2376 514 2406 de
528 2376 661 2416 Nuptiis
680 2378 811 2410 Honor-iz·
827 2379 912 2419 Aug.
938 2381 959 2411 l.
978 2391 1018 2411 n.
1052 2381 1275 2413 Tholosanius
1292 2380 1409 2420 habet,
1427 2378 1543 2419 Incipit
1560 2377 1676 2408 Fecen-

873 2439 905 2470 N
913 2440 1016 2470 OTAE

248 2488 263 2503 ὃ
282 2484 436 2526 Nuptias]
460 2488 578 2519 Deliis
595 2490 722 2530 nuptiis
746 2491 912 2532 cogitavit

209 2533 363 2575 Stilicho,
375 2540 411 2566 ut
424 2538 500 2568 rudi
514 2538 681 2580 Principe
697 2540 731 2571 in
748 2550 911 2581 generum

206 2586 313 2617 ascito
339 2589 490 2620 securius
507 2590 687 2631 imperium
704 2598 852 2633 regeret.

249 2634 263 2655 b
286 2636 493 2679 Fescennina]
526 2641 613 2672 Sunt
633 2644 766 2683 species
792 2644 911 2675 carmi-

206 2695 297 2726 num,
312 2698 387 2728 quae
405 2690 526 2730 majori
552 2702 629 2723 cum
656 2693 798 2725 licentia
821 2704 911 2726 com-

206 2737 319 2775 posita
334 2744 434 2771 sunt:
459 2741 507 2772 sic
525 2741 621 2774 dicta
647 2743 690 2774 ab
718 2745 810 2776 Urbe
835 2746 910 2777 Fes-

204 2787 313 2818 ommia
337 2788 372 2819 in
398 2790 578 2835 Hetruria,
594 2794 684 2826 unde
700 2795 846 2837 primum
863 2797 910 2827 al-

964 2492 1036 2523 lata
1051 2497 1138 2524 sunt.

1007 2547 1020 2562 ⁰
1042 2542 1217 2581 Alcaicum]
1254 2542 1330 2573 Hoc
1357 2539 1544 2572 carminum
1568 2547 1674 2579 genus

965 2593 1012 2624 sic
1030 2593 1243 2634 appellatum
1270 2597 1323 2623 est
1352 2591 1394 2622 ab
1411 2589 1531 2622 Alcaeo
1548 2588 1673 2620 Lesbio

965 2644 1156 2675 inventore.

1008 2697 1028 2725 2
1054 2694 1198 2734 Parthis]
1222 2693 1310 2724 Asiae
1334 2693 1482 2733 populis,
1499 2690 1608 2732 quiin
1623 2699 1674 2721 sa·

966 2745 1063 2785 gittis
1073 2744 1245 2776 vibrandis
1261 2743 1458 2775 solertiores
1476 2745 1575 2773 erant
1588 2751 1598 2781 3
1613 2739 1672 2772 ad-

965 2805 1007 2827 eo
1023 2799 1061 2827 ut
1078 2795 1132 2827 vel
1149 2793 1312 2836 fugiendo
1329 2792 1518 2826 vincerent.
