1852 3193
244 236 322 277 150
736 246 811 277 cn.
845 245 1127 276 CLAUmANl
1160 248 1201 275 v.

237 342 434 386 Moerent
455 343 609 399 pellito
633 343 826 396 captivae
844 340 996 395 judice
1017 340 1149 392 leges.
1642 341 1700 383 85

237 410 350 461 Quis
371 413 530 466 populi
554 417 658 452 tunc
681 409 829 450 vultus
850 408 974 448 erat?
1007 419 1110 459 quae
1132 419 1349 447 murmura
1364 407 1546 449 furtim?

237 478 357 520 Nam
374 481 548 521 miseris
571 492 650 519 nec
671 476 775 516 flere
798 474 981 527 quidem
1013 480 1091 514 aut
1106 474 1242 515 lenire
1267 474 1464 516 dolorem

236 545 489 601 Colloquiis
510 548 689 599 impune
710 544 828 584 licet.
892 541 1101 593 Quonam
1123 555 1265 595 usque
1284 543 1472 584 feremus

237 614 433 656 Exitiale
449 614 633 670 jugum?
668 612 790 652 durae
813 611 912 664 quis
936 610 1145 650 terminus
1165 623 1360 663 unquam

236 681 378 723 Sortis
395 684 477 723 erit
493 684 510 722 ἵ
544 682 645 735 quis
661 693 753 721 non
773 678 954 719 funesto
973 678 1148 718 turbine
1165 691 1311 719 rerum
1643 680 1701 721 90

236 747 332 789 Aut
349 750 484 790 tantis
508 749 656 789 solvet
673 746 896 800 lacrymiS‚
929 758 1044 798 quos
1066 745 1292 787 Barbarus
1314 746 1454 796 illinc,

237 815 357 856 Hinc
377 816 571 857 Rufinus
590 817 696 868 agit,
730 815 896 868 quibus
919 826 1026 854 arva
1046 812 1296 867 fretumque
1318 815 1540 867 negatur?

238 882 402 936 Magna
421 885 602 938 quidem
619 897 696 938 per
712 895 814 924 rura
829 883 925 922 lues
944 895 954 933 ;
987 881 1068 921 sed
1085 882 1229 936 major
1248 883 1429 923 oberrat
1496 881 1500 883 ’

234 1016 328 1049 erat?
376 1018 454 1053 Quis
466 1017 618 1055 fremitus
630 1017 707 1048 clam
718 1016 734 1049 1?
782 1016 908 1046 Etenim
923 1016 1100 1056 affiictinon
1117 1016 1231 1045 audent
1244 1014 1339 1045 etiam
1354 1015 1459 1052 lugere
1475 1016 1554 1054 tuto,
1570 1014 1615 1044 vel
1626 1013 1704 1044 mul-

235 1071 302 1091 cere
316 1070 469 1091 oerumnas
481 1059 679 1090 sermonibus.
728 1059 813 1089 Haec
839 1058 957 1088 dicunt
974 1069 981 1087 :
1031 1058 1193 1096 Quousque
1217 1058 1372 1096 patiemur
1398 1057 1579 1087 servitutem
1604 1058 1704 1087 detes-

235 1102 384 1134 tabilem?
430 1103 509 1137 Quis
515 1102 596 1143 finis
611 1102 671 1132 erit
687 1111 819 1140 unquam
835 1100 1024 1130 calamitatis
1041 1096 1182 1130 acerbae?
1229 1099 1308 1134 Quis
1331 1099 1474 1129 liberabit
1496 1109 1550 1130 nos
1567 1109 1585 1129 a
1599 1098 1704 1137 fatali

235 1148 415 1185 tempestate
437 1145 641 1182 miseriarum,
663 1144 711 1173 rel
736 1153 754 1173 a
774 1139 1035 1181 tantisfletz'bus?
1081 1141 1168 1179 Nos,
1183 1151 1256 1180 quos
1267 1141 1339 1170 hinc
1354 1141 1506 1179 Barbari,
1528 1143 1600 1172 inde
1616 1141 1705 1182 Rufi-

234 1197 291 1217 nus
307 1190 398 1217 rarat
411 1197 421 1217 :
445 1196 518 1225 ιιοε,
541 1186 650 1226 quibus
675 1189 761 1216 terra
787 1188 817 1215 et
840 1194 924 1215 mare
940 1194 999 1215 non
1014 1185 1231 1214 conceduntur.
1280 1185 1374 1214 Certe
1385 1194 1443 1223 per
1458 1194 1578 1224 campos
1593 1185 1703 1223 ingens

850 1284 1087 1296 eeeeeeeeeeee

235 1368 274 1395 85
308 1364 414 1404 pellito
440 1364 571 1404 captirae
603 1364 683 1394 Vat.
701 1373 753 1404 pr.
792 1363 923 1402 captiroe
948 1361 1056 1401 pellito
1081 1361 1313 1392 Sched.G11d.
1349 1362 1466 1402 polluto
1485 1362 1609 1394 Petav.
1631 1371 1703 1394 sec.

235 1408 332 1439 Med.
357 1416 426 1439 see.
450 1407 580 1438 Incert.
606 1406 727 1437 Heius.
745 1405 859 1444 Marg.
876 1405 1000 1444 Isingr.
1024 1404 1140 1444 pellitae
1164 1405 1354 1435 Fam—86
1375 1405 1495 1445 populis
1511 1405 1641 1436 Rott.a
1656 1416 1702 1436 m.

236 1460 288 1490 pr.
306 1451 459 1481 Florent.
475 1449 572 1481 Med.
589 1459 655 1480 sec.
674 1453 740 1480 tum
753 1449 833 1479 Vat.
851 1458 900 1488 pr.
918 1449 1045 1478 Moret.
1061 1457 1130 1478 see.
1148 1448 1231 1484 Rea.
1253 1447 1367 1478 Oxou.
1381 1457 1433 1487 pr.
1446 1449 1544 1478 luctus
1561 1457 1622 1487 pro
1638 1449 1704 1479 vul-

233 1497 285 1523 tus
311 1492 455 1532 conjicit
482 1492 691 1523 Heins.-87
726 1492 816 1523 Dant
840 1491 946 1521 miseri
971 1489 1067 1520 Leid.
1092 1500 1160 1521 sec.
1190 1491 1275 1521 Exc..
1294 1490 1439 1521 Gevart.
1477 1490 1567 1521 Dant
1581 1491 1704 1522 miseris

235 1535 332 1567 Med.
347 1540 456 1577 quart.
487 1545 548 1566 non
563 1536 646 1577 flere
668 1536 766 1565 Farn.
792 1534 876 1565 Lov.
895 1532 990 1564 Med.
1019 1542 1072 1573 pr.
1095 1533 1193 1564 ambo
1219 1533 1345 1564 Moret.
1374 1543 1434 1564 non
1451 1533 1505 1564 vel
1531 1543 1610 1564 nunc
1626 1534 1703 1566 Pal.

234 1580 353 1609 dolores
375 1579 462 1609 Exc.
486 1578 588 1609 Laeti.
624 1579 759 1609 dolorem
775 1577 933 1608 undecim
948 1575 1067 1616 scripti
1085 1581 1121 1606 et
1136 1577 1220 1607 Exc.
1236 1575 1379 1607 Gevart.
1398 1575 1566 1607 Διά-89
1589 1577 1703 1608 malum

236 1621 421 1660 projugum
431 1621 531 1652 Varr.
549 1621 615 1652 LL.
629 1621 684 1652 ed.
699 1620 804 1652 Antv.
819 1621 905 1650 duroe
922 1623 1066 1660 quatuor
1076 1619 1155 1649 Vat.
1169 1619 1244 1649 Pal.
1257 1619 1359 1649 Farn.
1377 1619 1469 1650 Prie.
1487 1619 1581 1650 Rott.
1596 1619 1704 1651 Oisel.

234 1665 320 1695 Exc.
335 1664 433 1695 Laeti.
458 1664 537 1695 dirae
552 1664 686 1695 Tholos.
704 1662 800 1694 Med.
814 1672 882 1693 sec.
899 1662 1021 1692 Petav.
1040 1671 1091 1701 pr.
1117 1662 1186 1702 quis
1199 1663 1285 1692 ‹lm-ce
1300 1663 1353 1692 vel
1376 1663 1461 1692 dnrae
1478 1672 1531 1693 nec
1544 1662 1627 1693 Lov.
1650 1662 1704 1703 qui

237 1707 346 1737 Oisel.
363 1708 449 1747 Reg.
479 1707 546 1737 duo
570 1707 692 1738 Petav.
717 1705 811 1736 Med.
829 1707 984 1736 sec.——90
1010 1705 1127 1735 Mortis
1141 1704 1237 1736 Med.
1255 1714 1322 1735 sec.
1341 1715 1359 1734 a
1376 1714 1418 1735 m.
1438 1715 1489 1745 pr.
1508 1705 1583 1736 Pal.
1598 1710 1632 1736 et
1648 1705 1704 1737 ed.

233 1750 349 1780 Vicet.
366 1750 492 1788 funesto
507 1749 629 1781 turbine
644 1750 728 1780 Exc.
749 1750 892 1779 Lucens.
911 1757 980 1778 sec.
1004 1749 1138 1778 intanto
1155 1747 1206 1778 vel
1230 1746 1359 1784 funesto
1374 1748 1487 1779 Oxou.
1506 1758 1558 1788 pr.
1574 1747 1705 1786 funesto

234 1792 267 1822 in
283 1792 405 1823 turbine
421 1793 543 1833 reliqui
559 1793 690 1832 scripti,
718 1792 798 1822 item
815 1791 895 1821 Var.
915 1791 982 1821 LL.
1000 1790 1054 1822 ed.
1077 1789 1179 1820 Antv.
1207 1789 1320 1828 infesto
1339 1790 1416 1821 Pat.
1456 1801 1509 1821 nos
1526 1791 1557 1822 in
1573 1794 1661 1822 tanto
1677 1794 1702 1822 t.

236 1835 334 1865 Leid.
352 1836 496 1866 alt.—91
520 1835 587 1866 Aut
609 1836 708 1865 tantis
724 1840 794 1865 tres
812 1834 894 1864 vat.
916 1833 1011 1864 Med.
1029 1838 1108 1864 tert.
1126 1832 1244 1864 Ambr.
1272 1842 1324 1872 pr.
1349 1833 1470 1864 incert.
1489 1833 1607 1865 Heius.
1636 1835 1703 1864 Aut

234 1878 289 1908 vel
312 1877 341 1908 A
360 1878 448 1918 Reg.
472 1878 519 1908 Ab
537 1879 621 1908 Exc.
642 1879 787 1909 Lucens.
805 1886 856 1917 pr.
880 1877 908 1907 A
927 1876 1025 1906 tantis
1047 1876 1168 1916 reliqui
1185 1885 1310 1915 omnes,
1328 1876 1411 1907 Exc.
1430 1877 1507 1907 Pat.
1521 1885 1592 1907 rec.
1617 1876 1702 1907 item

235 1919 380 1952 Gevarl.
401 1927 437 1952 et
450 1921 551 1951 Varr.
570 1920 641 1951 LL.
658 1920 713 1951 ed.
731 1919 835 1951 Antv.
867 1919 957 1949 solt-it
973 1918 1078 1950 Oisel.
1103 1929 1156 1949 nos
1177 1918 1324 1949 barbarus
1339 1919 1425 1950 Exc.
1445 1919 1530 1950 Laeti
1545 1929 1564 1949 a
1577 1929 1620 1949 m.
1633 1928 1702 1951 sec.

234 1972 308 2001 qims
325 1962 410 1993 barb.
439 1963 562 1994 Petav.
579 1966 747 1994 tem—92
781 1972 868 1992 arma
890 1962 1019 1992 Lovan.
1054 1964 1187 2000 negatur
1215 1965 1360 2001 quatuor
1372 1962 1451 1992 Vat.
1482 1962 1579 1993 Farn.
1606 1962 1702 1992 Prie.

235 2005 329 2035 Rott.
345 2005 452 2036 Oisel.
465 2006 550 2037 Exc.
568 2006 668 2036 Laeti.
691 2008 846 2044 negantur
862 2004 945 2043 Reg.
962 2004 1036 2034 Pal.
1052 2005 1132 2034 Pat.
1150 2004 1216 2034 duo
1230 2003 1324 2035 Med.
1342 2013 1427 2034 unus
1444 2003 1564 2034 Heius.
1579 2003 1701 2036 Ambr.

235 2050 392 2078 sem—93
414 2058 472 2088 per
495 2052 598 2079 castra
613 2048 693 2079 Vat.
710 2057 778 2079 sec.
810 2047 963 2088 postjura
979 2047 1034 2077 ed.
1047 2047 1161 2077 Vicet.
1193 2056 1248 2086 per
1262 2055 1338 2077 rura
1351 2047 1406 2077 vel
1437 2050 1507 2087 post
1519 2047 1597 2085 jura
1614 2047 1700 2078 Exc.

900 2153 1040 2184 NOTAE

278 2240 317 2268 85
343 2237 476 2276 Pellito]
521 2238 610 2268 Nam
634 2239 772 2278 pellitos
792 2249 852 2269 seu
868 2239 939 2279 pel·
1037 2241 1078 2268 90
1103 2238 1239 2268 Funesto
1255 2237 1395 2276 turbine]
1441 2237 1525 2270 Quis
1541 2247 1602 2270 nos
1618 2238 1701 2270 libe-

232 2289 321 2320 libus
355 2287 540 2319 barbaricis
566 2288 701 2319 indutos
728 2289 845 2320 videre
872 2289 939 2320 Ro·
993 2289 1081 2319 rabit
1105 2298 1123 2318 a
1149 2289 1243 2319 malis
1269 2287 1428 2328 funestis,
1452 2300 1527 2330 quae
1555 2300 1628 2329 nos,
1650 2291 1700 2322 in-

234 2348 351 2370 manos
383 2348 553 2379 proceres,
590 2339 624 2370 id
666 2340 831 2370 indicium
862 2349 937 2370 esse
992 2346 1063 2371 star
1080 2340 1237 2378 turbinis,
1255 2345 1395 2379 vexant,
1419 2340 1569 2381 rapiunt,
1587 2343 1701 2382 oppri-

233 2389 417 2421 videbatur
447 2389 589 2430 Imperii
615 2399 634 2420 a
661 2390 822 2420 Barbaris
839 2399 938 2420 occu-
992 2396 1100 2429 munt,
1116 2396 1262 2432 suntque
1280 2390 1377 2422 nobis
1398 2395 1570 2423 tantarum
1586 2402 1698 2424 causae

235 2441 318 2481 pati.
991 2442 1217 2484 lacrymarum
1233 2443 1243 2472 ?

279 2493 395 2534 Leges]
440 2493 616 2532 Romanae,
661 2502 680 2523 a
722 2491 877 2522 Bai-baro
904 2492 937 2522 iu
1034 2496 1073 2524 91
1100 2492 1277 2533 Barbarus]
1322 2492 1500 2523 Exercitus
1528 2492 1698 2524 Barbaro-

233 2550 444 2586 potestatem
471 2543 635 2575 redactae.
685 2543 753 2574 Per
769 2543 874 2583 leges,
891 2543 937 2573 in-
992 2553 1065 2574 rum
1082 2543 1215 2575 excitus
1233 2553 1251 2574 a
1267 2541 1403 2574 Rufino.

235 2595 352 2636 tellige
365 2594 507 2627 Judices
520 2594 632 2634 legum
651 2593 835 2631 ministros,
853 2602 935 2633 quos
1033 2597 1075 2625 92
1101 2594 1222 2630 Quibus
1245 2592 1336 2633 arva]
1382 2593 1471 2625 Quia
1491 2602 1558 2623 non
1583 2603 1699 2634 possu-

234 2651 368 2677 mutare
384 2644 540 2676 habitum
554 2643 693 2675 Rufinus
706 2643 869 2683 coegerit.
991 2654 1063 2675 mus
1080 2643 1230 2685 effugere
1249 2643 1364 2675 Rufini
1385 2643 1481 2684 iram,
1505 2652 1615 2684 neque
1632 2653 1695 2684 per

277 2698 319 2727 86
345 2695 527 2734 Murmura]
573 2694 698 2735 Populi
725 2692 844 2725 afflicti
871 2693 936 2725 fre·
993 2699 1131 2733 terram,
1146 2704 1256 2736 neque
1270 2703 1448 2735 permare.

236 2746 387 2784 mebant,
412 2746 670 2778 murmurabant
696 2745 793 2785 clam,
820 2749 854 2777 et
870 2746 937 2777 Ru-
1035 2748 1075 2775 93
1100 2745 1195 2785 Lues]
1240 2744 1369 2775 Malum
1387 2748 1422 2775 et
1437 2744 1612 2776 calamitas
1628 2754 1696 2776 om-

236 2796 294 2826 fiui
312 2795 528 2836 tyrannidem
541 2795 813 2828 detestabantur.
993 2795 1057 2835 nis,
1075 2795 1179 2826 instar
1195 2794 1313 2836 pestis,
1330 2793 1497 2835 affiigens-
