1852 3193
258 217 314 257 94
740 225 815 254 ei..
847 223 1127 254 cLAuniANi
1162 222 1235 251 111.

259 321 433 371 Sidera,
456 321 531 374 qui
553 321 702 374 fruges
724 321 901 361 diverso
923 324 1117 370 tempore
1138 314 1277 363 nasci,

260 387 351 438 Qui
376 388 536 429 variam
567 387 762 427 Phoeben
782 387 930 425 alieno
948 383 1129 436 jusserit
1150 381 1240 435 igni

258 455 496 508 Compleri,
520 455 756 506 Solemque
778 465 860 492 suo
880 466 889 492 z
923 449 1172 504 porrexerit
1191 448 1324 489 undis

258 522 458 563 Littora:
491 523 686 563 tellurem
709 520 853 560 medio
874 518 1104 559 libraverit
1127 529 1230 557 axe.

259 589 347 630 Sed
369 603 469 630 cum
491 603 556 629 res
578 589 798 629 hominum
819 591 943 628 tanta
964 585 1149 637 caligine
1171 584 1291 625 volvi

257 655 532 710 Aspicerem,
551 657 768 709 laetosque
792 655 865 695 diu
887 654 1042 695 florere
1063 656 1287 701 nocentes,

258 723 517 777 Vexarique
540 725 637 776 pios
656 737 665 764 ε
698 736 848 763 rursus
868 722 1092 762 labefacta
1111 719 1304 760 cadebat

258 789 453 843 Religio,
475 803 710 843 causaeque
729 790 846 830 viam
868 802 951 829 non
973 792 1133 841 sponte
1157 786 1376 839 sequebar

258 856 467 906 Alterius,
489 870 634 897 vacuo
653 870 754 910 quae
777 869 945 897 currere
968 855 1135 895 semina
1155 856 1280 893 motu

259 923 475 974 Affirmat,
498 937 786 977 magnumque
808 936 945 963 novas
967 936 1044 976 per
1065 923 1194 961 inane
1215 921 1378 973 figuras

259 990 464 1041 Fortuna,
488 1004 575 1031 non
596 995 700 1039 arte,
723 991 838 1042 regi:
873 1003 973 1042 quae
996 989 1193 1030 Numina
1215 1001 1350 1028 sensu

258 1057 481 1109 Ambiguo
503 1057 571 1097 vel
588 1057 710 1096 nulla
731 1059 872 1108 putat,
889 1056 959 1096 vel
978 1056 1133 1095 nescia
1152 1055 1305 1094 nostri.

1666 447 1722 486 10

1666 782 1724 822 15

257 1173 326 1202 nire
341 1172 438 1202 variis
453 1170 662 1210 temporib1135
696 1180 763 1210 quse
789 1169 936 1200 voluerit
962 1170 1084 1200 Lunam
1106 1168 1282 1199 instabilem
1306 1168 1407 1198 lucere
1430 1167 1529 1198 alieno
1555 1169 1681 1210 lumine,
1695 1175 1726 1201 et

259 1214 361 1244 Solem
376 1224 450 1244 suo:
473 1214 647 1244 extenderit
664 1214 771 1243 littora
787 1212 888 1252 aquis,
903 1211 1093 1251 suspenderit
1111 1214 1228 1241 terram
1244 1210 1276 1240 in
1293 1209 1363 1241 orbe
1377 1210 1487 1241 medio.
1532 1210 1576 1242 At
1592 1221 1662 1244 cum
1675 1222 1727 1244 res

258 1257 406 1287 humanas
419 1257 553 1286 riderem
569 1256 683 1286 involvi
696 1259 786 1286 tanta
809 1255 1008 1293 obscuritate,
1024 1258 1053 1284 et
1079 1253 1231 1293 improbos
1254 1255 1379 1291 longum
1397 1252 1582 1290 fortunatos
1607 1255 1727 1294 vigere,

258 1303 290 1329 et
304 1300 413 1338 probos
428 1299 525 1339 affligi
536 1308 547 1334 ;
569 1298 671 1338 opinio
684 1299 721 1328 de
736 1297 810 1328 Diis
824 1297 937 1327 iterum
951 1307 1055 1327 eversa
1070 1296 1192 1335 ruebat,
1207 1299 1236 1326 et
1252 1296 1368 1326 invitus
1383 1295 1581 1327 consectabar
1591 1297 1727 1337 vestigia

258 1340 411 1381 opinionis
423 1342 562 1379 alterins,
577 1351 647 1380 quae
662 1340 707 1370 ait
720 1339 878 1379 principia
895 1339 1010 1370 moveri
1028 1349 1119 1369 cursu
1133 1338 1232 1376 inani,
1249 1342 1279 1368 et
1287 1337 1410 1375 formas
1425 1339 1516 1368 rudes
1529 1349 1585 1378 per
1596 1349 1726 1371 vacuum

258 1384 404 1423 amplum,
415 1383 584 1421 gubernari
600 1392 683 1421 cusu,
696 1392 755 1412 non
770 1382 924 1422 sapientia
935 1393 945 1412 .-
979 1381 1160 1422 opinionis,
1175 1391 1244 1420 qnoe
1259 1380 1392 1420 ancipiti
1407 1381 1540 1420 ratione,
1555 1383 1601 1412 vel
1616 1383 1726 1413 existi-

257 1429 322 1457 mat
339 1426 438 1457 nullos
460 1435 522 1456 esse
539 1425 636 1465 Deos,
652 1425 698 1456 vel
720 1435 780 1455 non
796 1425 930 1455 solicitos
955 1434 1015 1465 pro
1031 1424 1127 1455 nobis.
1173 1423 1367 1464 Supplicium
1385 1423 1494 1464 Rufini
1510 1425 1634 1456 tandem
1650 1425 1724 1457 libe-

873 1519 1110 1531 eeeeeeeeee

254 1585 392 1625 jecerat
410 1583 630 1623 formata.—S
653 1584 750 1615 diviso
767 1585 921 1615 Florent.
950 1583 1045 1614 Med.
1070 1593 1137 1614 sec.
1171 1583 1271 1615 dii-iso
1287 1583 1341 1615 vel
1357 1583 1478 1614 diverso
1494 1583 1581 1623 Reg.
1609 1583 1724 1614 Oxon.

260 1630 379 1667 pr.—9
401 1629 544 1658 ,Iusserat
557 1627 652 1658 Med.
670 1632 781 1667 quart.
799 1632 833 1658 et
849 1628 935 1658 Exc.
949 1627 1096 1658 Lucens.
1119 1627 1193 1665 igne
1208 1627 1286 1657 Vat.
1303 1636 1370 1657 sec.
1388 1627 1486 1657 Farn.
1502 1626 1596 1657 Med.
1612 1630 1724 1667 quart.

260 1671 345 1700 Exc.
362 1671 506 1701 Lucens.
530 1670 584 1701 ed.
608 1670 722 1700 Parni.
751 1674 787 1700 et
807 1670 919 1700 Vicet.
944 1669 1052 1700 ceteri
1077 1678 1191 1699 omues
1205 1670 1273 1708 igni
1290 1669 1551 1700 exhibent.—10
1577 1668 1727 1709 Compelli

259 1722 320 1752 pro
340 1713 495 1752 Compleri
522 1713 650 1743 Mazar.
694 1716 881 1753 porrexerat
908 1716 943 1742 et
970 1712 1136 1742 libraverat
1155 1712 1249 1743 Med.
1273 1716 1383 1752 quart.
1410 1716 1446 1742 et
1471 1712 1553 1742 Exc.
1577 1712 1724 1742 Lucens.

259 1755 429 1786 vibraverit
444 1756 670 1786 Tholos.—l2
693 1756 736 1785 Et
754 1755 905 1787 Florent.
939 1756 984 1785 At
1003 1755 1102 1786 Farn.
1119 1755 1216 1785 Med.
1231 1759 1342 1795 quart.
1360 1755 1445 1785 Exc.
1463 1755 1606 1785 Lucens.
1643 1755 1687 1784 Et
1706 1763 1726 1784 a

258 1807 302 1829 m.
322 1807 372 1837 pr.
407 1799 452 1828 At
469 1808 486 1827 a
501 1808 544 1828 m.
561 1807 629 1828 sec.
647 1797 740 1828 Med.
759 1800 913 1828 δρα-13
937 1797 1142 1836 conspicerem
1159 1797 1281 1834 codex,
1299 1806 1397 1837 quem
1417 1796 1503 1827 vidit
1527 1796 1726 1832 Dorvillius.

260 1842 346 1870 ——16
368 1850 444 1870 vano
462 1841 581 1880 Cujac.
599 1840 640 1870 ad
656 1840 712 1870 ed.
729 1840 849 1879 Isiugr.
867 1839 920 1879 qui
934 1845 1002 1869 vet.
1015 1840 1069 1870 ed.
1084 1840 1201 1870 Parm.
1219 1840 1300 1869 Put.
1316 1849 1376 1879 pro
1394 1839 1475 1871 Var.
1490 1839 1725 1879 Lect.1singr.

261 1886 297 1912 et
314 1882 447 1922 Gryph.
483 1893 550 1922 quoe
568 1883 652 1923 Reg.
668 1883 796 1913 Thuau.
826 1883 958 1912 Mazar.
980 1882 1108 1913 Moret.
1138 1882 1222 1913 Lov.
1249 1883 1333 1914 Exc.
1361 1882 1500 1913 Gevart.
1527 1886 1563 1912 et
1588 1880 1666 1912 Ald.
1691 1881 1725 1912 in

264 1924 404 1955 Schedis
418 1925 507 1955 Gud.
525 1930 611 1961 erat,
629 1934 735 1955 vacuo
750 1925 803 1965 qui
820 1934 969 1955 currere.
1015 1925 1119 1964 Lego,
1134 1924 1200 1964 qui.
1217 1925 1259 1956 al.
1275 1935 1355 1964 quoe.
1379 1925 1496 1955 semina
1511 1934 1633 1954 currere
1645 1924 1726 1956 Vat-

260 1976 312 2005 pr.
329 1967 407 1998 Pat.
424 1967 553 1998 Incert.
573 1967 691 1997 Heius.
709 1967 763 1997 ed.
781 1968 895 1998 Vicet.
914 1967 1028 1998 Parin.
1042 1967 1139 1999 Junt.
1158 1967 1266 1998 Colin.
1296 1968 1405 1997 scocula
1418 1968 1544 1997 Thuan.
1562 1966 1726 1997 Heinsius

258 2009 474 2048 ascripserat,
495 2010 622 2049 semina,
644 2008 783 2047 ἀτόμους.
818 2010 886 2040 vid.
904 2010 1025 2040 Ouzel.
1043 2010 1077 2039 in
1094 2010 1224 2040 Minue.
1244 2019 1323 2048 pag.
1338 2012 1477 2040 26.——18
1500 2012 1601 2040 censet
1616 2018 1725 2048 marg.

259 2051 470 2091 bingin—19
494 2052 652 2091 Ambe‘gua
672 2052 750 2083 Vat.
766 2052 874 2093 quint.
892 2062 997 2092 marg.
1010 2052 1131 2093 Isingr.
1164 2062 1268 2083 sensus
1279 2051 1430 2091 Ambigui
1448 2052 1501 2083 vel
1513 2061 1602 2083 sen-su
1617 2051 1726 2083 Ambi-

920 2150 1065 2181 NOTAE

259 2220 319 2251 sed
343 2220 500 2252 universa
523 2222 592 2253 illic
617 2222 742 2253 divinis
768 2222 913 2262 legibus,
928 2226 964 2253 et

259 2277 348 2303 stata
364 2273 494 2304 ratione
511 2274 722 2313 procedunt?
755 2274 962 2304 Macrobius.

302 2326 322 2353 9
361 2322 489 2354 Variam
512 2322 660 2362 Phoeben]
706 2324 834 2353 Lunam
863 2323 964 2353 toties

259 2382 385 2404 cornua
400 2378 602 2405 mutantem.

302 2426 342 2454 12
369 2424 529 2464 Caligine]
566 2424 651 2456 Quae
670 2433 735 2454 non
754 2422 834 2453 sinit
851 2433 962 2454 rerum

258 2473 413 2504 ordinem
430 2474 538 2505 videri
563 2475 717 2506 humanae
742 2474 864 2504 mentis
889 2485 964 2505 acu-

258 2524 359 2554 mine.

303 2577 343 2605 14
372 2574 545 2615 Vexarique
557 2575 641 2615 pios]
684 2575 760 2606 Rex
778 2575 878 2605 etiam
896 2575 963 2605 Da-

259 2624 316 2654 vid
332 2625 380 2655 sic
399 2625 533 2656 videtur
550 2635 625 2655 cum
640 2625 716 2655 Deo
734 2626 963 2665 expostulare,

259 2674 398 2705 Psalmo
414 2683 528 2706 Lxxrt.
552 2676 561 2692 ‘
579 2675 695 2706 Zelavi
710 2685 813 2715 super
829 2675 962 2716 iniquos

259 2733 378 2763 pacem
409 2730 630 2765 peccatorum
658 2724 800 2756 videns!
863 2726 963 2758 Quod

260 2774 307 2804 sic
343 2775 446 2806 vertit
479 2775 727 2807 Buchananus:
765 2775 963 2807 ‘Fervebat

1019 2223 1072 2252 ira
1102 2226 1221 2262 pectus
1255 2226 1291 2253 et
1318 2223 1440 2253 aemulo
1465 2222 1598 2253 Livoris
1625 2226 1724 2263 aestu,

1019 2283 1093 2303 cum
1134 2273 1300 2303 scelerum
1339 2273 1487 2304 omnium
1512 2274 1726 2304 Contamina-

1019 2326 1070 2351 tos
1093 2322 1250 2353 sordibus
1275 2322 1396 2362 impios
1426 2323 1565 2354 Florere
1592 2324 1725 2355 cunctis

1018 2374 1250 2413 conspicerem
1267 2373 1390 2411 bonis‚’
1410 2375 1475 2404 διο.

1062 2427 1100 2454 17
1125 2425 1189 2455 Per
1205 2424 1443 2466 inanefigurus]
1488 2423 1644 2464 Atomos‚
1663 2435 1724 2456 seu

1019 2474 1227 2504 tenuissimas
1267 2475 1465 2514 particulaS‚
1503 2485 1578 2515 quae
1616 2474 1725 2506 secari

1017 2529 1201 2565 nequeunt,
1214 2535 1353 2566 quarum
1368 2525 1564 2556 turbulenta
1580 2534 1723 2556 concur-

1019 2575 1110 2606 sione
1128 2576 1278 2607 Mundus
1295 2576 1470 2615 coalescit,
1486 2580 1522 2606 et
1538 2584 1618 2606 casu
1634 2575 1722 2615 regi-

1018 2630 1085 2663 tur,
1113 2626 1299 2656 secuudum
1326 2625 1523 2665 Epicurum.
1578 2625 1721 2656 Atomus

1018 2680 1129 2706 autem
1147 2675 1273 2706 dicitur
1291 2675 1333 2706 ab
1353 2674 1372 2705 ἆ.
1385 2675 1463 2714 sine,
1479 2678 1514 2706 et
1528 2673 1628 2714 τέμνω
1641 2684 1721 2716 seco,

1017 2725 1096 2766 quia
1111 2726 1220 2756 secari
1236 2736 1301 2756 non
1319 2729 1446 2765 potest.

1061 2778 1102 2807 19
1126 2777 1240 2807 Nescia
1255 2775 1371 2816 nostri]
1413 2775 1470 2807 Sic
1491 2779 1528 2807 et
1551 2775 1719 2816 Epicurus
