1857 3177
538 227 586 257 ιΝ
626 226 916 257 Eu'rnomum
951 226 1045 256 mu.
1078 226 1110 256 1.
1463 217 1550 258 465

96 323 412 376 permutatque
432 322 588 363 domos
610 323 772 362 varias.
835 318 950 370 Quis
971 320 1148 360 nomina
1167 319 1310 372 possit
1495 320 1553 360 (50

90 390 240 432 Tanta
259 390 413 443 sequi?
446 389 571 429 miles
592 389 778 429 stabulis
800 387 1067 428 Ptolemaeus
1087 388 1130 428 in
1149 387 1239 428 illis

98 455 272 498 Notior.
335 456 424 496 Hic
446 456 575 507 longo
595 456 788 495 lassatus
809 455 981 506 pellicis
1002 467 1084 495 usu

98 522 251 565 Donat
268 523 515 564 Arinthaeo:
547 535 691 574 neque
714 521 826 561 enim
841 520 934 573 jam
958 522 1111 573 dignus
1133 521 1285 562 haberi

101 591 197 633 Nec
219 595 415 632 maturus
437 590 538 630 emi.
598 590 709 630 Cum
731 587 947 629 fastiditus
969 589 1118 638 abiret,

100 657 248 708 Quam
270 660 454 711 gemuit!
487 662 648 710 quanto
672 656 842 710 planxit
861 654 1051 695 divortia
1071 656 1211 696 luctu!
1496 654 1554 696 65

102 724 218 768 Haec
239 731 344 776 erat,
364 726 475 775 haec,
499 726 753 772 Ptolemoee,
776 723 913 763 fides?
945 722 1025 763 hoc
1050 723 1214 775 profuit
1233 726 1339 763 aetas

102 793 155 834 In
175 795 336 847 gremio
359 798 588 834 consumta
609 799 702 840 tuo,
724 793 951 842 lectusque
968 790 1150 842 jugalis,

103 859 160 900 Et
181 860 300 901 ducti
318 861 447 901 toties
469 860 575 900 inter
596 858 815 912 praesepia
835 856 1009 897 somni?

101 988 219 1019 littoris
234 988 377 1029 Assyrii:
400 989 470 1020 hinc
494 989 666 1018 vendendus
691 988 765 1018 duce
785 986 902 1016 Galata
929 985 1035 1015 visitat
1062 984 1208 1024 emporia,
1234 994 1269 1014 ac
1286 987 1385 1015 mutat
1402 983 1560 1015 domicilia

103 1032 235 1063 diversa.
281 1031 395 1072 Ecquis
411 1032 509 1062 caleat
523 1030 664 1071 persequi
680 1033 724 1060 tot
742 1029 864 1059 uomina
882 1034 1048 1059 erutorum
1063 1027 1073 1057 ἓ
1223 1026 1241 1043 ⁴⁹³
1416 1025 1433 1041 *

718 1119 950 1132 aeaeaeaeaeaeaeaeaeaeaeae

99 1192 175 1231 fora
190 1192 268 1222 Vat.
285 1200 335 1231 pr.
353 1189 514 1222 Heinsius
532 1191 737 1230 ascripserat
752 1189 886 1220 Lucian.
904 1198 936 1229 p.
952 1190 1110 1219 soti—60
1130 1190 1228 1227 posset
1256 1186 1343 1217 Prie.
1371 1186 1489 1216 Petav.
1508 1193 1562 1225 pr.

105 1235 236 1267 ΤΙιοῙοε.
250 1233 367 1265 Arnbr.
385 1243 433 1273 pr.
446 1234 572 1265 Moret.
586 1242 656 1264 sec.
669 1233 734 1263 duo
750 1232 986 1263 Pullum—ol
1002 1230 1146 1261 thalamis
1162 1230 1238 1260 l’at.
1251 1229 1317 1260 vid.
1334 1228 1410 1258 infr.
1429 1238 1473 1258 vs.
1490 1230 1563 1258 156.

107 1277 221 1308 tabulis
234 1276 350 1307 Ambr.
369 1286 419 1316 pr.
437 1276 559 1307 Sched.
571 1274 801 1307 Gud.slabulis
813 1274 979 1305 dnoVatt.
992 1273 1085 1304 Rott.
1100 1272 1204 1302 Oisel.
1219 1271 1333 1302 stabuli
1346 1270 1438 1302 Med.
1454 1273 1566 1311 quart.

108 1326 144 1351 et
161 1330 228 1351 sec.
246 1329 289 1349 m.
308 1328 376 1349 sec.
398 1318 516 1348 Petav.
536 1328 602 1349 sec.
618 1319 701 1348 Exc.
718 1318 857 1348 Luceus.
875 1326 942 1347 soc.
955 1315 1050 1346 Med.
1068 1325 1135 1345 sc-c.
1153 1315 1255 1344 babet
1268 1315 1422 1353 glossam,
1436 1312 1567 1343 stabulis

110 1364 132 1394 i.
145 1372 174 1393 e.
192 1361 370 1402 prostibulis
387 1361 586 1391 sodomiticis
601 1361 654 1390 vel
673 1359 805 1390 tabulis.-
828 1360 880 1390 vel
899 1359 985 1389 miles
998 1357 1125 1395 stabuli,
1142 1357 1174 1386 id
1189 1362 1240 1387 est
1255 1356 1390 1396 quidam
1407 1355 1565 1393 armiger.

108 1405 238 1436 stabulis
254 1405 307 1434 vel
323 1404 433 1434 stabuli
451 1404 530 1434 Vat.
550 1413 600 1444 pr.
620 1403 710 1433 Prie.
729 1412 772 1433 m.
789 1412 855 1433 sec.
873 1401 986 1432 tabulis
1003 1402 1055 1430 vel
1071 1400 1201 1431 stabulis
1212 1399 1294 1429 Val.
1313 1404 1391 1429 lert.
1410 1397 1500 1427 Prie.
1521 1406 1564 1426 ιιι.

110 1457 163 1488 ρι·.
180 1447 274 1478 Med.
294 1456 344 1487 pr.
363 1447 491 1476 Matar.
508 1447 590 1476 Lov.
606 1446 718 1476 tabulis
732 1445 784 1475 vel
796 1444 912 1475 stabuli
929 1444 1025 1474 Farn.
1039 1449 1140 1483 atque
1155 1444 1202 1472 ita
1218 1441 1391 1472 Rubenius
1410 1440 1442 1469 in
1461 1439 1566 1469 literis

110 1490 153 1521 ad
171 1489 348 1521 Heinsium
363 1489 462 1527 datis,
486 1494 520 1519 et
534 1489 650 1519 Vales.
680 1487 722 1517 ad
751 1487 972 1517 Aunnianurn.
997 1485 1167 1515 Rubenius
1185 1483 1317 1524 quidem
1336 1482 1450 1512 tubulis
1465 1481 1568 1521 conji-

112 1532 239 1570 ciebat,
256 1537 410 1571 utsupra
428 1541 474 1561 vs.
493 1533 545 1562 34.
563 1531 614 1561 vel
633 1530 718 1561 miles
730 1529 863 1565 stabuli;
886 1534 924 1559 ut
942 1528 1057 1558 milites
1071 1527 1183 1557 stabuli
1202 1527 1267 1556 sint
1282 1524 1500 1564 Hippoconri,
1512 1523 1568 1563 qui

111 1575 305 1606 militabant
322 1574 383 1605 sub
402 1573 567 1614 praesecto
586 1578 644 1604 aut
661 1572 795 1603 Comite
822 1571 959 1608 stabuli,
984 1570 1072 1610 quod
1095 1569 1238 1609 probare
1256 1568 1435 1598 videbatur
1453 1575 1568 1595 versus

113 1621 166 1649 68.
195 1622 230 1648 et
261 1620 333 1647 155.
368 1617 555 1647 Ptoamceus
580 1616 656 1646 Pal.
688 1615 854 1645 Tolomoeus
879 1613 977 1643 ambo
1006 1613 1133 1642 Moret.
1170 1612 1336 1641 Talemoeus
1370 1610 1488 1639 Petav.
1520 1617 1570 1647 ρι·.

111 1661 244 1691 Thuan.
265 1659 454 1690 Tholemaus
482 1659 561 1688 Put.
588 1659 674 1695 Reg.
702 1657 768 1687 (luo
797 1657 918 1686 Petav.
938 1654 1120 1685 lelomeus
1145 1658 1215 1683 tres
1243 1653 1336 1682 Vatt.
1364 1652 1460 1681 Farn.
1490 1650 1569 1679 Lov.

114 1702 228 1733 Oxou.
246 1711 297 1742 pr.
315 1701 382 1731 duo
401 1700 518 1730 Leidd.
537 1701 621 1731 ΕΠ.
635 1698 720 1730 Cod.
740 1699 943 1728 Rhem.——62
968 1696 1057 1733 vulgo
1071 1695 1294 1724 'shows—(53
1319 1693 1468 1723 Arinelao
1487 1692 1573 1731 Reg.

114 1744 210 1776 Med.
236 1753 304 1774 sec.
332 1742 448 1773 Ambr.
477 1751 546 1773 sec.
572 1741 653 1771 Vat.
677 1740 788 1771 Livin.
814 1739 938 1770 Ariste«)
967 1739 1063 1768 Rott.
1088 1737 1235 1768 Aristlieo
1262 1736 1413 1766 Florem.
1443 1734 1572 1765 Arilheo

102 1787 229 1819 20x0n.
245 1796 295 1826 pr.
311 1786 408 1816 vatt.
425 1784 532 1824 quint.
549 1784 633 1814 Exc.
650 1783 748 1820 Laui,
767 1782 843 1812 Ala.
860 1781 973 1811 Colin.
991 1784 1026 1810 et
1043 1779 1096 1809 ed.
1116 1779 1229 1808 Parni.
1245 1780 1377 1808 Arenoeo
1395 1777 1462 1806 duo
1477 1777 1573 1808 Vati.

115 1829 192 1862 Pal.
208 1830 310 1860 Farn.
328 1827 422 1858 Prie.
437 1826 590 1857 Arentino
607 1825 733 1855 Moret.
753 1833 803 1863 pr.
822 1822 975 1853 Ereneheo
992 1820 1088 1852 Leia.
1105 1830 1156 1860 pr.
1171 1819 1326 1851 Arentheo
1345 1820 1474 1849 Bonon.
1488 1819 1576 1848 ‘rho-

115 1873 177 1903 los.
194 1873 277 1902 Lov.
293 1869 391 1900 Leid.
408 1878 477 1899 sec.
506 1868 617 1898 Oxon.
645 1876 712 1896 sec.
738 1866 804 1896 (luo
830 1864 925 1895 Med.
954 1863 1095 1894 totidem
1121 1862 1241 1892 Ambr.
1268 1867 1335 1891 tres
1352 1861 1472 1891 Petav.
1490 1860 1574 1891 Exc‘.

118 1915 259 1946 Gevart.
276 1918 312 1943 et
331 1912 472 1942 Lucens.
491 1920 558 1941 sec.
574 1909 731 1941 Arentlieo
749 1909 800 1938 vel
815 1908 950 1938 Aristaeo
960 1906 1087 1936 Mon-et.
1105 1915 1173 1935 sec.
1191 1903 1284 1934 Med.
1302 1908 1412 1943 quart.
1429 1912 1482 1933 nec
1494 1903 1575 1932 euim

118 1956 215 1988 Med.
233 1965 301 1986 sec.
328 1955 410 1985 Put.
432 1953 566 1984 Thuan.
594 1953 725 1982 Bonon.
754 1951 831 1980 Pat.
857 1949 924 1979 (luo
952 1948 1153 1978 Auum—(il
1182 1947 1251 1976 Non
1279 1945 1370 1976 Pric.
1397 1949 1463 1976 erat
1487 1945 1572 1975 Exc.

122 1999 223 2031 Laeti.
239 1998 299 2029 emi
317 1997 397 2027 Vat.
413 2005 480 2026 sec.
497 1995 653 2026 Par-05
682 1992 743 2028 Qui
758 1993 877 2031 gemuit
899 1992 981 2021 Exc.
999 1990 1144 2020 Govart.
1159 1990 1236 2023 Quoe
1249 1986 1369 2026 genui!
1393 1987 1444 2018 ed.
1463 1987 1576 2018 Parin·

123 2043 225 2077 Quam
237 2040 357 2080 gemuit
375 2039 453 2069 Vat.
469 2037 576 2077 quint.
590 2037 684 2067 Pric.
701 2040 768 2065 vet.
786 2036 871 2074 Gyr.
898 2034 980 2071 Reg.
1008 2033 1088 2062 Lov.
1113 2031 1211 2061 ambo
1229 2031 1354 2061 Mutet.
1371 2029 1437 2060 duo
1455 2029 1575 2060 Petav.

121 2083 216 2116 Med.
233 2087 345 2124 quart.
362 2082 445 2112 Exc.
460 2080 562 2117 Laeti,
578 2078 702 2109 Sched.
720 2077 810 2108 Gud.
837 2078 913 2111 Qaae
932 2080 1000 2106 tres
1016 2075 1110 2104 Vult.
1139 2074 1214 2103 l'al.
1242 2073 1340 2103 Farn.
1360 2072 1452 2102 Rntt.
1470 2071 1576 2102 Oisel.

122 2128 204 2158 Put.
219 2126 351 2156 Tliuan.
367 2124 496 2154 Mazar.
524 2123 643 2153 Pelav.
660 2130 727 2151 sec.
753 2120 853 2154 Quam
872 2117 988 2149 Ambr.
1006 2127 1055 2156 pr.
1074 2116 1167 2147 Leid.
1193 2125 1260 2146 sec.
1277 2115 1342 2145 duo
1360 2115 1472 2145 Oxou.
1492 2114 1576 2144 Exc.

123 2170 203 2201 Pat.
221 2178 291 2199 rec.
315 2167 433 2206 gemuit
450 2166 581 2196 Bonon.
600 2164 677 2195 Pat.
695 2162 833 2192 Tholos.
852 2166 920 2191 tres
947 2158 1191 2197 A1nhr.genu1·t
1206 2157 1298 2188 Med.
1317 2166 1364 2196 ρι·.
1391 2156 1509 2187 Αιῐιὶιι·.
1529 2165 1578 2196 ρι·.

124 2222 167 2243 m.
183 2220 252 2243 sec.
270 2210 323 2241 ed.
339 2209 450 2240 Vicet.
465 2207 576 2246 genuit
594 2207 643 2237 vel
659 2205 777 2245 gemuit
796 2204 946 2235 Florent.
972 2203 1036 2232 inc.
1056 2201 1175 2231 Heius.
1196 2200 1291 2230 Med.
1309 2209 1376 2229 sec.
1395 2198 1527 2229 Rtiben.
1545 2197 1579 2228 in

125 2254 245 2286 eadem
259 2252 302 2283 ad
323 2252 500 2283 Heiusium
515 2249 668 2289 Epistola
685 2247 766 2287 legit
784 2257 851 2286 qua>
861 2245 981 2285 gemuit
999 2245 1013 2275 !
1036 2246 1161 2283 quanto,
1173 2243 1224 2283 ᾅτ.
1237 2241 1362 2282 planxit
1374 2243 1485 2280 quanto
1502 2241 1580 2271 Vat.

125 2306 193 2328 sec.
212 2296 284 2328 Pal.
310 2297 422 2335 quanto
436 2292 559 2333 planxit
576 2293 640 2322 duo
662 2289 754 2321 Med.
777 2290 904 2329 planctu
920 2290 1030 2327 quantu
1058 2285 1307 2324 Me‹1.pr.—6o
1329 2283 1393 2313 haec
1418 2284 1582 2313 l'talemoee

126 2340 206 2370 Vat.
238 2347 289 2378 pr.
319 2342 355 2368 et
393 2341 472 2367 tert.
498 2334 605 2365 Oisel.
638 2334 694 2363 lucu
710 2333 814 2363 Gesm
833 2335 867 2361 et
883 2329 937 2360 ed.
964 2330 1103 2366 nivoni.
1118 2328 1174 2358 heu
1192 2327 1243 2357 vel
1265 2328 1293 2355 Ο
1314 2326 1395 2363 Reg.
1415 2325 1582 2354 lelemoee

128 2383 208 2413 Put.
224 2381 354 2412 Mazar.
382 2379 449 2409 (luo
475 2378 597 2408 Petav.
615 2381 650 2407 et
671 2374 790 2406 Leidd.
813 2373 984 2404 Tholomoec
1003 2372 1113 2402 Oxou.
1132 2379 1182 2409 pr.
1208 2369 1271 2398 luta:
1286 2367 1403 2407 profuit
1419 2366 1513 2397 Leia.
1531 2375 1581 2406 pt,

129 2425 209 2456 Pat.
226 2424 354 2454 Moret.
370 2431 422 2462 pr.
441 2419 558 2451 Ambr.
574 2429 624 2460 pr.
644 2419 728 2458 Reg.
745 2417 825 2447 Vat.
850 2416 958 2455 quint.
979 2414 1097 2444 Petav.
1128 2421 1178 2451 pr.
1196 2411 1262 2441 inc.
1280 2409 1398 2440 nolus.
1425 2409 1497 2449 quid
1510 2418 1582 2448 pro-

123 2465 192 2506 fuit
206 2466 427 2497 Tholos.—o·1
452 2463 586 2494 thalamo
604 2462 730 2492 Moret.
743 2461 882 2501 ρι·.-68
905 2460 1176 2487 ‹luctus—somnus
1193 2453 1280 2493 Reg.
1295 2452 1406 2483 Oxou.
1424 2461 1474 2492 pr.
1490 2448 1584 2482 Med.

793 2560 934 2593 NOTAE

176 2660 217 2689 59
235 2656 368 2696 Galata]
389 2655 523 2687 Galatae
539 2653 655 2696 populi
670 2652 759 2684 Asiae
774 2651 834 2681 mi·
931 2651 972 2679 60
998 2644 1148 2685 Nomina]
1165 2640 1418 2683 Emtorum‚qui
1431 2642 1588 2671 emerunt

134 2707 224 2739 noris
248 2711 440 2737 mercatura
464 2705 708 2745 mancipiorum
734 2702 833 2741 iusig-
890 2698 1105 2739 Eutropium.

136 2767 207 2798 ne5‚
221 2756 308 2788 sicut
323 2760 358 2786 et
375 2755 566 2795 Babylonii.

222 2808 340 2852 Delph.
352 2810 381 2839 et
402 2804 477 2839 var.
495 2806 579 2838 clus.
817 2801 928 2832 Claud.
1439 2791 1502 2824 20
