1857 3177
295 225 368 255 CL.
402 222 682 254 CLAUnlANl
721 221 869 251 xvul.
905 220 955 250 IN
994 220 1202 251 EUTROP.
1238 220 1331 250 LlB.
1368 221 1396 249 l.

1495 207 1580 249 459

127 323 335 370 Murmur,
358 327 399 362 et
420 320 600 362 attonito
623 318 817 372 pecudes
838 320 1014 370 pastore
1035 317 1220 365 locutas,

126 390 182 430 Et
202 390 399 443 lapidum
421 388 540 428 diras
562 388 758 440 hyemes,
780 385 1016 437 nimboque
1039 385 1252 425 minacem

126 458 375 510 Sanguinco
397 456 595 497 rubuisse
617 454 643 495 J
650 467 791 502 ovem,
814 458 1056 505 puteosque
1078 465 1226 493 cruore
1555 449 1582 487 5

126 525 342 573 Mutatos,
363 525 571 577 visasque
594 523 701 575 polo
725 532 981 561 concurrere
1005 521 1168 570 Lunas,

127 591 182 632 Et
203 593 398 644 geminos
419 592 545 632 Soles
568 590 716 630 mirari
739 588 908 629 desinat
930 589 1062 628 orbis.

127 657 286 699 Omnia
307 663 551 706 cesserunt,
577 657 785 698 Eunucho
809 654 1013 705 Consule,
1036 660 1241 696 monstra.

126 725 231 767 Heu
253 731 375 768 terrae
400 727 592 779 coelique
614 724 782 778 pudor!
818 723 1015 763 trabeata
1037 736 1114 776 per
1137 724 1270 762 urbes

127 792 383 834 Ostentatur
403 806 529 842 anus,
552 793 813 844 titulumque
834 789 1074 829 effoeminat
1094 789 1210 829 anni.

1529 787 1585 827 10

125 926 263 965 luporum
279 926 421 956 auditum
437 927 526 955 noctu
544 923 574 954 in
592 922 689 953 medio
705 921 838 960 urbium,
865 924 894 950 et
912 919 1001 951 bores
1024 921 1152 954 locatas,
1174 921 1295 959 pastore
1311 916 1533 957 obstupefacto,
1557 920 1587 947 et

126 971 323 1008 tempestates
337 977 448 998 saxeas
460 967 659 1005 grandinum,
684 968 711 994 et
729 964 832 994 ata-em
859 964 973 993 iratum
999 962 1146 999 irtscctum
1174 960 1251 991 nube
1265 963 1404 998 cruenta,
1428 963 1456 990 et
1482 963 1590 999 puteos

127 1020 284 1041 conversos
300 1012 333 1041 in
350 1010 543 1049 sanguinem,
570 1012 599 1039 et
616 1008 720 1038 Liuias
746 1006 923 1035 observatas
948 1014 1086 1045 pugnare
1104 1005 1136 1034 in
1156 1004 1250 1040 (uelo,
1276 1007 1305 1033 et
1333 1002 1420 1033 Soles
1441 1001 1588 1042 duplices.

127 1053 282 1093 Prodigia
297 1053 400 1084 omnia
423 1053 506 1083 nulla
518 1054 602 1089 sum,
628 1049 776 1080 Eunucho
791 1049 932 1078 Consule.

982 1048 1153 1077 Odedecus
1179 1049 1273 1076 terrae
1289 1048 1317 1075 et
1344 1044 1436 1075 coeli!
1479 1045 1589 1076 Vetula

126 1096 238 1127 vestita
255 1106 405 1137 purpura
420 1094 592 1126 consulari
609 1095 799 1123 monstratur
813 1101 867 1131 per
882 1090 1007 1131 oppida,
1021 1093 1050 1120 et
1067 1092 1190 1121 emrvut
1208 1098 1316 1119 nomen
1331 1087 1415 1118 anni.
1457 1086 1488 1118 Ο
1508 1087 1590 1118 Pon-

743 1182 974 1194 eeeeeae‘eteee

129 1249 272 1279 Gevart.
293 1249 374 1279 Var.
393 1248 463 1279 LL.
479 1257 496 1278 e
519 1256 624 1287 marg.
641 1246 756 1276 Parm-
774 1250 809 1275 et
825 1244 879 1275 ed.
902 1242 1005 1274 Antv.
1039 1242 1070 1271 in
1087 1240 1195 1271 mediis
1212 1241 1313 1270 Farn.
1332 1238 1472 1268 Pan-4
1497 1238 1590 1267 duras

127 1296 271 1333 quatuor
287 1292 381 1322 Vatt.
402 1291 474 1322 Pal.
492 1291 593 1321 Farn.
611 1289 703 1319 Prie.
723 1289 818 1319 Rott.
837 1287 945 1317 Oisel.
979 1286 1065 1315 diras
1081 1284 1131 1314 vel
1149 1286 1242 1313 duras
1258 1281 1351 1312 Med.
1369 1290 1436 1311 sec.
1470 1280 1589 1310 minan·

128 1338 190 1365 tem
215 1335 306 1365 Prie.
322 1334 450 1365 Thuan.
485 1333 649 1363 micantem
667 1332 827 1362 Fam—5
853 1337 991 1360 cruorem
1008 1326 1102 1358 Med.
1130 1331 1240 1366 quart.
1267 1324 1333 1354 duo
1361 1322 1481 1354 Leidd.
1507 1323 1588 1352 Var.

130 1378 198 1408 LL.
214 1377 269 1408 ed.
288 1376 459 1408 Anum—6
482 1376 618 1415 visasque
634 1375 719 1405 Exc.
738 1373 822 1404 Laeti
846 1378 880 1403 et
900 1372 1042 1403 Lucens.
1060 1379 1127 1400 sec.
1162 1368 1307 1407 binasque
1324 1366 1403 1396 Vat.
1422 1374 1489 1396 sec.
1515 1365 1590 1396 Pal.

129 1420 229 1451 Farn.
259 1419 324 1451 dno
354 1419 476 1450 Medd.
507 1428 593 1450 unns
626 1417 746 1448 Heins.
776 1415 905 1446 Thnan.
948 1414 1031 1453 neg.
1068 1413 1196 1443 Mazar.
1224 1411 1305 1440 Var.
1337 1409 1402 1440 LL.
1433 1417 1452 1439 e
1481 1417 1588 1448 marg.

130 1463 244 1494 Parm-
272 1462 352 1494 Ald.
383 1468 419 1493 et
449 1462 503 1492 ed.
536 1461 649 1491 Vicet.
697 1460 838 1499 visasque
865 1457 917 1488 vel
948 1456 1093 1494 binasque
1124 1456 1205 1485 Lov.
1234 1452 1331 1483 ambo
1362 1450 1590 1482 Moret.Exc.

129 1505 208 1538 Pat.
240 1508 374 1537 νεα-8
414 1504 563 1535 Eunucho
580 1503 687 1541 judice
726 1502 869 1532 Pat.—o
912 1503 1006 1530 ier-rte
1043 1497 1165 1537 coelique

1204 1501 1349 1537 quatuor
1378 1494 1474 1524 vatt.
1514 1492 1590 1523 Pal.

129 1549 230 1580 Farn.
258 1549 351 1580 Prie.
376 1548 470 1579 Rott.
496 1547 604 1578 Oisel.
630 1546 710 1576 Put.
750 1543 816 1575 coeli
844 1547 993 1582 terraque
1019 1541 1100 1580 Reg.
1130 1540 1207 1570 Pat.
1233 1538 1367 1568 Tliolos.
1400 1536 1512 1567 Oxon.
1540 1545 1591 1575 pr.

131 1592 198 1623 duo
215 1591 335 1623 Ambr.
362 1591 456 1622 Med.
482 1595 562 1621 tert.
587 1589 694 1620 Gesn.
723 1592 756 1618 et
783 1586 837 1618 ed.
863 1587 1002 1626 Bipont.
1036 1593 1090 1623 per
1118 1582 1222 1612 urbem
1248 1580 1365 1611 Ambr.
1392 1589 1460 1610 sec.
1489 1584 1591 1619 atque

788 1692 933 1725 NOTAE

130 1771 384 1815 indignantibus
406 1771 530 1810 editos,
547 1770 589 1802 ad
607 1769 836 1811 pr‘aenuntian-

132 1824 192 1855 das
208 1824 398 1855 hominibus
415 1822 579 1864 quasdam
593 1820 814 1852 calamitate&

176 1875 406 1913 Metuendaque
421 1872 530 1912 matri]
549 1873 702 1902 Lucanus
716 1881 722 1900 :
740 1870 748 1886 ‘
763 1869 836 1900 Ma-

133 1930 289 1966 tremque
305 1934 383 1955 snus
400 1923 588 1955 conterruit
611 1921 743 1961 int'ans,’
758 1920 837 1962 quia

133 1980 350 2007 monstrosus.

176 2029 195 2057 2
219 2025 391 2066 Luporum]
426 2025 537 2064 Lupus
568 2023 601 2053 in
633 2022 717 2053 urbe
747 2022 837 2052 visus

134 2078 223 2107 inter
240 2076 392 2117 prodigia
408 2075 608 2106 habebatur.
653 2073 837 2112 Virgilius:

133 2129 143 2145 ‘
161 2128 232 2158 Per
255 2132 390 2158 noctem
408 2135 564 2157 resonare
593 2124 681 2165 lupis
709 2124 837 2155 ululan-

137 2178 229 2209 tibus
247 2177 386 2208 urbem)

178 2232 197 2260 3
223 2229 370 2270 Locutus]
400 2228 409 2244 ‘
426 2227 522 2258 Bello
541 2226 671 2257 Punico
688 2225 838 2256 secundo

136 2280 289 2311 constitit
301 2280 394 2310 Cneo
407 2277 556 2308 Domitio
572 2277 688 2308 bovem
700 2276 840 2314 dixisse,

138 2330 228 2361 Cave
245 2329 320 2368 tibi,
347 2328 477 2359 Roma.y
516 2327 631 2357 Valer.
658 2326 839 2356 Maximus.

137 2380 245 2411 Immo
263 2384 298 2410 et
324 2379 357 2410 S.
375 2378 519 2418 August.
551 2378 657 2408 tradit
687 2382 840 2407 armenta

137 2432 214 2464 olim
231 2441 305 2463 esse
329 2432 455 2462 locuta.
662 2459 667 2464 ,

179 2484 199 2513 4
222 2480 392 2522 Lapidum]
432 2481 546 2511 Imber
577 2480 737 2519 lapidum,
768 2479 841 2519 plu-

138 2533 205 2572 via,
232 2531 413 2572 fontesque
442 2531 574 2561 cruenti
601 2529 842 2560 referebantur

139 2582 229 2612 inter
246 2581 415 2621 prodigia,
441 2581 529 2611 sicut
547 2585 581 2610 et
600 2581 711 2620 plnres
740 2580 841 2617 lunae,

141 2631 332 2672 geminique
357 2632 463 2661 soles:
488 2630 650 2670 ejusmodi
678 2631 842 2670 exemplis

140 2682 261 2723 plenus
299 2686 351 2712 est
386 2681 481 2712 Titus
510 2682 635 2712 Livius.
690 2681 841 2712 Quorum

140 2731 376 2773 prodigiorum
408 2740 540 2761 causam
576 2732 764 2762 naturalem
795 2731 842 2760 in-

144 2782 314 2824 vestigant
350 2781 573 2821 Philosophi3
620 2786 655 2811 at
701 2790 842 2820 magnus

891 1766 970 1797 inde
991 1766 1117 1806 populo
1147 1764 1257 1800 timor,
1289 1761 1343 1802 qni
1375 1761 1448 1791 haec
1480 1757 1594 1790 omnia

891 1817 1032 1857 expiare
1052 1813 1210 1846 tentabat
1228 1816 1263 1842 et
1280 1817 1517 1841 averruncare.

933 1872 952 1897 8
979 1864 1160 1904 (‘'e.‹›·ser1mt]
1185 1862 1309 1893 Omnia
1325 1864 1476 1890 monstra
1494 1859 1596 1889 iniu'o-

891 1927 926 1948 ra
942 1922 1019 1947 sunt
1037 1915 1199 1946 Eunucho
1217 1911 1365 1943 consule.

937 1964 1100 2004 Eunucho]
1114 1962 1295 1994 Eunuchus
1313 1959 1448 1997 dicitur,
1464 1958 1523 1988 ἀπὸ
1538 1958 1595 1988 τοῦ

892 2016 977 2056 ἔχειν
992 2015 1092 2054 εὐνὴν,
1114 2014 1151 2044 ab
1168 2011 1305 2042 habendo
1320 2010 1522 2048 ser-ramloque
1537 2008 1594 2038 Iec-

892 2072 935 2107 το,
960 2067 1014 2098 cui
1033 2066 1078 2096 rei
1109 2062 1415 2103 impendebantur:
1445 2059 1495 2090 vel
1514 2057 1596 2089 dici-

894 2124 959 2155 tur,
987 2116 1082 2158 quasi
1110 2113 1142 2145 εὖ
1158 2114 1228 2144 νοῦν
1244 2111 1336 2150 ἔχων,
1360 2110 1471 2141 hahens
1487 2110 1594 2140 bonam

894 2171 1034 2199 mentem.

938 2221 977 2249 10
1000 2217 1102 2256 Anus]
1139 2214 1324 2254 Eutropius
1357 2211 1530 2250 imberbis,
1559 2214 1595 2241 et

895 2269 1016 2300 vetulae
1036 2267 1126 2308 rugis
1143 2267 1262 2297 obsita*
1280 2264 1407 2295 similis·

939 2318 1136 2360 Effoeminat]
1162 2317 1271 2353 Facit,
1301 2321 1335 2345 ut
1359 2322 1464 2343 annus
1491 2311 1595 2342 nomi-

894 2378 995 2403 netur
1023 2372 1064 2402 ab
1091 2369 1298 2400 estu-minato
1327 2365 1512 2402 Eunaeum
1536 2364 1597 2394 sic-

895 2434 960 2465 que
998 2422 1195 2455 effa-minat,
1235 2417 1419 2447 dedecorat
1458 2414 1595 2445 titulum

896 2475 971 2505 anni
1005 2473 1082 2503 solis
1115 2471 1192 2500 viris
1221 2466 1450 2497 tribuendum.
1506 2464 1598 2495 Anni

896 2537 914 2557 a
943 2524 1145 2556 (Ionsnlibus
1175 2519 1445 2550 nominabantur.
1492 2515 1596 2546 Verbi

898 2578 1018 2619 gratia,
1045 2574 1223 2605 dicebatur
1253 2571 1313 2599 boc
1340 2578 1437 2604 aimo,
1468 2568 1476 2583 ‘
1493 2566 1599 2597 Theo-

898 2630 981 2660 doro
1009 2632 1043 2658 ct
1075 2624 1238 2663 Eutropio
1264 2617 1489 2650 consulibus!
1542 2617 1597 2648 Sic

900 2677 1083 2717 Eutropius
1114 2672 1340 2705 efl'oeniinatus
1368 2668 1450 2699 facit
1476 2673 1513 2698 ut
1541 2677 1597 2697 an-

898 2738 958 2758 nus
990 2722 1236 2768 quodammodo
1268 2720 1424 2750 videatur
1460 2716 1600 2750 effoemi·

897 2782 1006 2810 natus.
