1857 3177
787 399 831 445 1.

471 595 607 653 CL.
659 594 1167 653 CLAUDIANI

790 742 827 764 IN

317 842 505 891 SEX.
554 841 861 890 ANICII
909 840 1304 889 PROBINI

783 966 827 988 Er

104 1066 270 1116 SEX.
316 1067 543 1116 ANICII
587 1067 1170 1116 HERMOGENIANI
1211 1063 1512 1113 OLYBRII

417 1209 732 1251 FRATRUM
767 1207 1205 1250 CONSULATUM

526 1335 1076 1395 PANEGYRIS.

567 1593 1054 1637 ARGUMENTUM.

121 1683 191 1714 Sor,
207 1683 370 1715 invitatur
383 1683 427 1714 ad
450 1683 673 1724 aperiendum
690 1693 814 1714 annum
832 1683 999 1713 laetiorem
1026 1681 1088 1713 sub
1106 1681 1291 1713 Consulatu
1308 1680 1450 1712 duorum
1466 1681 1546 1712 Fra-

80 1741 180 1776 trum,
194 1736 313 1778 quibus
330 1736 363 1767 id
382 1746 502 1767 munus
527 1736 676 1767 debetur
693 1736 736 1767 ob
755 1736 889 1776 generis
905 1735 1133 1775 nobilitatem,
1150 1735 1193 1766 ob
1219 1735 1386 1766 illustrem
1404 1734 1545 1766 Patrem

79 1799 193 1820 eorum
211 1790 375 1827 Probum,
393 1799 490 1830 quem
520 1790 594 1820 Filii
623 1794 798 1830 superant.
845 1788 979 1821 Quibus
998 1789 1104 1819 Roma
1120 1788 1195 1828 ipsa
1219 1788 1308 1828 petit
1325 1788 1545 1818 Consulatum

80 1852 100 1873 a
114 1842 312 1882 Theodosio,
339 1847 372 1874 et
392 1848 534 1884 propter
551 1853 665 1874 eorum
694 1843 858 1874 virtutem
874 1846 910 1873 et
938 1842 1128 1873 doctrinam
1145 1841 1290 1873 obtinet.
1325 1841 1414 1881 Ergo
1431 1840 1548 1870 Proba

80 1895 207 1933 Mater,
224 1896 452 1927 Heroinarum
466 1896 588 1936 instar,
601 1901 699 1937 parat
716 1901 828 1927 vestes
846 1896 1073 1927 Consulares:
1094 1895 1228 1936 plaudit
1254 1895 1398 1933 Coelum,
1413 1893 1547 1927 exultat
1569 1937 1572 1939 ‚

79 1948 221 1988 Tiberis,
236 1949 355 1980 fluvios
372 1949 547 1990 indigenas
560 1950 603 1980 ad
621 1950 814 1980 convivium
832 1949 955 1980 invitat
971 1960 978 1979 :
998 1958 1103 1980 annus
1115 1947 1308 1979 fortunatus
1321 1945 1547 1987 portenditur.

82 2039 223 2108 SOL,
248 2059 322 2113 qui
343 2059 625 2111 flammigeris
646 2060 856 2100 mundum
876 2059 1142 2112 complexus
1163 2058 1351 2099 habenis

123 2167 186 2207 Sol,
215 2166 269 2207 qui
293 2167 534 2207 circumcingens
561 2169 708 2199 mundum
734 2169 862 2199 habenis
885 2168 987 2208 igneis
1010 2168 1098 2198 ducis
1126 2176 1222 2197 annos
1250 2168 1436 2196 revertentes
1458 2175 1549 2196 cursu.

692 2252 924 2264 eeeeeeeeeeee

123 2304 260 2335 Titulus
278 2304 451 2335 Poematis
480 2305 515 2336 in
547 2305 732 2345 Excerptis
760 2305 942 2344 Pomponii
970 2305 1069 2343 Laeti,
1093 2304 1271 2345 Panegyris
1295 2304 1328 2334 z’n
1358 2303 1493 2333 Probum
1517 2305 1548 2333 et

83 2347 255 2378 probinum
283 2350 374 2387 atque
404 2347 566 2388 Olybrium
602 2347 735 2386 fratres.
777 2347 809 2378 in
837 2348 946 2387 primo
973 2348 1144 2379 Vaticano
1183 2345 1416 2377 recentissima
1446 2354 1548 2376 manu

83 2389 268 2430 ascriptum
283 2395 358 2420 erat
374 2390 437 2421 hoc
456 2391 613 2422 Carmen.
630 2391 664 2421 in
695 2390 902 2422 Farnesiano
920 2391 1100 2431 legebatur
1117 2394 1195 2431 post
1211 2389 1312 2419 libros
1326 2389 1358 2418 in
1377 2387 1546 2418 Rufinum.

83 2432 115 2462 in
134 2433 241 2472 primo
253 2432 412 2463 Leidensi
430 2434 593 2464 inseritur
606 2433 813 2473 postlibrum
828 2442 852 2464 1.
866 2433 898 2463 in
915 2434 1192 2474 Eutropium.—l
1221 2430 1440 2469 Flammigerz's
1456 2430 1548 2470 priu-

82 2484 164 2516 ceps
181 2476 259 2506 Vat.
277 2480 313 2506 et
328 2476 527 2507 chartaceus
544 2476 651 2516 ejusd.
668 2476 759 2507 Bibl.
776 2476 850 2506 Pal.
878 2477 981 2507 Farn.
999 2476 1096 2507 Leid.
1119 2485 1168 2516 pr.
1186 2475 1279 2506 Prie.
1297 2474 1421 2504 Petav.
1447 2472 1544 2503 Med.

741 2550 887 2583 NOTAE

126 2614 315 2657 Panegyris]
362 2615 425 2646 Est
456 2615 601 2656 elogium
627 2615 661 2646 in
696 2622 789 2647 coetu
843 2620 902 2646 aut
918 2614 1149 2646 laudationem
1170 2611 1380 2644 celebratam
1402 2610 1436 2640 in
1455 2614 1547 2641 coetu

86 2664 191 2694 omnis
205 2666 322 2706 populi
338 2666 596 2707 pronuntiatum
616 2677 623 2696 :
660 2667 787 2698 etenim
843 2664 959 2706 populi
976 2664 1137 2695 universi.

85 2713 146 2742 πᾶν
168 2713 338 2754 significat
362 2726 460 2756 omne,
476 2716 582 2757 ἄγυρις
596 2721 729 2754 coetum,-
752 2721 787 2748 et
887 2718 904 2746 l
927 2715 995 2755 Sol]
1010 2715 1122 2746 Solem
1138 2714 1288 2752 invocat,
1303 2716 1341 2742 ut
1354 2711 1547 2752 principem

87 2762 186 2795 simul
201 2765 379 2808 πανήγυρις,
389 2771 500 2799 coetum
511 2768 619 2809 populi
637 2768 788 2810 universi,
843 2770 1022 2808 astrorum,
1035 2770 1237 2808 patremque
1261 2764 1346 2796 lucis
1362 2774 1370 2803 ;
1385 2762 1488 2805 idque
1503 2771 1547 2795 ex
