1857 3177
1470 193 1527 235 63

1469 299 1524 339 10

488 206 538 236 ΙΝ
575 205 711 235 PROB.
746 205 805 234 ΕΤ
837 204 983 234 OLYB.
1015 204 1153 234 CONS.

69 297 320 340 Iustam-are
342 299 454 348 viam,
476 305 521 340 et
537 300 738 341 cursibus
761 298 922 338 addere
941 311 1118 338 nomen.

68 365 159 406 His
180 379 323 419 neque
344 380 424 419 per
447 367 631 407 dubium
652 365 813 419 pendet
838 366 1034 405 Fortuna
1054 365 1266 414 favorem,

68 432 170 473 Nec
191 435 315 473 novit
338 439 504 474 mutare
529 436 672 473 vicos:
707 433 784 473 sed
808 434 924 472 fixus
949 433 988 471 in
1013 445 1164 472 omnes

68 499 297 551 Cognatos
320 501 517 552 procedit
541 501 696 542 bonos.
759 500 1095 552 Quemcumque
1117 500 1314 552 requires

68 566 173 606 Hae
197 567 252 606 de
276 569 411 620 stirpe
437 569 592 616 virum,
619 575 789 608 eertum
813 574 884 608 est
907 568 961 607 de
993 566 1186 607 Consule
1209 566 1350 607 nasci.

70 632 157 673 Per
176 633 324 673 fasces
347 642 623 674 numerantur
644 637 729 683 avi,
755 647 1017 687 semperque
1040 640 1194 674 renata

69 698 317 740 Nobilitate
341 708 495 749 vrent,
520 707 562 741 et
584 702 752 753 prolem
778 701 868 741 sata
890 706 1151 753 sequuntur,

69 764 336 806 Continuum
362 767 498 806 simili
521 769 745 807 servantia
764 769 859 819 lege
891 773 1106 808 tenorem.

65 831 165 873 Nec
185 834 418 886 quisquam
440 846 674 887 procerum
698 840 859 883 tentat,
884 835 986 875 licet
1009 847 1093 874 aere
1117 840 1294 876 vetusto

1465 633 1523 674 15

66 941 207 973 Fortuna
222 942 328 972 horum
354 942 542 973 Anniorum
566 954 623 974 non
651 945 761 983 pendet
778 954 795 974 a
816 943 928 981 ‚timore
947 943 1073 981 incerto,
1091 947 1120 974 et
1137 944 1234 974 nescit
1259 943 1327 983 pati
1351 944 1526 975 inconstan-

65 984 167 1020 tiam;
188 986 240 1014 sed
264 985 437 1023 dignitates
460 986 587 1016 stabiles
611 990 772 1016 transcunt
788 988 828 1017 ad
853 997 954 1017 omnes
978 989 1133 1025 cog-natos.
1181 986 1407 1026 Quemcumque
1423 987 1525 1018 virum

65 1035 183 1066 quaeres
201 1033 311 1057 ortum
330 1038 369 1057 ex
379 1028 436 1058 huc
450 1029 591 1065 sumum,
606 1033 724 1059 constat
736 1039 809 1059 enm
826 1030 910 1059 nasci
922 1039 962 1058 ea·
977 1029 1089 1068 aliquo
1105 1030 1245 1060 Consule.
1293 1030 1330 1059 In
1349 1030 1410 1059 liae
1424 1034 1526 1068 gente

67 1069 119 1099 aci
144 1074 346 1100 numerantur
359 1080 413 1110 per
432 1072 623 1107 Consulatus,
641 1075 669 1101 et
686 1072 732 1101 illi
749 1081 866 1111 semper
882 1072 1001 1111 florent
1018 1075 1090 1101 nata
1107 1081 1183 1101 nora
1201 1071 1383 1106 nobilitate,-
1407 1075 1436 1101 et
1448 1071 1524 1108 satu

65 1112 221 1142 serrantia
243 1113 353 1142 seriem
379 1117 558 1153 perpetuam
572 1113 643 1153 pari
668 1114 775 1144 ordine
795 1114 907 1150 sarem
926 1114 1094 1152 nepotibus.
1141 1114 1187 1143 Ac
1216 1114 1316 1143 nullus
1331 1114 1526 1153 optimatum,

687 1191 919 1203 eeeeeeeeeeee

66 1233 227 1264 Huniadoe
253 1236 336 1265 Exc.
356 1235 571 1265 Ruben.-—-ll
596 1236 690 1275 pendi
716 1235 796 1265 Vat.
827 1235 933 1274 quint.
958 1235 1035 1264 dein
1051 1246 1193 1274 pararem
1217 1235 1262 1264 id.
1294 1236 1373 1265 Vat.
1392 1240 1426 1265 et
1451 1236 1527 1266 Pal.

57 1275 199 1313 favorem
218 1276 295 1307 vat.
314 1282 384 1316 opt.
409 1279 526 1307 l’mav.
545 1279 643 1307 Faru.
663 1277 753 1307 Prie.
773 1277 865 1306 Mea.
895 1282 1003 1317 quart.
1022 1278 1107 1306 Exe.
1128 1278 1356 1306 [Arcens—12
1370 1278 1451 1318 finis
1465 1288 1526 1316 pro

56 1318 148 1360 fixus
172 1320 250 1349 Vat.
279 1320 471 1359 quirin—123
497 1320 616 1358 require
633 1320 712 1348 Vnt.
739 1329 789 1358 pr.
816 1319 889 1348 Pal.
918 1319 1016 1349 Farn.
1044 1319 1138 1348 Prie.
1168 1319 1261 1348 Mea.
1291 1318 1372 1355 duo,
1403 1320 1527 1351 Mon-et.

67 1360 162 1391 Leid.
181 1370 230 1400 pr.
253 1361 334 1391 Exc.
354 1362 497 1391 anens.
514 1362 650 1400 requires
667 1362 744 1391 Vat.
757 1361 865 1401 quint.
891 1360 1052 1390 Heinsius
1069 1361 1214 1399 margini
1232 1361 1348 1400 primae
1368 1361 1527 1392 editionis

62 1412 132 1433 suae
159 1403 379 1442 ascripserat,
399 1403 428 1440 f.
459 1404 694 1443 1·equiras.-—l5
721 1406 840 1433 retenta
873 1403 967 1433 Med.
1000 1406 1200 1443 quart—16
1224 1405 1330 1441 vigent
1367 1404 1526 1434 Plaut.—

68 1448 106 1476 17
129 1446 273 1476 continuo
300 1444 344 1476 id.
362 1446 522 1484 signantia
539 1446 630 1476 Med.
659 1455 709 1484 pr.
724 1451 759 1476 et
791 1445 863 1476 Pal.
881 1446 937 1486 qui
964 1456 1024 1485 pro
1050 1449 1186 1476 tenorem
1209 1445 1349 1475 exbibet
1379 1449 1525 1486 nepotem.

63 1490 149 1518 —18
172 1488 335 1519 Heinsius
361 1489 559 1528 conjecerat
580 1491 689 1519 tentet.
716 1498 767 1519 ore
790 1488 880 1519 Prie.
907 1492 940 1518 et
969 1489 1011 1519 al.
1034 1492 1157 1519 venusto
1183 1488 1279 1519 Leid.
1310 1498 1329 1518 a
1356 1499 1400 1519 m.
1430 1498 1526 1529 pr.—

729 1563 868 1595 NOTAE

110 1641 151 1670 10
175 1639 326 1670 Cursibus
336 1640 449 1670 addere
465 1639 585 1679 nomen]
610 1640 665 1670 Sol
683 1638 767 1670 facit

65 1699 181 1729 annOS‚
196 1689 358 1720 Consules
376 1689 503 1721 dabant
517 1690 599 1730 ipsis
612 1691 765 1727 nomina;

66 1749 124 1771 seu
155 1740 267 1780 potius
294 1741 371 1771 anni
409 1741 676 1772 numerabantur
707 1750 768 1780 per

823 1639 900 1670 dam
925 1649 1036 1670 ramus
1070 1639 1219 1678 additur,
1250 1643 1355 1679 atque
1392 1638 1425 1669 in
1455 1638 1528 1670 dies

824 1692 1012 1723 revirescit.
1061 1691 1104 1721 Et
1121 1701 1156 1721 re
1174 1691 1248 1731 ipsa
1267 1691 1308 1721 ab
1327 1691 1422 1721 initio
1437 1691 1528 1731 prin-

824 1744 959 1783 cipatus
988 1743 1204 1774 Constantini
1233 1743 1362 1779 Magni,
1383 1743 1526 1773 multum

65 1790 231 1820 Consules
249 1795 352 1831 atque
368 1791 639 1821 nominabantur.
663 1792 768 1822 Dice-

64 1838 166 1870 batur
189 1840 318 1880 quippe
343 1841 407 1872 hoc
446 1851 545 1881 anno,
574 1841 709 1872 Prohinc
739 1845 769 1872 et

67 1888 196 1929 Olybrio
214 1890 405 1921 Consulibus.

111 1941 150 1969 12
175 1939 275 1970 Fixus
290 1941 398 1980 honos]
418 1941 572 1972 Honores
590 1943 683 1973 velut
698 1941 767 1974 fato

66 1987 125 2019 fixi
142 1994 175 2018 et
190 1989 342 2029 stabiles,
359 1991 475 2021 ordine
493 2001 557 2022 non
575 1992 768 2033 interrupto

65 2044 243 2070 transeunt
270 2039 311 2069 ad
341 2050 455 2070 omnes
485 2047 648 2080 cognatos
670 2043 768 2082 hujus

66 2089 189 2128 gentis,
238 2089 338 2119 Fisus
361 2090 522 2129 procedit:
552 2100 691 2121 acumen
718 2096 770 2122 est

65 2139 98 2169 in
113 2139 232 2176 verbo,
249 2140 337 2179 quod
352 2140 483 2170 scilieet
498 2146 532 2170 et
545 2141 710 2179 procedat
727 2142 768 2172 ad

65 2194 241 2228 cognatos,
255 2195 289 2219 et
305 2189 390 2220 fixus
407 2195 581 2220 remaneat
594 2190 626 2220 in
644 2189 771 2222 familia

66 2244 296 2278 cognatorum.

109 2292 148 2320 15
175 2290 300 2329 Fasces]
324 2291 446 2321 Fasces
464 2291 610 2322 duodeni
627 2292 645 2322 a
674 2292 769 2322 licto-

65 2339 156 2370 ribus
171 2339 372 2370 ferebantur
388 2346 467 2372 ante
485 2342 659 2381 Consules,
674 2343 769 2374 velut

65 2389 209 2430 insignia
223 2391 446 2421 Consulatus:
473 2391 561 2421 unde
578 2396 682 2429 etpro
697 2392 769 2432 ipso

66 2440 252 2472 Consulatu
269 2447 458 2480 sumuntur,
485 2442 617 2482 signum
649 2452 708 2482 pro
733 2451 768 2472 re

66 2490 210 2531 signata.

111 2540 292 2582 Semperque
317 2546 425 2572 renata
463 2543 625 2573 nobilitate
654 2542 770 2582 virent]

68 2592 195 2623 Iisdem
229 2594 409 2624 Consulum
448 2594 554 2623 titulis
583 2593 769 2623 identidem

69 2642 303 2680 redeuntibus,
329 2653 368 2674 ac
387 2643 480 2673 velut
502 2642 770 2682 renascentibus,

69 2701 177 2723 novus
211 2694 348 2734 quidam
384 2694 570 2725 nobilitatis
609 2693 771 2733 splendor

68 2741 259 2774 renascitur
284 2748 387 2785 atque
411 2744 545 2775 elucet:
572 2753 678 2774 novus
703 2743 772 2785 qui-

824 1793 972 1825 effloruit
997 1792 1124 1823 familia
1151 1793 1355 1831 Proborum,
1386 1803 1428 1824 ex
1459 1803 1528 1834 qua

825 1843 889 1874 orti
905 1847 983 1874 sunt
1000 1843 1170 1873 Probinus
1185 1847 1219 1873 et
1235 1842 1411 1883 Olybrius.

868 1897 908 1925 16
937 1894 976 1924 Et
987 1895 1103 1933 prolem
1112 1893 1381 1933 futasequuntur]
1399 1893 1527 1924 Eadem
1570 1913 1573 1916 ι

823 1944 958 1975 scilicet
986 1943 1057 1974 fata
1073 1948 1262 1983 sequnntur
1288 1943 1441 1982 prole1n3
1467 1943 1529 1974 hoc

823 1999 889 2030 est,
906 1993 1090 2023 Anniorum
1107 1993 1234 2032 posteri
1261 1992 1388 2022 habent
1407 1992 1528 2022 eadem

824 2042 907 2080 fata,
924 2043 1066 2073 eandem
1084 2041 1299 2072 felicitatem.

868 2096 907 2123 13
934 2092 1115 2131 Procerum]
1155 2092 1320 2122 Proceres
1352 2096 1429 2122 sunt
1460 2095 1528 2121 tra·

826 2142 915 2172 bium
944 2143 1058 2182 capita.
1083 2142 1115 2172 in
1147 2142 1300 2171 aedificiis
1323 2142 1527 2172 eminentia:

824 2192 901 2222 inde
918 2193 966 2222 sic
983 2192 1145 2231 appellati
1163 2192 1343 2230 Principes
1360 2191 1526 2231 civitatis,

822 2243 912 2284 quod
929 2244 1101 2273 emineant
1119 2243 1152 2272 in
1166 2243 1319 2272 civitate.

866 2295 943 2324 [Ere
958 2296 1078 2323 retusto
1098 2291 1232 2334 floreat]
1260 2291 1418 2332 Antiqnis
1449 2292 1530 2323 ima-

824 2343 956 2383 ginibus
985 2343 1103 2373 aereis:
1139 2352 1212 2372 nam
1245 2341 1407 2381 imagines
1438 2342 1529 2382 apud

822 2393 979 2434 antiquos
1008 2392 1137 2424 fiebant
1151 2403 1191 2422 ex
1217 2402 1308 2429 vein,
1327 2392 1384 2422 sed
1403 2391 1530 2423 fiebant

825 2444 928 2475 etiam
945 2453 985 2474 ex
1015 2454 1092 2475 aere.
1136 2444 1286 2474 Statius:
1313 2444 1321 2458 ‘
1337 2442 1425 2473 Quid
1444 2441 1530 2473 refe-

826 2505 896 2525 ram
926 2499 1060 2525 veteres
1085 2504 1218 2524 eeraeve
1238 2493 1358 2523 aerisve
1374 2492 1499 2531 tignras
1517 2493 1529 2522 ?

824 2544 859 2574 Si
897 2545 977 2585 quid
1013 2543 1159 2584 Apellaei
1192 2543 1340 2580 gaudent
1367 2542 1529 2573 animasse

826 2595 989 2625 colores?
1015 2596 1059 2625 Et
1084 2594 1281 2626 juvenalis:
1306 2593 1414 2623 ‘Tota
1447 2593 1531 2624 licet

828 2649 960 2675 veteres
997 2649 1165 2675 exornent
1202 2643 1349 2683 nudique
1381 2652 1466 2674 cera?
1484 2642 1530 2677 A·

826 2694 918 2736 tria,’
942 2695 977 2726 id
993 2699 1059 2735 est,
1077 2703 1187 2725 cereae
1205 2693 1378 2735 imagines.
