1852 3193
216 219 302 260 42&

218 323 308 365 Hic
330 322 506 365 confidit
524 321 674 375 aquis:
705 319 776 360 hic
796 320 1000 371 procreat
1020 316 1168 358 omnia
1184 315 1386 357 flammis.

216 390 354 440 Alter,
376 392 421 431 in
443 390 645 431 AEtnaeas
665 399 850 428 casurus
868 390 1025 440 sponte
1047 384 1240 435 favillas,
1302 418 1309 426 ,

218 458 448 512 Dispergit
468 460 733 508 revocatque
761 454 915 502 Deum,
938 465 1196 505 rursumque
1210 451 1400 505 receptis

217 525 372 566 Nectit
388 524 610 572 amicitiis,
628 521 840 577 quicquid
862 520 1079 561 discordia
1097 519 1244 561 solvit.

218 591 431 645 Corporis
449 591 517 631 hic
539 590 719 631 damnat
740 601 910 638 sensus,
930 600 1168 641 verumque
1187 586 1329 628 videri

216 657 443 711 Pernegat.
504 658 596 698 Hic
616 670 790 711 semper
809 657 1000 711 lapsurae
1021 655 1217 710 pondera
1237 658 1361 696 terrae

216 723 406 766 Conatur
422 725 575 779 rapido
596 725 699 767 coeli
720 725 875 766 fulcire
897 728 1056 774 rotatu,

667 227 743 258 CL.
777 222 1061 255 CLAUDIANI
1095 222 1224 254 xvu.

215 822 267 850 tur
282 819 324 850 ab
339 820 424 857 aliis,
446 824 483 850 ut
495 819 683 860 principium
708 829 828 850 rerum:
850 819 930 850 alter
952 818 1116 849 constituit
1137 828 1263 858 aquam:
1286 817 1337 847 hic
1357 814 1502 856 producit
1519 813 1620 863 omnia
1633 822 1678 845 ex

213 862 296 901 igne.
330 862 388 893 Ille
411 863 551 903 lapsurus
560 864 642 893 ultro
654 862 844 902 inflammas
857 863 963 892 AEtnae
978 861 1144 902 dzff'undit,
1159 864 1189 892 et
1202 860 1338 891 retrahit
1350 859 1486 906 animuin
1498 856 1633 896 Mundi,
1648 858 1680 887 et

213 904 373 944 conjungit
388 904 502 935 iterum
518 908 662 935 renovato
678 904 800 941 soedere
825 904 970 944 quicquid
993 904 1196 934 contrarietas
1221 902 1371 934 dissolvit.
1419 902 1483 932 Hzc
1498 901 1679 948 condemnat

213 956 320 977 sensus
330 948 477 986 corporis,
491 950 521 976 et
536 946 697 986 inficiatur
708 946 873 976 ceritatem
885 955 983 985 posse
995 946 1147 984 cognosci.
1175 947 1233 976 Ille
1244 948 1346 976 tentat
1358 944 1511 974 sustinere
1524 945 1678 990 vertigine

213 988 339 1019 volubili
358 990 449 1026 Coeli,
465 998 540 1018 onus
555 992 649 1018 terra*
663 997 782 1028 semper
793 997 924 1026 cusurae,
935 991 965 1018 et
977 987 1151 1027 inflammat
1164 987 1263 1018 Solem
1273 987 1386 1018 vortice
1400 986 1514 1026 lapidis
1525 985 1679 1015 immensz.

824 1060 1057 1073 eeeeeeeeeeee

212 1109 389 1150 opiniones
402 1109 494 1139 hisce
511 1109 635 1140 similes
657 1109 732 1140 vide
750 1109 840 1148 apud
858 1109 989 1141 Minue.
1004 1108 1110 1140 Felic.
1135 1116 1168 1149 p.
1188 1111 1239 1140 19.
1256 1111 1358 1149 atque
1375 1107 1442 1138 illic
1459 1106 1679 1146 interpretes.

212 1155 295 1184 -71
320 1151 479 1190 confundit
492 1152 571 1183 Vat.
598 1162 666 1184 sec.
691 1152 743 1183 ed.
759 1152 874 1184 Vicet.
900 1152 1032 1183 Ruben.
1058 1151 1187 1193 confidit
1211 1152 1340 1182 Moret.
1367 1160 1416 1191 pr.
1433 1151 1517 1180 Exc.
1536 1149 1680 1181 Lucens-

212 1205 263 1235 pr.
278 1196 346 1226 vid.
364 1196 448 1226 Exc.
465 1195 533 1227 Jul.
548 1195 684 1227 Firmic.
708 1195 804 1226 initio
822 1195 958 1234 Operis.
986 1198 1017 1226 et
1040 1198 1185 1235 procreat
1211 1194 1306 1225 Med.
1331 1203 1402 1225 sec.
1430 1193 1553 1224 Petav.
1568 1201 1680 1223 sec.—

212 1240 254 1269 72
280 1238 412 1270 OEtheas
427 1238 520 1268 Med.
538 1248 605 1269 sec.
630 1248 673 1269 m.
702 1248 752 1278 pr.
778 1238 956 1270 Enchenias
980 1238 1058 1270 Jun.
1076 1247 1127 1278 pr.
1152 1238 1304 1269 aethereas
1319 1237 1421 1267 Farn.
1439 1235 1566 1266 Auson.
1582 1233 1680 1266 Ludo

212 1288 276 1312 vn.
301 1281 454 1321 Sapient.
472 1281 604 1312 Solone.
620 1281 728 1312 ruinas
744 1281 928 1313 Fam—73
953 1281 1034 1312 ‹Iz'em
1045 1281 1125 1312 Vat.
1143 1285 1224 1312 tert.
1240 1280 1331 1310 Pric.
1348 1280 1442 1310 Rott.
1459 1278 1566 1310 Oisel.
1581 1277 1680 1308 Med.

213 1332 280 1355 sec.
296 1324 380 1364 Reg.
397 1333 440 1355 m.
457 1334 524 1354 see.
541 1324 676 1355 Tholos.
691 1324 773 1356 Juu.
791 1333 841 1364 pr.
859 1324 972 1355 Oxou.
993 1333 1060 1355 sec.
1087 1334 1132 1355 m.
1149 1332 1217 1354 sec.
1242 1323 1371 1353 Moret.
1389 1331 1456 1352 sec.
1473 1321 1596 1352 Petav.
1612 1329 1680 1352 sec.

211 1366 285 1397 (lein
300 1366 431 1397 Thumi.
447 1367 546 1397 Voss.
565 1377 584 1397 a
600 1377 644 1397 m.
663 1377 712 1407 pr.
729 1367 809 1398 Var.
828 1367 898 1398 LL.
916 1366 971 1398 ed.
991 1366 1097 1398 Antv.
1122 1367 1213 1397 deum
1239 1366 1292 1396 vel
1315 1365 1399 1396 diem
1413 1365 1494 1395 Vat.
1520 1372 1573 1404 pr.
1597 1363 1680 1394 Put.

212 1418 395 1448 cursumque
411 1409 489 1440 Pat.
507 1419 674 1449 rursusque
690 1409 782 1440 Prie.
800 1409 894 1440 Med.
913 1414 991 1440 tert.
1010 1410 1094 1449 Reg.
1110 1418 1290 1448 rursumque
1307 1407 1403 1438 Leid.
1422 1416 1473 1447 pr.
1490 1410 1526 1437 et
1541 1404 1680 1436 octode-

212 1450 278 1481 cim
307 1452 373 1483 alii.
391 1455 546 1491 receptum
570 1452 699 1483 Moret.
731 1454 869 1492 pin—74
894 1452 1011 1482 Nutrit
1033 1453 1114 1483 Vat.
1142 1461 1212 1482 sec.
1238 1450 1348 1481 Nectit
1371 1450 1426 1479 vel
1453 1450 1570 1479 Nectus
1593 1448 1679 1487 Reg.

211 1496 294 1524 —75
320 1495 447 1524 dutnuat
464 1503 568 1525 sensus
580 1495 666 1526 Exc.
681 1496 828 1525 Lucens.
843 1504 912 1526 sec.
941 1495 1054 1525 clamat
1068 1494 1121 1526 ed.
1133 1495 1248 1525 Vicet.
1278 1502 1371 1524 sexus
1386 1492 1507 1522 Petav.
1523 1492 1679 1521 see—7⁷

214 1535 334 1567 Conatu
365 1536 478 1568 Oxou.
506 1547 575 1568 sec.
600 1538 687 1568 Exc.
718 1538 819 1568 Voss.
845 1537 929 1569 Var.
957 1537 1031 1568 LL.
1056 1537 1111 1568 ed.
1140 1536 1244 1568 Antv.
1265 1536 1334 1567 coelz'
1358 1535 1467 1575 rapido
1491 1533 1558 1564 duo
1575 1532 1680 1581 ‚Vatn

213 1576 335 1610 Petav.
368 1589 419 1620 pr.
456 1581 562 1611 coelum
600 1581 732 1611 Mazar.
771 1583 876 1611 meatu
908 1581 961 1611 vel
993 1583 1100 1611 rotatu
1127 1580 1254 1611 Mon-et.
1282 1580 1440 1610 sec.——78
1463 1575 1597 1608 turbims
1620 1584 1680 1606 axe

881 1654 1020 1685 NOTAE

211 1724 273 1756 pro
286 1723 399 1746 rerum
412 1715 595 1756 principio:
613 1716 733 1747 Thales
746 1716 918 1755 Milesius,

213 1775 352 1806 aquam3
384 1765 464 1796 hinc
487 1765 668 1806 Virgilius:
698 1766 707 1782 ‘
725 1766 918 1797 Oceanum-

212 1824 278 1856 que
308 1819 444 1856 patrem
471 1814 609 1845 rerum.'
648 1815 846 1847 Heraclitus
869 1816 918 1856 ig-

210 1874 287 1896 nem
317 1875 379 1906 pro
405 1865 572 1906 principio
606 1867 737 1898 statuit.
784 1866 920 1908 Hippo-

212 1920 324 1946 crates
339 1916 467 1955 aerem,
484 1926 616 1958 aquam,
631 1920 667 1948 et
692 1917 819 1958 ignem.
855 1917 918 1949 Ce-

211 1968 322 1996 terum
344 1966 400 1996 hic
425 1966 631 1997 Claudianus
647 1967 789 2008 attingit
804 1977 918 1999 rerum

211 2015 390 2056 principia.

253 2068 294 2097 71
320 2066 486 2107 Procreat]
510 2066 699 2098 Procreata
711 2071 820 2108 putat.

253 2118 296 2146 72
319 2116 425 2155 Alter]
457 2117 686 2157 Empedocles
719 2118 728 2135 ‘
748 2122 859 2149 totum
883 2127 919 2149 se

212 2164 453 2196 Catanensium
477 2166 619 2196 AEtnaeis
640 2166 780 2198 donavit
804 2168 920 2199 incen-

212 2213 302 2244 diis!
314 2215 553 2246 Tertullianus.
580 2215 644 2246 Ille
658 2217 830 2248 statuebat
840 2227 919 2259 qua-

211 2268 291 2295 tuor
305 2265 633 2306 elementa,'aquam,
649 2265 920 2308 ignem,terran1‚

214 2320 249 2345 et
267 2314 393 2355 a'erem,
409 2319 445 2346 et
459 2314 566 2356 (quod
583 2319 619 2345 et
635 2315 723 2346 dixit
737 2315 918 2357 Anaxago-

212 2363 284 2407 ras)
301 2369 450 2396 mentem
467 2375 598 2396 sacram
617 2374 677 2405 per
694 2365 806 2397 omnia
823 2366 919 2398 diffu-

211 2425 282 2446 sam
299 2425 434 2447 movere
450 2416 576 2455 omnia,
592 2421 629 2447 et
644 2425 718 2447 eam
734 2416 770 2447 in
785 2417 918 2457 singula

211 2474 326 2496 rerum
355 2470 548 2497 creatarum
573 2476 718 2507 corpora
741 2476 916 2499 recurrere

212 2514 361 2546 dicebat.
388 2515 488 2546 Unde
505 2520 540 2546 et
555 2516 720 2555 Virgilius
734 2526 741 2547 ε
768 2517 777 2533 ‘
791 2521 914 2548 totam-

212 2575 278 2607 que
292 2564 405 2596 infusa
421 2575 484 2606 per
498 2570 590 2597 artus
608 2567 707 2597 Mens
724 2567 831 2607 agitat
846 2576 915 2598 mo-

211 2616 291 2656 lem,
309 2620 345 2647 et
358 2626 480 2656 magno
496 2626 533 2647 se
548 2626 692 2657 corpore
707 2617 853 2649 miscet!

255 2669 297 2697 73
314 2666 432 2708 Deum]
457 2666 615 2698 Animam
633 2667 755 2698 Mundi
772 2677 834 2708 per
849 2677 917 2699 om-

213 2715 268 2746 nia
283 2715 455 2755 diffusam,
466 2727 566 2758 quam
580 2727 654 2750 esse
671 2718 783 2750 Deum
798 2719 916 2750 crede-

213 2765 297 2797 bant
313 2767 587 2810 Empedocles-et
603 2767 838 2810 Anaxagoras,
853 2768 918 2801 dis-

972 1716 1163 1756 pergebant
1189 1716 1233 1747 ad
1259 1726 1314 1748 res
1336 1714 1681 1761 generandaSQrevo-

972 1766 1097 1798 cabant
1114 1768 1156 1797 ad
1174 1777 1228 1798 res
1246 1766 1480 1798 destruendas,

1013 1819 1055 1847 74
1089 1817 1275 1857 Discordia]
1309 1817 1577 1855 Elementorum,
1599 1825 1682 1857 quo·

974 1874 1049 1896 rum
1075 1866 1226 1897 amicitia
1248 1873 1284 1898 et
1300 1866 1478 1898 inimicitia
1493 1866 1605 1897 omnia
1621 1869 1681 1896 aut

974 1914 1070 1957 facit,
1083 1920 1142 1949 aut
1158 1916 1326 1949 destruit:
1351 1917 1425 1948 haec
1439 1915 1607 1956 dissolvit,
1621 1914 1681 1946 illa

973 1968 1159 1999 connectit.

1015 2021 1056 2049 75
1087 2018 1216 2059 Verum]
1238 2017 1396 2059 Pyrrhon
1413 2020 1516 2048 sectae
1532 2015 1682 2056 Pyrrho-

972 2068 1104 2100 niorum
1122 2073 1252 2108 auctor,
1268 2073 1372 2109 negat
1386 2067 1567 2098 veritatem
1581 2075 1682 2107 posse

974 2118 1097 2157 videri,
1124 2118 1270 2160 ideoque
1299 2118 1341 2150 de
1364 2117 1520 2149 omnibus
1546 2116 1681 2148 dubita-

974 2169 1045 2201 bat.
1091 2169 1284 2211 Pyrrhonei
1307 2169 1391 2200 dicti
1415 2172 1494 2200 sunt
1509 2167 1679 2208 σκεπτικοὶ,

973 2219 1006 2250 id
1024 2223 1089 2259 est,
1103 2221 1370 2260 contemplatores.
1400 2218 1494 2249 Nihil
1507 2218 1596 2249 enim
1613 2222 1682 2249 sta-

973 2274 1087 2309 tuunt,
1115 2269 1176 2300 sed
1200 2269 1235 2300 in
1260 2269 1448 2311 quaerendo
1472 2273 1508 2300 et
1528 2272 1681 2300 contem-

974 2320 1100 2360 plando
1128 2319 1193 2352 toti
1216 2324 1314 2352 sunt:
1349 2320 1434 2352 dicti
1464 2324 1544 2352 suut
1574 2319 1678 2351 etiam

972 2368 1164 2410 ἀπορητικοὶ,
1174 2370 1209 2401 id
1222 2375 1285 2410 est,
1295 2370 1485 2410 dubitantes,
1496 2369 1585 2412 qnod
1594 2369 1678 2401 nibil

972 2419 1173 2451 affirmando
1189 2421 1231 2451 de
1248 2420 1403 2452 omnibus
1417 2420 1586 2451 dubitent.
1632 2420 1679 2450 Et

971 2469 1144 2502 immerito
1173 2480 1266 2510 sane,
1293 2480 1397 2501 unum
1427 2470 1518 2501 enim
1553 2470 1677 2502 saltem

968 2519 1056 2551 scire
1073 2519 1252 2560 deberent,
1267 2530 1300 2551 se
1314 2520 1468 2551 dubitare.

1012 2572 1054 2600 76
1076 2569 1206 2610 Semper
1219 2570 1368 2611 lapsurae]
1402 2571 1526 2602 Casum
1541 2579 1677 2612 semper

968 2619 1167 2653 minitantis.

1011 2672 1054 2701 77
1094 2670 1231 2711 Rotutu]
1270 2671 1377 2704 Quasi
1403 2671 1560 2703 volubilis
1587 2672 1676 2705 Coeli

972 2719 1136 2761 rapiditas
1151 2730 1213 2752 suo
1226 2721 1359 2762 impetu
1372 2722 1538 2755 sustineat
1551 2724 1676 2755 molem

972 2776 1094 2811 terrae;
1130 2781 1190 2804 seu
1216 2773 1312 2815 quasi
1340 2778 1434 2805 terra
1460 2773 1614 2816 quiescat
1640 2773 1674 2804 in
