1857 3177
735 383 881 430 vill.

452 555 588 615 CL.
646 547 1154 612 CLAUDIANI

322 708 416 749 DE
455 704 779 758 QUARTO
820 701 1291 745 CONSULATU

129 814 784 924 HONORII
863 839 1492 917 AUGUSTI

539 1005 1089 1066 PANEGYRIS.

602 1264 1014 1299 ARGUMENTUM.

121 1336 400 1367 Inpmnonnn
427 1332 614 1363 Honorinm
646 1339 759 1361 rursus
788 1329 969 1360 Consulem
1003 1326 1210 1359 comitantur
1241 1325 1375 1364 militm,
1411 1324 1539 1364 Duces,

79 1389 235 1427 Bellona,
258 1387 365 1417 Mars.
400 1385 510 1425 Hujus
527 1382 747 1424 Imperatoris
764 1382 959 1413 celebratur
975 1386 1011 1411 ct
1032 1381 1126 1419 origo
1151 1379 1193 1409 ab
1206 1378 1307 1418 Ulpio
1324 1377 1487 1418 Trajano,
1505 1384 1541 1408 et

79 1452 98 1474 a
114 1442 225 1484 patria
241 1439 428 1480 Hispania:
459 1438 548 1468 unde
579 1442 678 1468 natus
706 1436 801 1467 Avus
831 1435 906 1474 ejus
937 1434 1128 1473 bellicosus,
1160 1431 1298 1472 Avoque
1316 1432 1422 1472 major
1444 1436 1543 1472 pater

77 1494 300 1533 Theodosius,
325 1494 380 1535 qui
413 1492 573 1523 barbaros
603 1490 702 1529 fudit,
735 1490 858 1530 Rcmp.
886 1488 1048 1526 restituit,
1080 1486 1265 1517 Maximum
1289 1490 1323 1515 ct
1350 1485 1541 1523 Eugenium

80 1554 254 1588 tyrannos,
279 1547 463 1587 horumque
481 1548 598 1577 Duces
614 1544 885 1584 Andragathium
917 1547 952 1573 et
976 1541 1206 1579 Athos-vasten,
1223 1544 1279 1569 aut
1296 1538 1469 1575 mactavit,
1485 1541 1544 1568 aut

79 1601 121 1632 ad
151 1600 428 1640 desperationem
460 1605 670 1639 mortemque
700 1597 848 1637 impulit,
879 1596 950 1636 ipse
973 1595 1135 1631 clemens,
1151 1592 1354 1628 misericors,
1380 1590 1543 1628 liberalis,

81 1664 179 1686 carus
204 1652 376 1683 militibus,
412 1653 462 1682 Ex
481 1652 542 1682 hoc
559 1651 714 1682 nascitur
730 1649 916 1686 Honorius,
940 1648 1035 1688 cnjus
1058 1646 1170 1687 patria
1185 1650 1219 1676 et
1235 1650 1344 1675 mater
1358 1643 1544 1684 pr'aefcruu-

80 1714 136 1739 tur
151 1707 271 1747 patriae
288 1712 323 1737 et
340 1705 506 1736 matribus
525 1706 700 1735 Deorum:
729 1703 772 1734 de
798 1703 861 1732 hoc
887 1701 1001 1731 fausta
1017 1699 1192 1740 praesagia,
1220 1708 1277 1729 scu
1294 1700 1466 1735 nascatur,
1483 1705 1543 1727 seu

82 1760 207 1792 Consul
224 1764 259 1790 et
277 1759 470 1799 Imperator
486 1757 557 1789 fiat.
605 1758 834 1797 Comparatur
851 1756 940 1794 Iulo,
957 1754 1102 1791 Castori,
1125 1751 1269 1790 Polluci,
1298 1750 1388 1783 Jovi.
1433 1749 1544 1781 Theo-

81 1813 196 1844 dosius
224 1814 313 1844 hunc
341 1812 441 1843 docet
467 1822 533 1842 non
557 1811 748 1849 nobilitate,
773 1810 831 1841 sed
850 1810 977 1839 virtute
992 1807 1185 1844 confidet-(23
1207 1806 1309 1835 docet
1324 1803 1478 1834 notitiam
1495 1802 1547 1834 sui

80 1867 284 1907 habendam,
296 1866 555 1906 fraenandasque
568 1865 787 1905 cupiditates,
803 1868 841 1893 ut
857 1863 944 1893 benc
961 1862 1118 1901 imperet,
1142 1866 1178 1889 ut
1195 1859 1339 1889 virtutes
1356 1857 1549 1897 Impe1·ato-.

81 1929 156 1951 rum
172 1923 416 1960 consequatur,
435 1918 518 1949 vitia
540 1918 773 1958 Tyrannorum
792 1914 924 1955 fugiat:
951 1913 1031 1953 quid
1057 1910 1249 1942 faciendum
1268 1911 1299 1940 in
1319 1910 1421 1948 bello,
1441 1919 1460 1939 a
1477 1918 1544 1949 quo

83 1973 177 2003 illum
195 1971 394 2012 flagrantem
411 1976 505 2001 arcet
519 1982 526 2007 ;
541 1970 621 2010 quid
640 1968 834 1999 faciendum
853 1968 883 1997 in
903 1976 1006 2006 pace:
1030 1965 1194 2005 pra‘clara
1209 1964 1269 2003 ip>i
1285 1963 1420 1993 Ducum
1435 1970 1547 1992 exem-

84 2026 142 2066 pla
159 2025 330 2065 proponit.
378 2024 460 2053 Mox
489 2022 663 2053 Honorius
687 2025 801 2060 aequat
831 2025 975 2060 patrem,
1002 2017 1110 2047 fretus
1123 2016 1306 2047 Stilichone
1324 2019 1375 2045 tot
1393 2013 1545 2044 victoriis

84 2078 222 2115 illustri,
240 2078 335 2117 cujus
353 2075 470 2115 ductu,
487 2080 523 2105 ut
537 2075 703 2105 animosus
727 2080 779 2104 est
806 2073 846 2102 ad
866 2073 966 2109 bella,
995 2071 1042 2101 ita
1059 2075 1092 2100 et
1112 2070 1144 2100 iu
1162 2079 1246 2109 pace
1263 2067 1546 2108 sapiens‚justus,

85 2131 292 2166 moderatus,
310 2129 472 2164 liberalis,
490 2128 657 2165 amabilis,
672 2127 888 2164 venerabilis,
915 2124 1113 2161 industrius,
1130 2123 1160 2153 in
1178 2121 1334 2160 armis,in
1349 2119 1545 2161 equitando.

85 2184 305 2216 Describitur
322 2183 393 2222 ejus
412 2192 546 2222 pompa,
575 2182 739 2219 incessus,
767 2180 962 2217 comitatus,
987 2182 1110 2215 vestm,
1125 2175 1263 2206 libertas
1280 2174 1373 2214 data,
1385 2173 1547 2205 Consula-

86 2243 141 2269 tus
158 2236 315 2273 felicitas,
328 2242 363 2266 εἴ
377 2235 522 2276 denique
541 2240 617 2265 voto
634 2233 805 2263 clauditur
821 2233 894 2263 lucc
913 2230 1116 2271 Panegyris.

85 2365 365 2424 Auspiciis
397 2381 549 2421 iterum
567 2391 666 2419 sese
682 2377 900 2430 regalibus
921 2387 1059 2415 annus

127 2470 237 2502 Annus
247 2479 365 2500 rursum
381 2471 469 2499 ornat
482 2478 514 2499 se
529 2467 590 2498 sub
603 2467 750 2508 auspiciis
762 2465 985 2506 Imperator-iix,
997 2474 1032 2494 ac
1043 2461 1202 2503 superbior
1207 2459 1325 2500 potitur
1334 2457 1437 2497 Regia
1447 2456 1550 2495 cogni-

704 2539 938 2552 eeeeeeeeeeee

133 2585 201 2617 l-lic
216 2585 302 2616 liber
320 2585 414 2615 deest
430 2584 464 2614 in
476 2584 645 2614 Vaticano
671 2582 813 2613 Livinei.
831 2581 864 2610 in
881 2579 989 2610 Codd.
1007 2579 1133 2609 Mon-eti
1152 2582 1185 2607 et
1200 2574 1380 2612 Excerptis
1392 2573 1547 2606 Gevartii

91 2628 242 2668 sequitur
255 2633 332 2670 post
347 2628 558 2668 superiorem
575 2625 839 2667 Panegyricum.
866 2624 898 2652 in
913 2623 1078 2653 Vaticano
1091 2626 1210 2663 quarto
1223 2623 1297 2649 erat
1316 2616 1429 2656 Incipit
1442 2616 1547 2646 Pana-

752 2686 894 2718 NOTAE

136 2745 150 2773 l
178 2742 336 2782 Auspiciis
350 2744 504 2782 regalibus
520 2743 638 2784 induit]
677 2742 793 2774 Induit
848 2739 1110 2780 Iinperatoriis;
1141 2741 1177 2767 ut
1206 2734 1292 2765 enim
1318 2742 1422 2764 annus
1440 2731 1549 2772 desig-

93 2798 127 2824 et
157 2798 256 2823 ornat
284 2802 390 2822 annus
420 2803 516 2823 sunm
547 2802 668 2824 nomen
686 2792 793 2823 titulis
848 2795 948 2820 natur
985 2799 1047 2830 per
1073 2786 1251 2825 eonsules,
1278 2785 1327 2815 ita
1349 2783 1403 2814 hic
1442 2791 1548 2813 annus

180 2845 294 2886 Delplt.
309 2848 340 2876 et
360 2845 434 2876 Vur.
453 2845 538 2876 ctas.
767 2843 884 2873 Claud.
1432 2834 1461 2866 P
