1857 3177
558 189 609 218 1N
644 189 720 219 cr„
754 189 1108 220 CLAUDL-xNUM.
1503 189 1559 231 33

104 281 195 336 sq.)
214 283 424 336 potuisset
446 285 599 336 inseri;
622 284 698 325 sed
722 290 956 339 sequentes
979 299 1147 336 versus,
1171 289 1330 340 quibus
1351 292 1558 344 physices

102 351 342 391 doctrinam
377 356 588 392 ostentare
610 353 797 402 videtur,
819 355 924 395 mihi
946 355 1122 408 quidem
1153 368 1238 398 nou
1270 358 1410 398 solum
1443 362 1558 413 frigi-

101 418 285 468 dissimi,
308 420 382 459 sed
418 421 548 471 plane
570 421 744 462 absurdi
767 421 978 462 videntur.
1042 422 1244 463 Ceterum
1264 426 1341 464 vix
1367 427 1557 479 attinuit,

100 484 268 527 Siciliae
314 486 585 527 nobilitatem
637 491 861 541 tantopere
912 491 1145 539 celebrare,
1197 504 1293 531 cum
1344 494 1558 538 obscurus

98 552 255 606 aliquis
293 554 477 605 angulus
500 554 666 594 Cereris
697 556 880 596 consilio
917 559 1287 599 accommodatior
1320 561 1490 614 fuisset,
1514 566 1558 605 id

98 620 213 672 quod
236 620 365 660 Ceres
388 621 489 672 ipsa
510 622 635 661 sentit
657 635 843 675 seroque
865 624 1086 676 profitetur
1107 624 1206 679 (ιιι.
1237 627 1325 669 120.
1347 629 1483 684 sqq.).

155 686 282 735 Filia,
307 692 355 728 ut
391 689 578 740 putabat
615 688 746 729 Ceres
786 691 862 730 illa
902 691 1093 743 quidem,
1134 695 1242 733 bene
1280 697 1556 752 abscondita,

94 755 177 796 iter
196 755 301 795 facit
322 769 399 807 per
421 755 565 795 aerem
587 756 641 795 ad
665 755 857 808 Cybelen
879 758 921 796 in
940 757 1173 811 Phrygiam
1193 760 1256 815 (V.
1276 763 1556 821 170---211.).

97 821 227 872 Quod
270 836 371 863 cum
411 823 589 875 Jupiter
624 823 826 872 vidisset,
868 823 1088 866 Venerem
1129 831 1328 880 arcessit,
1368 846 1554 888 eamque

91 889 218 944 jubet
257 894 434 942 postero
475 891 544 930 die
584 891 909 943 Proserpinam,
953 892 1066 932 dolis
1117 895 1470 949 circumventam,
1511 903 1556 942 in

96 970 303 1010 campum
326 958 553 1007 deducere,
576 959 789 1011 simulque
811 959 1019 1009 hortatur,
1058 966 1105 1001 ut
1142 963 1248 1003 fines
1284 965 1456 1019 imperii
1487 970 1555 1010 sui

97 1024 230 1066 etiam
251 1024 369 1078 apud
405 1024 565 1065 inferos
604 1025 813 1077 proferat,
850 1027 915 1067 ita
946 1031 994 1067 ut
1015 1028 1087 1068 vel
1114 1028 1150 1068 F
1156 1030 1259 1071 uriae
1282 1034 1444 1074 amoris
1466 1035 1556 1076 vim

95 1093 278 1133 sentiant
293 1091 356 1146 (v.
375 1091 654 1145 :HQ—⁶226.)
693 1093 974 1134 Mirationcm
994 1095 1186 1147 quidem,
1205 1111 1355 1139 verum
1377 1102 1555 1144 minime

95 1160 281 1212 epicam,
320 1160 403 1200 hoc
442 1160 540 1200 loco
575 1159 684 1199 facit
723 1160 958 1200 consilium
989 1174 1015 1201 a
1035 1161 1149 1202 Jove
1181 1164 1351 1215 initum,
1375 1168 1500 1220 quod'
1527 1182 1555 1210 a

94 1225 270 1267 Venere
291 1226 514 1279 perficitur
548 1228 626 1275 ita,
666 1230 717 1265 ut
754 1226 903 1275 Pluto,
945 1227 989 1266 in
1022 1229 1150 1281 cujus
1187 1232 1368 1280 gratiam
1408 1237 1555 1277 omnia

92 1293 269 1343 fiebant,
309 1307 362 1333 ne
402 1294 579 1333 minima
619 1293 798 1345 quidem
842 1293 1159 1345 significatione
1212 1298 1366 1338 certior
1408 1300 1552 1355 fieret3

91 1361 300 1414 quodque
321 1361 393 1400 ille
415 1361 495 1400 iter
515 1360 663 1400 statim
687 1360 742 1400 ad
778 1360 901 1400 illum
935 1360 1082 1401 locum
1117 1362 1306 1412 molitur,
1343 1366 1388 1405 in
1423 1381 1553 1421 quem

93 1429 405 1482 Proserpinam
427 1428 586 1469 Venus
609 1432 701 1469 erat
737 1428 997 1478 deductura,
1020 1443 1150 1482 quem
1184 1434 1231 1470 ut
1265 1432 1379 1473 scire
1398 1441 1554 1487 posset

89 1501 254 1539 tantum
276 1498 442 1545 aberat,
464 1501 511 1537 ‘ut
549 1496 679 1549 plane
714 1497 846 1537 etiam
880 1497 1118 1549 ignoraret,
1142 1498 1249 1551 quid
1269 1499 1445 1553 Jupiter
1463 1506 1552 1544 sta-

87 1564 256 1607 tuisset.
354 1564 444 1614 Qui
482 1567 631 1618 potest
679 1564 813 1617 poeta
870 1565 1024 1617 epicus
1074 1565 1150 1606 illa
1207 1570 1550 1622 praetermittere,

89 1633 246 1686 quibus
268 1632 444 1674 omissis
465 1632 535 1672 vel
555 1632 747 1685 vulgaris
767 1633 959 1674 narratio
982 1646 1142 1674 manca
1162 1633 1262 1675 fiat!

144 1699 301 1742 Venus
336 1701 381 1741 in
413 1699 609 1741 Siciliam
649 1712 891 1754 properans
932 1701 1194 1754 adjunxerat
1234 1702 1320 1743 sibi
1363 1706 1550 1749 comites

90 1767 336 1811 Minervam
353 1772 396 1808 et
417 1767 609 1809 Dianam
630 1768 767 1808 totius
798 1769 972 1809 consilii
993 1769 1182 1822 ignaras.
1246 1770 1335 1810 Cur
1350 1771 1434 1813 hoc
1455 1773 1550 1815 fac·

87 1839 178 1878 tum
199 1836 272 1886 sit,
294 1836 498 1877 docemur
517 1834 629 1875 infra
646 1835 745 1890 (111.
767 1835 891 1890 209.)
912 1850 970 1877 ex
994 1841 1134 1878 mente
1155 1838 1338 1878 nutricis
1368 1838 1433 1893 (v.
1462 1840 1550 1882 229

84 1901 277 1956 -236.).
338 1903 577 1956 Expectari
600 1906 785 1955 poterat,
803 1902 981 1956 poetam
998 1904 1344 1957 descriptionem
1366 1906 1546 1958 aedium,
1587 1953 1590 1956 ,

86 1970 131 2011 in
165 1971 324 2024 quibus
359 1969 633 2021 Proserpina
667 1969 967 2019 delitescebat,
1006 1984 1097 2010 non
1135 1984 1233 2012 esse
1264 1972 1546 2024 omissurum,

85 2036 218 2090 idque
240 2037 519 2089 potissimum
555 2040 1007 2084 commemoraturum,
1043 2041 1310 2090 quantopere
1342 2038 1548 2083 latuerint

85 2103 273 2144 consilio
294 2102 464 2142 Cereris
487 2101 839 2153 accommodate3
872 2104 949 2143 sed
978 2105 1197 2156 palatium
1219 2118 1245 2144 a
1267 2104 1546 2158 Cyclopibus

84 2173 295 2211 structum
316 2169 442 2209 finxit
459 2182 558 2209 cum
592 2181 726 2221 opere
747 2168 1040 2209 firmissimum
1064 2175 1156 2210 tum
1175 2172 1358 2211 materia
1377 2174 1546 2225 magni-

82 2236 411 2278 ficentissimum
450 2233 814 2290 (wem—5245.)
875 2235 926 2276 In
967 2236 1057 2276 illis
1100 2237 1369 2290 Proserpina
1413 2240 1546 2282 telam

83 2305 275 2353 texebat,
296 2304 341 2343 in
371 2303 498 2356 cujus
538 2302 723 2344 artificio
759 2302 1051 2351 describendo
1086 2303 1352 2345 Claudianus
1390 2306 1544 2349 Ovidii

84 2384 206 2413 more
227 2372 478 2412 luxuriatur
507 2370 572 2425 (v,
593 2369 879 2424 246—265).
938 2371 1168 2426 Lacrymae
1196 2373 1344 2412 subito
1375 2374 1541 2416 obortae

84 2438 251 2480 faciunt
271 2452 401 2480 omen
421 2437 486 2493 (v.
508 2437 786 2491 266—268.).
850 2439 961 2480 Deae
998 2439 1174 2480 cardine
1203 2453 1333 2481 verso
1371 2441 1542 2492 intrant,

83 2506 335 2559 subitusque
370 2507 516 2555 rubor,
555 2508 599 2547 in
633 2520 722 2560 quo
756 2507 1044 2548 describendo
1080 2512 1270 2561 quatuor
1289 2521 1441 2548 versus
1464 2509 1542 2549 im-

84 2573 342 2625 penduntur,
365 2574 647 2628 Proserpinae
667 2574 830 2615 faciem
861 2576 991 2628 tingit
1011 2574 1074 2629 (v.
1093 2573 1373 2628 269—5278.)
1434 2574 1464 2615 J
1468 2588 1540 2618 am

84 2651 208 2681 aures
227 2641 388 2694 cupide
411 2641 655 2694 arrigimus,
696 2646 747 2682 ut
779 2643 1090 2695 percipiamus,
1114 2641 1335 2695 quomodo
1359 2641 1539 2684 Proser·

83 2705 187 2758 pina
220 2706 325 2747 deas
359 2708 601 2761 exceperit,
639 2722 770 2762 quam
804 2708 1000 2750 fraudem
1024 2709 1174 2750 Venus
1204 2709 1358 2750 molita
1395 2710 1466 2759 sit,
1488 2712 1539 2753 ut,

166 2771 286 2813 Delpk.
300 2776 329 2803 et
349 2774 424 2807 Var.
439 2775 524 2808 Clas.
760 2776 872 2807 Claud.
1419 2775 1448 2808 C
