1857 3177
542 224 603 255 DF.
636 224 710 254 cn.
743 222 1050 253 CLAUDIANO.
1463 217 1517 257 57

65 320 253 362 Ovidius
273 319 574 373 descripsere:
607 332 753 361 verum
780 319 850 359 hic
882 317 1117 366 levissime,
1148 329 1230 356 non
1263 329 1343 356 suo
1377 331 1518 366 more:

64 388 137 429 ille
157 387 465 436 ambitiosius,’
486 389 566 427 διο.

563 496 790 550 Josephus
813 495 1022 548 Scaliger.

179 591 189 607 ‘
212 585 482 627 Claudianus
503 588 546 627 in
566 585 862 627 eruditissimo
885 583 1073 625 carmine
1092 584 1147 624 ad
1170 583 1399 625 Mallium.’

444 696 568 736 Idem
590 695 644 735 de
666 694 872 735 fratribus
895 693 1134 734 Catanaeis.

191 789 202 806 ‘
225 785 515 835 Claudianus,
539 786 612 838 qui
635 797 712 824 eos
734 783 906 835 egregio
928 783 1117 822 camnine
1139 782 1402 824 celebravit?

554 893 744 947 Angelus
776 893 1039 934 Politianus.

183 987 195 1005 ‘
218 984 310 1027 Aut
330 983 553 1026 Pelusiaci
573 983 757 1023 missum
779 981 832 1021 de
854 980 980 1033 plebe
1002 979 1176 1033 Canopi
1190 1009 1198 1018 .
1212 1010 1220 1019 .
1234 1009 1242 1018 .
1256 1012 1265 1020 .

186 1052 463 1094 Gaudentem
485 1051 636 1105 Stygio
658 1049 876 1090 dominam
891 1048 1092 1102 junxisse
1114 1047 1296 1089 marito.'

570 1159 640 1199 Ex
664 1158 796 1198 Petro
820 1156 1027 1197 Collutio.

127 1248 398 1290 Claudianus
421 1248 590 1295 cecinit,

188 1319 200 1336 ‘
223 1316 423 1356 Infernos
443 1318 595 1367 raptus
618 1312 802 1360 Cereris,
825 1322 1080 1364 pugnasque
1102 1310 1313 1360 Deorum,

183 1382 412 1424 Caesareas
434 1381 601 1430 laudes,
623 1391 795 1419 necnon
817 1376 1072 1417 Stilichonis
1093 1377 1298 1428 honores,

186 1449 368 1491 Natalis
391 1447 581 1497 Comes:
602 1448 680 1487 &cn

439 1549 615 1591 Natalis
635 1547 795 1589 Comes
817 1546 957 1601 Myth.
985 1546 1015 1586 l.
1039 1557 1091 1587 ιι.
1113 1546 1156 1587 9.

128 1644 139 1662 ‘
163 1639 434 1682 Claudianus
455 1652 545 1680 rem
566 1642 701 1680 totam
717 1636 770 1678 de
786 1636 972 1678 Plutone
993 1635 1315 1689 elegantissimo
1338 1636 1528 1677 carmine

73 1709 330 1763 complexus
355 1707 451 1748 est.’

586 1806 762 1861 Gaspar
783 1806 1005 1848 Barthius.

131 1897 352 1946 Barthius,
371 1896 446 1949 qui
469 1896 655 1949 plurima
674 1896 803 1937 nobis
825 1895 1129 1951 suppeditavit
1147 1894 1413 1942 testimonia,
1428 1893 1533 1933 inter
1572 1934 1575 1936 ,

75 1964 185 2005 alias
218 1965 372 2004 laudes
409 1963 703 2004 Claudianum
736 1969 882 2013 vocat,
905 1967 917 1984 ‘
937 1963 1279 2004 Nobilissimum
1314 1964 1355 2000 et
1389 1960 1533 2000 litera-

77 2030 298 2071 tissimum
319 2043 376 2071 ex
404 2031 521 2071 omni
558 2030 646 2072 sere
682 2032 940 2084 antiquitate
960 2030 1162 2079 Poetam,
1192 2033 1238 2069 et
1270 2026 1442 2080 ingenio
1476 2025 1533 2067 ad

77 2098 224 2138 omnia
245 2110 417 2138 summa
438 2096 572 2137 nato.’

375 2206 497 2246 Idem
518 2205 572 2245 de
593 2204 810 2258 Panegyri
832 2203 977 2244 Mallii
997 2201 1236 2243 Theodori.

135 2296 148 2314 ‘
170 2292 542 2342 Eruditissimum,
562 2290 980 2346 eloquentissimum,
1015 2293 1270 2342 tantumque
1303 2301 1389 2329 non
1425 2288 1536 2330 divi-

77 2375 180 2403 num
198 2361 314 2402 hunc
335 2361 510 2410 librum,
528 2359 728 2400 humanae
751 2357 978 2415 sapientiae
998 2357 1209 2409 mysteria
1222 2368 1421 2408 magnam
1436 2368 1534 2409 par-

80 2434 165 2470 tem
185 2429 470 2477 indicantem,
489 2428 527 2468 si
556 2440 758 2468 enarrare
786 2440 842 2467 ex
869 2425 1021 2466 merito
1043 2424 1167 2475 velis,
1189 2422 1377 2464 Graeciae
1398 2422 1536 2464 Latii-

81 2510 166 2551 que
185 2497 425 2552 penetralia
447 2496 594 2537 omnia
611 2507 789 2536 necesse
809 2494 888 2534 erit
907 2496 954 2534 ut
974 2490 1203 2533 excutias:

428 2605 648 2647 Nicolaus
672 2603 885 2645 Heinsius
903 2603 958 2644 de
980 2601 1243 2643 Claudiano.

256 2699 267 2716 ‘
291 2694 522 2736 Musarum
543 2694 727 2743 ocellus,
745 2705 940 2734 summus
962 2691 1120 2734 artifex
1142 2689 1276 2740 fandi,

258 2762 605 2818 Salubribusque
624 2762 779 2818 plenus
799 2774 880 2803 ora
899 2758 1153 2816 praeceptiS,
