1842 3193
290 229 347 270 46
835 238 1206 271 PRoLEGoMENA

291 333 432 375 soleat
452 332 749 387 acquiescere,
785 333 860 374 sed
881 337 929 374 ut
949 333 1157 374 attonitos
1183 332 1382 373 homines
1401 332 1596 385 reddant,
1619 334 1750 376 mira-

290 401 478 456 culoque
521 404 770 454 stupentes;
821 401 884 440 ita
924 401 1054 440 etiam
1094 402 1137 440 in
1193 400 1438 441 elocutione
1478 402 1606 442 nullae
1647 406 1749 443 sunt

287 469 495 511 luminum
535 474 577 510 et
615 470 862 509 umbrarum
902 471 1037 520 gratae
1078 467 1215 515 viceS‚
1251 479 1497 521 suavesque
1535 468 1746 518 misturae,

286 537 457 579 colores
479 550 564 578 non
595 536 649 576 ad
679 536 907 576 veritatem
936 534 1164 587 temperati
1195 546 1422 588 rerumque
1451 540 1622 577 naturae
1644 549 1748 578 con-

286 606 534 656 venientes3
578 604 711 644 nullae
747 607 893 656 partes
926 603 1147 655 sapienter
1180 603 1390 655 neglectae
1424 603 1646 653 recedunt,
1683 605 1747 654 ut,

287 686 387 726 quae
436 674 629 726 potiores
680 671 784 719 sint,
848 674 1004 723 sponte
1053 670 1282 719 emineant,
1340 668 1423 710 sed
1464 670 1521 710 ad
1567 669 1746 711 modum

284 740 548 795 picturarum
605 739 851 779 Sinensium
901 750 1059 790 magna
1108 742 1177 778 est
1227 750 1366 777 rerum
1414 739 1603 779 varietas
1653 738 1746 779 sine

283 808 375 848 ulla
409 808 690 860 copulatione
730 810 774 847 et
813 806 1014 855 consilio,
1045 806 1212 846 lumina
1250 805 1401 846 ardent
1438 806 1628 846 tenebris
1667 804 1746 845 ad-

277 874 424 928 jectis,
457 875 775 928 pigmentorum
806 874 950 926 fulgor
977 874 1129 915 oculos
1156 875 1345 927 graviter
1373 873 1482 923 ferit,
1514 873 1748 927 omniaque

282 942 419 996 plana
470 946 513 982 et
553 943 596 982 in
641 942 792 982 eadem
833 942 1064 994 superficie
1109 942 1304 995 jacentia
1349 939 1744 994 deprehenduntur.

284 1008 396 1050 Cum
421 1009 591 1050 animus
624 1008 770 1062 po'etae
792 1010 921 1048 rebus
952 1009 1063 1062 ipsis
1090 1022 1181 1048 non
1206 1020 1468 1061 magnopere
1488 1010 1746 1057 moveretur,

280 1076 560 1117 nihilominus
601 1080 747 1116 tamen
782 1074 963 1115 affectus
999 1075 1272 1115 vehementes
1299 1078 1445 1114 essent
1482 1073 1744 1115 simulandi:

281 1143 338 1183 ad
373 1156 450 1184 eas
487 1143 683 1195 confugit
724 1143 932 1189 rationes,
969 1154 1080 1194 quas
1113 1154 1229 1182 verae
1249 1142 1407 1182 mentis
1428 1141 1745 1182 commotiones

280 1209 603 1262 antiquioribus
635 1207 778 1262 poetis
796 1212 837 1248 et
858 1208 1102 1248 oratoribus
1134 1213 1456 1260 suggesserant,
1489 1209 1633 1261 iisque
1665 1220 1745 1261 pro

278 1276 578 1316 instrumentis
617 1289 724 1317 usus
759 1279 826 1316 est
877 1275 932 1316 ad
979 1288 1135 1316 sensus
1173 1275 1459 1323 simulandos,
1496 1287 1608 1329 quas
1647 1275 1746 1329 ipse

279 1343 440 1383 habere
470 1355 553 1383 non
584 1346 751 1396 posset.
813 1342 971 1396 Neque
997 1355 1101 1383 sane
1122 1343 1275 1382 mirum
1298 1347 1380 1392 est,
1402 1343 1522 1383 illum
1542 1341 1745 1383 inflatum

277 1410 444 1464 passim
481 1414 523 1451 et
562 1407 776 1451 tumidum
812 1422 914 1450 esse
946 1409 1126 1458 factum,
1160 1409 1235 1449 ubi
1268 1409 1446 1462 grandis
1471 1412 1514 1450 et
1543 1409 1744 1451 sublimis

278 1477 417 1518 videri
437 1477 585 1527 vellet,
608 1490 706 1518 cum
728 1477 829 1530 ipsa
849 1476 1102 1517 ostentandi
1122 1477 1232 1517 ratio
1254 1477 1315 1517 ita
1335 1477 1392 1517 sit
1407 1479 1675 1530 comparata,
1696 1479 1746 1518 ut

279 1558 381 1599 quae
403 1546 448 1586 in
462 1545 606 1586 medio
627 1546 775 1598 posita
796 1549 893 1586 sunt
920 1550 1124 1594 transeat,
1147 1549 1191 1586 et
1209 1549 1400 1586 extrema
1417 1557 1590 1598 semper
1605 1548 1744 1585 secte-

279 1617 360 1654 tur.
422 1612 611 1662 Quando
633 1613 745 1653 enim
764 1613 855 1653 veri
874 1625 1029 1653 sensus
1051 1612 1218 1663 desunt,
1241 1612 1427 1666 ideoque
1453 1612 1562 1653 nihil
1581 1615 1661 1662 est,
1685 1610 1743 1652 ad

279 1680 398 1734 quod
416 1680 552 1721 verba
571 1682 614 1720 et
632 1678 840 1721 dictiones
860 1680 1022 1720 referas
1039 1694 1050 1731 3
1090 1680 1181 1721 fieri
1202 1693 1290 1722 non
1308 1684 1470 1734 potest,
1489 1680 1593 1734 quin
1613 1679 1743 1721 tumi-

278 1747 335 1788 da
354 1746 476 1797 fiant,
509 1760 608 1800 quae
631 1748 840 1787 sublimia
870 1748 1024 1797 velles,
1058 1748 1271 1802 improba,
1311 1761 1412 1802 quae
1445 1747 1664 1796 audentia,
1701 1750 1744 1788 et

274 1814 422 1865 nimia,
444 1827 544 1867 quae
563 1814 704 1868 plena.
768 1814 935 1855 Omnes
956 1820 1179 1869 praeterea,
1202 1816 1276 1869 qui
1291 1804 1482 1869 ingenio,
1506 1816 1575 1856 vel
1590 1818 1743 1855 natura

274 1882 346 1924 vel
387 1881 699 1923 consuetudine
738 1882 1088 1935 circumscripto,
1119 1886 1311 1933 utuntur,
1350 1886 1401 1923 ut
1430 1874 1572 1924 totum
1600 1884 1742 1922 mente

276 1949 524 2003 complecti,
559 1954 793 2002 partesque
828 1950 936 1990 inter
966 1963 1012 1990 se
1044 1950 1100 1990 ad
1129 1949 1477 1991 convenientiam
1509 1949 1646 1991 totius
1667 1961 1742 1990 ac-

275 2016 550 2058 commodate
584 2016 814 2069 disponere
836 2030 919 2057 non
949 2018 1134 2066 valeant,
1166 2018 1211 2057 in
1237 2017 1422 2070 singulis
1443 2016 1662 2065 membris,
1684 2015 1740 2056 iis

273 2084 531 2138 praesertim,
554 2097 654 2138 quae
670 2084 972 2137 amplissimas
992 2084 1308 2138 descriptiones
1323 2084 1566 2134 admittant,
1581 2096 1740 2125 ornan-

274 2150 344 2191 dis
375 2152 582 2204 occupati
615 2165 711 2191 esse
741 2152 898 2193 solent.
959 2151 1098 2205 Cujus
1125 2154 1187 2193 rei
1208 2152 1412 2204 exempla
1435 2164 1533 2191 cum
1553 2151 1741 2203 plurima

275 2218 392 2272 apud
410 2217 660 2258 recentioris
680 2219 888 2270 temporis
906 2217 1078 2270 poetas,
1101 2223 1194 2258 tum
1215 2219 1349 2258 etiam
1379 2217 1497 2272 apud
1525 2216 1740 2260 Nostrum

274 2287 533 2335 occurrunt3
567 2283 693 2331 adeo,
731 2287 779 2324 ut
811 2283 1023 2324 interdum
1057 2284 1284 2325 videantur
1304 2286 1391 2326 illis
1418 2284 1529 2326 locis
1547 2297 1637 2326 non
1658 2298 1740 2340 pro

272 2350 513 2391 luminibus
535 2363 632 2391 esse
653 2351 736 2399 usi,
760 2349 923 2403 quibus
938 2353 1075 2390 totum
1093 2350 1416 2404 distinguerent,
1440 2351 1519 2391 sed
1541 2352 1738 2393 carmina

273 2430 356 2459 sua
373 2418 617 2471 scripsisse,
644 2422 693 2459 ut
725 2417 800 2458 fila
820 2418 1042 2467 haberent,
1065 2418 1223 2472 quibus
1245 2419 1480 2471 gemmulas
1503 2419 1624 2468 istas,
1641 2421 1737 2460 ante

272 2489 554 2538 comparatas
593 2491 635 2526 et
667 2485 845 2538 politas,
899 2484 1050 2526 ordine
1091 2486 1219 2538 quasi
1262 2485 1576 2525 continuarent.
1638 2485 1736 2527 111ae

274 2550 589 2605 descriptiones
625 2553 755 2592 etiam
783 2552 866 2592 hoc
897 2551 1058 2593 habent
1078 2554 1321 2606 proprium,
1345 2552 1462 2605 quod
1485 2553 1627 2592 omnis
1647 2553 1736 2593 fere

274 2630 380 2659 cura
399 2625 627 2659 consumta
647 2623 716 2658 est
735 2619 778 2659 in
796 2619 991 2660 materiis
1019 2620 1383 2673 exquisitissimis
1405 2624 1447 2660 et
1467 2619 1736 2672 pretiosissi-

273 2685 357 2725 mis
389 2685 581 2739 undique
616 2686 888 2739 colligendis,
924 2688 1037 2727 ratio
1069 2692 1230 2736 autem,
1254 2700 1344 2740 qua
1366 2687 1614 2741 composita
1633 2689 1736 2728 sunt

275 2753 434 2803 omnia,
475 2754 543 2794 vel
578 2754 751 2794 omnino
783 2753 993 2795 interdum
1022 2754 1216 2807 neglecta
1243 2759 1325 2805 est,
1357 2755 1423 2797 vel
1462 2758 1550 2796 tam
1571 2754 1736 2796 insulse
