1852 3193
221 192 307 234 3:36
717 203 791 232 CL.
824 199 1105 232 CLAmnANl
1142 199 1194 229 x.

221 297 251 338 J
256 309 328 338 am
347 296 577 350 Princeps,
602 296 860 348 tardumque
883 293 1008 346 cupit
1030 293 1255 334 discedere
1273 293 1423 334 solem.

223 364 404 405 Nobilis
432 364 544 404 haud
566 364 692 404 aliter
713 363 905 415 sonipeS,
927 375 1055 415 quem
1078 362 1244 414 primus
1264 362 1425 402 amoris

223 433 474 473 Solicitavit
501 432 624 480 odor,
656 430 845 470 tumidus
864 430 1156 483 quatiensque
1179 429 1365 470 decoras
1600 430 1688 471 :290

219 499 420 540 Turbata
442 499 610 539 cervice
621 497 773 551 jubas,
798 497 1031 538 Pharsalia
1047 510 1148 537 rura

222 566 447 614 Pervolat,
468 570 510 606 et
531 569 658 605 notos
680 565 849 606 hinnitu
874 564 1048 616 flagitat
1070 577 1239 614 amnes,

223 631 419 673 Naribus
440 633 663 674 accensis:
697 632 857 672 mulcet
877 631 1087 672 foecunda
1107 632 1343 684 magistros

222 700 339 753 Spes
361 700 519 752 gregis,
540 702 581 740 et
597 699 782 753 pulchro
805 699 992 752 gaudent
1012 702 1204 740 armenta
1218 699 1396 739 marito.

280 766 509 808 Candidus
530 768 700 808 interea
720 767 880 820 positis
902 767 1127 806 exercitus
1150 767 1281 806 armis
1602 767 1689 808 :295

221 834 406 876 Exultat
425 847 627 876 socerum
650 835 794 885 circa3
827 848 907 874 ncc
930 834 1106 886 signifer
1127 834 1258 882 ullus,

222 907 320 949 Nec
350 908 475 948 miles
497 908 662 961 pluviae
684 908 816 948 flores
835 907 1081 960 dispergere
1105 908 1189 947 ritu

223 975 400 1024 Cessat,
423 987 733 1028 purpureoque
756 974 909 1014 ducem
931 973 1186 1026 perfundere
1202 974 1368 1015 nimbo.

219 1121 328 1142 currus
354 1115 537 1151 portaturus
566 1120 678 1141 nurum
696 1113 853 1140 sacratam
878 1110 1058 1149 profulget.
1103 1110 1278 1149 Imperator
1295 1110 1468 1140 Honorius
1485 1111 1572 1141 ardet
1585 1120 1689 1151 proce-

219 1156 290 1184 dere
315 1154 446 1191 obviam,
470 1157 500 1184 et
521 1154 640 1193 expetit
671 1153 772 1183 Solem
795 1154 966 1192 longiorem
991 1153 1088 1184 abire.
1135 1153 1188 1183 Ita
1214 1153 1350 1191 insignis
1373 1163 1478 1192 equus,
1503 1163 1592 1193 quem
1614 1156 1687 1184 odor

217 1197 336 1237 primus
355 1198 469 1227 amoris
488 1196 625 1236 impulit,
650 1195 878 1236 prcetrepidans
914 1199 944 1226 et
971 1195 1147 1226 concutiens
1169 1195 1264 1232 J'ubas
1277 1196 1434 1235 pulchras,
1453 1197 1529 1226 collo
1540 1197 1688 1235 undante,

217 1240 350 1270 cursitat
376 1249 433 1280 per
462 1249 554 1278 agros
595 1239 766 1277 Thessalos,
791 1249 826 1269 ac
862 1239 941 1278 petit
979 1238 1105 1269 hinnitu
1143 1247 1202 1268 suo
1229 1239 1348 1278 flur-ios
1385 1239 1535 1277 cognitos,
1564 1238 1690 1270 naribus

217 1282 446 1322 inflammatis;
488 1282 540 1312 liic
579 1291 684 1322 equus
722 1292 791 1321 spes
831 1282 988 1312 abundans
1026 1280 1135 1320 gregis
1173 1285 1294 1311 recreat
1335 1284 1484 1312 rectorem
1525 1281 1613 1321 ejus,
1657 1285 1688 1312 et

218 1328 360 1356 armenta
389 1326 536 1355 loetantur
572 1324 685 1354 marito
716 1325 893 1364 preestuntz'.
940 1324 1072 1354 Interim
1106 1324 1263 1354 exercitus
1287 1326 1425 1363 togatus,
1447 1325 1545 1354 armis
1570 1325 1690 1364 deposi-

219 1368 274 1406 tis,
307 1369 423 1407 gaudet
456 1377 550 1407 prope
586 1377 723 1397 socerum
766 1367 998 1405 Stilichonem,
1042 1376 1137 1406 neque
1175 1367 1255 1397 ullus
1287 1366 1455 1405 vexillifer,
1500 1376 1595 1407 neque
1641 1368 1689 1397 ul-

219 1411 271 1441 lus
309 1411 396 1441 miles
425 1410 540 1441 desinit
577 1420 724 1450 spargere
746 1409 844 1450 flores
876 1410 978 1441 instar
1007 1409 1165 1448 imbrium,
1190 1415 1220 1440 et
1248 1418 1411 1450 aspergere
1433 1411 1590 1441 ductorem
1621 1409 1687 1441 Sti-

834 1518 1070 1530 eeeeeeeeeeee

219 1594 326 1623 —288
351 1594 530 1631 tantumque
549 1592 661 1623 Oxou.
676 1601 742 1622 sec.
761 1602 803 1623 m.
821 1594 980 1631 pr.—289
1003 1591 1122 1630 priscus
1136 1591 1251 1622 amoris
1261 1591 1341 1622 Vat.
1359 1600 1412 1631 pr.
1426 1594 1461 1621 et
1478 1594 1558 1621 tert.
1575 1600 1617 1622 m.
1633 1600 1687 1631 pr.

218 1634 314 1665 Prie.
351 1635 457 1665 Oisel.
487 1635 638 1665 Florent.
675 1634 793 1674 primus
810 1635 861 1663 vel
876 1634 997 1673 priscus
1014 1635 1107 1665 Med.
1125 1643 1192 1664 sec.
1210 1635 1276 1664 inc.
1295 1634 1520 1664 Heius—291
1549 1632 1688 1663 Turbata

218 1678 336 1707 cervice
349 1677 433 1707 Exc.
450 1677 594 1708 Lucens.
617 1686 683 1707 sec.
701 1677 856 1716 apposito
875 1678 911 1713 —1-
932 1676 1040 1714 signo,
1057 1681 1094 1706 ut
1112 1676 1156 1705 ibi
1174 1685 1272 1706 crasa
1288 1676 1341 1705 vel
1359 1675 1566 1714 interpolata
1582 1675 1689 1706 fuerit

219 1724 318 1750 vetus
347 1720 460 1750 lectio.
501 1720 642 1750 Curi-ata
669 1729 784 1749 omnes
811 1719 906 1749 Vatt.
932 1718 1005 1749 Pal..
1031 1719 1122 1749 Prie.
1151 1719 1246 1748 Rott.
1268 1718 1374 1748 Oisel.
1409 1719 1562 1756 Curvatas
1586 1718 1687 1749 Farn.

222 1761 355 1793 Cn‘nata
379 1762 513 1792 Tliolos.
543 1762 728 1792 Pharsalica
759 1761 824 1791 duo
853 1762 948 1791 Vatt.
979 1761 1100 1791 Petav.
1117 1770 1167 1800 pr.
1185 1761 1268 1790 Exc.
1284 1760 1493 1791 Laeti.—292
1516 1764 1596 1791 totos
1612 1761 1688 1792 Pal.

217 1808 308 1844 atque
330 1814 422 1834 noros
446 1805 575 1834 Mazar.
610 1807 691 1834 totos
721 1805 774 1834 vel
802 1806 888 1833 notos
916 1803 1010 1833 Med.
1037 1813 1087 1842 pr.
1124 1803 1273 1833 Pervolat
1290 1803 1414 1833 hinnitu
1429 1806 1588 1842 conceptos
1602 1804 1686 1834 Exc.

220 1847 437 1878 Cod.Riien1.
475 1847 627 1887 efflagitat
657 1847 740 1876 Exc.
773 1846 868 1876 Laeti.
903 1855 1007 1875 amnes
1035 1846 1119 1876 Exc.
1146 1845 1289 1875 Lucens.
1307 1855 1357 1885 pr.
1392 1845 1490 1874 omnis
1505 1845 1558 1877 ed.
1571 1845 1685 1877 Vicet.

217 1889 306 1920 annis
320 1889 412 1920 Med.
429 1894 509 1919 tert.
544 1889 633 1927 ignes
649 1888 744 1919 Leid.
762 1898 812 1927 pr.
830 1898 872 1919 m.
890 1898 955 1918 sce.
986 1891 1022 1918 et
1046 1887 1165 1918 decem
1189 1886 1259 1925 alii,
1276 1887 1360 1918 Exc.
1376 1886 1506 1918 Schott.
1522 1888 1602 1918 Var,
1617 1888 1685 1920 LL.

218 1942 237 1961 e
256 1941 361 1972 marg.
380 1932 495 1962 Parni.
512 1931 564 1962 ed.
582 1932 687 1962 Gesn.
701 1936 735 1961 et
752 1931 888 1971 Bipont.
923 1940 1025 1960 amnes
1041 1931 1093 1960 vel
1107 1930 1196 1969 ignes
1211 1930 1290 1960 vat.
1305 1932 1522 1970 quarn—293
1546 1940 1687 1961 accensos

218 1974 336 2005 Petav.
355 1979 434 2005 tert.
472 1975 606 2004 accensis
620 1975 705 2005 Exc.
721 1974 864 2004 Lucens.
880 1983 930 2013 pr.
968 1983 1110 2004 accensus
1127 1972 1247 2012 viginti
1272 1972 1380 2003 Codd.
1397 1973 1481 2003 Exc.
1502 1972 1633 2004 Scliott.
1650 1978 1687 2004 et

218 2017 360 2048 Gevart.
384 2017 437 2048 ed.
468 2017 580 2047 Vicet.
612 2022 647 2047 et
678 2016 791 2047 Parm.
827 2016 960 2047 accensis
989 2017 1043 2046 vel
1072 2025 1216 2046 accensus
1245 2015 1339 2046 Med.
1361 2019 1440 2046 tert.
1458 2015 1543 2055 Reg.
1558 2016 1685 2048 Mazar.

218 2060 331 2091 Oxon.
345 2070 395 2100 pr.
427 2061 544 2098 mulget
560 2060 638 2091 vat.
665 2070 714 2099 pr.
738 2070 781 2090 m.
799 2069 848 2099 pr.
880 2060 1065 2097 magistrum
1083 2059 1146 2088 inc.
1161 2057 1282 2089 Heius.
1298 2058 1415 2088 Ambr.
1430 2067 1497 2088 sec.
1511 2057 1565 2089 ed.
1578 2058 1686 2090 Gesn.

218 2108 254 2133 et
268 2103 405 2142 Bipont.
442 2102 610 2141 magistros
625 2112 739 2133 omues
754 2103 849 2132 Vatt.
865 2101 938 2132 Pal.
956 2102 1054 2132 Farn.
1072 2101 1163 2131 Prie.
1182 2101 1276 2131 Rott.
1295 2101 1509 2132 mser—294
1533 2101 1685 2140 magistro

219 2154 280 2184 pro
307 2144 421 2175 marito
450 2145 543 2175 Med.
562 2154 629 2175 sec.
646 2155 688 2176 m.
707 2148 867 2184 p1·.-—296
889 2143 1201 2181 socer-mnjuoetwed.
1217 2144 1330 2175 Vicet.
1360 2144 1444 2174 circa
1463 2143 1602 2182 triginta
1617 2143 1686 2184 alii,

219 2187 304 2218 Exc.
321 2187 463 2217 Gevart.
480 2186 612 2217 Schott.
629 2192 665 2217 et
682 2188 824 2217 Lucens.
843 2197 892 2227 pr.
917 2188 1048 2217 Schott.
1076 2191 1111 2217 et
1136 2186 1281 2217 Lucens.
1298 2196 1347 2226 pr.
1364 2185 1486 2217 Sched.
1502 2185 1592 2216 Gud.
1605 2185 1684 2217 Ald.

217 2230 297 2260 Var.
312 2228 381 2260 LL.
398 2238 416 2259 e
441 2239 546 2268 marg.
560 2229 672 2259 Parni.
689 2230 772 2259 item
789 2229 842 2260 ed.
861 2229 963 2259 Antv.
993 2228 1129 2268 signifer
1144 2231 1226 2260 ultra
1243 2230 1325 2259 Exc.
1345 2229 1593 2259 Gemit—297
1617 2228 1686 2259 ritu.

218 2272 395 2312 dispergere
431 2271 531 2311 flores
569 2272 646 2301 Vat.
688 2281 755 2302 sec.
794 2272 885 2302 Prie.
929 2272 1042 2302 Ursin.
1082 2271 1165 2302 Cod.
1204 2272 1337 2302 ΤΙιοΙοε.
1376 2272 1451 2302 Pat.
1489 2272 1573 2301 Exc.
1614 2271 1684 2302 Ge-

218 2319 306 2346 vart.
353 2315 419 2344 ritu
451 2313 566 2353 pluviae
605 2313 672 2344 duo
700 2314 795 2344 Vatt.
826 2314 946 2344 Petav.
984 2324 1033 2353 pr.
1094 2313 1270 2354 diffundere
1299 2314 1379 2345 Jun.
1411 2323 1463 2354 pr.
1494 2314 1592 2354 flores
1629 2313 1683 2344 vel

217 2367 302 2388 rores
332 2358 416 2397 Reg.
444 2357 556 2387 Oxon.
585 2358 744 2396 pr.—298
781 2356 861 2386 diem
900 2355 1083 2396 perfundere
1114 2357 1190 2388 Pal.
1221 2357 1314 2388 Med.
1345 2366 1397 2397 pr.
1436 2357 1517 2387 Put.
1547 2356 1680 2387 Thuan.

881 2457 1019 2488 NOTAE

217 2534 364 2574 virgines
381 2534 565 2574 principes,
581 2543 655 2575 quae
672 2533 921 2574 quodammodo
1018 2535 1079 2563 291
1105 2530 1288 2570 Pharsalia]
1310 2529 1526 2561 Thessalica:
1541 2529 1681 2561 Thessa-

218 2594 324 2615 sacrae
341 2584 409 2614 dici
428 2589 579 2625 possunt,
597 2584 744 2616 transiit.
975 2583 1029 2614 liae
1042 2587 1155 2613 aulem
1174 2582 1251 2622 equi
1269 2581 1398 2622 optimi.

260 2637 324 2664 289
350 2634 446 2664 Haud
458 2635 549 2664 aliter
563 2633 697 2674 sonipes]
721 2634 786 2664 Vel
803 2643 843 2664 ex
860 2633 923 2664 hac
1020 2637 1082 2665 295
1111 2632 1285 2672 Candidus]
1322 2633 1384 2662 Vel
1415 2636 1552 2672 togatus
1580 2631 1684 2671 placi-

218 2685 472 2724 comparatione
494 2684 604 2715 disces
630 2693 836 2724 paganorum
853 2688 923 2714 tur·
977 2684 1121 2725 dasque,
1134 2683 1236 2713 armis
1263 2682 1451 2723 depositis:
1477 2682 1532 2713 vel
1559 2691 1682 2713 revera

217 2733 421 2774 pitudinem.
467 2734 567 2765 Hanc
583 2738 698 2765 tamen
721 2733 922 2776 comparati·
977 2734 1056 2766 alba
1071 2738 1166 2766 veste
1179 2732 1318 2766 indutus
1336 2732 1379 2764 ad
1395 2732 1615 2767 hilaritatem.

219 2793 318 2815 onem
332 2784 450 2816 laudat
466 2785 616 2827 Scaliger
630 2784 749 2818 Pater.
