1852 3193
253 201 338 243 454
701 213 776 242 cc.
810 209 1092 241 CLAUDIAM
1128 210 1257 241 xvii.

253 306 531 347 Nobiliorem
552 311 726 346 uterum
746 303 898 344 viridis
921 316 1042 344 coi-ru
1051 304 1115 357 pit
1135 305 1305 346 adulter
1323 318 1334 356 ;
1630 307 1718 353 305

254 373 320 413 Hi
342 373 527 414 maculis
549 376 693 425 patres
713 370 913 420 referunt,
945 375 987 411 et
1003 371 1157 412 robore
1178 376 1352 413 matres.

256 439 479 494 Quicquid
504 439 790 480 monstriferis
812 439 947 479 nutrit
966 438 1164 480 Gaetulia
1183 441 1370 494 campis,

250 507 416 561 Alpina
438 507 647 560 quicquid
669 507 822 561 tegitur
840 507 954 556 nive,
978 507 1156 548 Gallica
1178 509 1390 562 quicquid

253 575 388 628 Sylva
411 575 552 624 timet,
569 575 737 628 jaceat.
797 575 940 629 Largo
963 575 1148 616 ditescat
1168 590 1300 617 arena

248 641 485 694 Sanguine,
508 647 775 683 consumant
792 646 905 684 totos
929 645 1191 696 spectacula
1210 649 1397 686 montes.
1629 647 1715 688 310

247 708 349 750 Nec
372 709 527 749 molles
550 715 704 763 egeant
720 715 825 752 nota
847 710 1078 752 dulcedine
1097 712 1204 753 lucii.

248 775 337 827 Qui
353 777 468 818 laetis
490 777 623 819 risum
651 779 822 820 salibus
843 780 1038 820 movisse
1059 781 1250 831 facetus,

248 843 335 895 Qui
357 849 462 886 nutu
484 847 772 899 manibusque
794 848 989 900 loquax3
1023 849 1095 888 cui
1118 850 1225 889 tibia
1247 849 1371 898 flatu,

244 911 327 953 Cui
349 914 518 966 plectro
541 914 753 967 pulsanda
773 915 920 968 chelys
939 930 949 966 3
983 916 1057 968 qui
1079 917 1253 968 pulpita
1272 929 1406 957 socco

244 979 473 1030 Personat,
496 985 571 1021 aut
592 982 675 1022 alte
693 982 887 1033 graditur
907 984 1072 1037 majore
1095 983 1305 1024 cothurno
1327 999 1338 1035 ;
1625 985 1713 1028 315

239 1093 320 1120 trem
342 1090 448 1121 leoenoe
470 1092 693 1130 generosioris:
715 1092 749 1122 hi
776 1093 874 1133 pardi
901 1095 1036 1124 reddunt
1057 1096 1162 1133 patres
1186 1093 1278 1132 noeis,
1306 1096 1336 1124 et
1363 1096 1478 1124 matres
1494 1094 1701 1131 fortitudine.

242 1132 398 1173 Quicquid
419 1133 558 1164 Gaetulz'a
573 1135 630 1165 alit
649 1135 681 1165 in
708 1136 798 1174 agris
813 1136 1032 1174 monstriferis,
1054 1137 1198 1177 quicquid
1227 1137 1305 1166 latet
1333 1137 1395 1167 sub
1421 1137 1542 1168 niz-ibus
1565 1138 1708 1178 Alpium,

237 1175 382 1216 quicquid
397 1176 522 1208 Gallica
534 1178 620 1218 sylm
636 1178 761 1217 metuit,
774 1179 945 1210 occidatur.
994 1180 1105 1211 Circus
1119 1180 1252 1210 abundet
1266 1189 1373 1210 cruore
1384 1180 1516 1219 copioso.
1561 1180 1645 1211 Ludi
1657 1181 1710 1211 ab·

235 1222 359 1249 sumant
378 1218 504 1250 bestias
522 1221 671 1251 montium
685 1222 830 1252 omnium.
860 1223 967 1263 Neque
984 1232 1064 1254 vero
1081 1223 1147 1253 ludi
1169 1222 1301 1260 Jucundi
1313 1222 1479 1262 priventur
1492 1223 1648 1254 suavitate
1663 1233 1709 1253 so-

236 1261 306 1292 lita.
351 1260 464 1301 Adsit,
479 1263 531 1302 qui
547 1263 681 1294 urbanus
696 1270 747 1295 est
761 1266 901 1296 excitare
916 1266 1011 1296 risum
1028 1266 1121 1296 dictis
1137 1265 1263 1304 jocosis,
1283 1266 1335 1305 qui
1361 1266 1473 1306 loquax
1499 1271 1552 1296 est
1573 1270 1650 1297 nutu
1677 1270 1709 1297 et

236 1304 368 1342 digium
390 1305 440 1335 cui
456 1306 534 1336 tibia
551 1307 731 1338 animanda
748 1313 800 1338 est
814 1308 941 1348 spiritu,
965 1309 1014 1339 cui
1031 1310 1186 1348 tangenda
1200 1313 1253 1339 est
1272 1308 1395 1338 cithara
1415 1309 1547 1348 pectine,
1561 1309 1615 1349 qui
1628 1319 1708 1340 reso-

235 1350 289 1377 nat
323 1356 384 1388 per
399 1348 535 1388 theatra,
556 1359 668 1388 gerens
682 1360 813 1391 soccum,
825 1355 879 1382 aut
897 1352 1013 1383 incedit
1030 1353 1148 1383 excelse
1164 1351 1313 1382 cothurno
1327 1351 1450 1392 altiore,
1473 1352 1521 1383 tel
1535 1352 1587 1393 qui
1600 1352 1708 1393 impel-

855 1448 1090 1460 eeeeeeeeeee

234 1518 304 1538 cnm
313 1508 399 1546 forte
416 1511 497 1541 Put.
515 1512 612 1543 leonis
627 1512 812 1545 Pat.—305
837 1516 1006 1556 corrumpit
1023 1515 1090 1546 duo
1106 1516 1205 1546 Vatt.
1222 1514 1312 1545 Pric.
1339 1513 1433 1544 Med.
1451 1523 1519 1544 sec.
1537 1513 1617 1544 Put.
1639 1513 1707 1544 Bo·

233 1560 312 1582 non.
331 1552 448 1584 Ambr.
465 1563 515 1593 pr.
530 1554 642 1586 Oxou.
658 1560 837 1588 sem—306
860 1559 987 1589 maculis
1015 1561 1121 1599 patres
1143 1558 1263 1588 Petav.
1288 1567 1338 1597 pr.
1361 1560 1466 1596 patres
1491 1556 1618 1587 maculis
1634 1562 1706 1588 tres

235 1594 334 1624 Vatt.
359 1596 500 1633 referant
515 1601 622 1636 patres
635 1599 761 1630 Moret.
779 1610 846 1631 sec.
862 1600 987 1638 fratres
1002 1602 1132 1632 Bonon.
1150 1600 1289 1638 referant
1306 1601 1386 1630 Vat.
1405 1609 1457 1639 pr.
1480 1599 1573 1630 Med.
1591 1604 1705 1640 quart.

234 1635 316 1666 Vat.
334 1637 444 1669 Livin.
475 1639 722 1678 Qui—reserant
740 1643 949 1682 conjiciebat
977 1644 1207 1674 Heins.—307
1231 1642 1442 1680 monstriferis
1457 1643 1537 1672 Var.
1561 1643 1628 1673 LL.
1647 1642 1704 1674 ed.

233 1677 340 1710 Antv.
363 1680 540 1718 montiferis
555 1682 649 1712 Med.
669 1688 748 1714 tert.
777 1694 820 1713 m.
848 1695 916 1716 sec.
941 1686 1042 1716 mittit
1060 1687 1112 1715 vel
1128 1687 1230 1716 nutrit
1249 1686 1362 1715 Oxou.
1380 1688 1559 1715 sem—308
1582 1685 1705 1723 tegitur

232 1721 378 1762 quidquid
394 1722 485 1754 Prie.
504 1724 585 1754 Lov.
609 1726 636 1755 si
653 1726 725 1765 quid
741 1726 862 1765 tegitur
879 1727 958 1758 Jun.
975 1737 1026 1768 pr.
1045 1727 1139 1758 Med.
1165 1736 1229 1757 sec.
1254 1728 1377 1765 regitur
1394 1727 1514 1757 Petav.
1537 1736 1605 1766 sec.
1626 1728 1703 1757 Gat-

232 1764 293 1794 lica
307 1765 333 1794 si
350 1765 424 1804 quid
452 1766 546 1796 Leid.
563 1777 614 1806 pr.
631 1768 711 1799 Jnn.
729 1778 779 1807 pr.
797 1778 913 1799 omnes
930 1771 1026 1800 Vatt.
1043 1770 1111 1800 duo
1130 1770 1242 1800 Oxou.
1260 1770 1335 1800 Pal.
1363 1769 1457 1799 Rott.
1484 1769 1590 1800 Oisel.
1619 1770 1701 1801 vat.

234 1806 455 1838 Livia—309
478 1808 567 1839 timet
582 1810 660 1839 Vat.
679 1810 789 1841 Livin.
815 1814 897 1841 tenet
914 1811 980 1842 duo
998 1813 1093 1842 Vatt.
1112 1812 1213 1842 Farn.
1232 1812 1325 1841 Med.
1346 1817 1458 1850 quart.
1478 1813 1562 1851 Reg.
1581 1822 1623 1844 m.
1649 1822 1702 1853 pr.

232 1848 353 1880 Ambr.
366 1859 418 1890 pr.
432 1851 559 1881 Moret.
572 1861 642 1882 sec.
660 1852 740 1882 Ald.
758 1853 843 1884 Exc.
869 1854 1011 1885 Gevart.
1031 1856 1174 1885 Lucens.
1200 1863 1267 1884 sec.
1293 1857 1374 1884 tenet
1393 1855 1445 1884 vel
1462 1854 1552 1884 timet
1567 1855 1700 1887 '1¹huan.

230 1891 354 1922 Petav.
367 1902 416 1932 pr.
440 1894 532 1932 longa
549 1895 692 1925 durescat
708 1896 790 1926 Var.
807 1896 875 1927 LL.
893 1897 945 1928 ed.
964 1897 1069 1928 Antv.
1093 1898 1232 1928 discedat
1247 1897 1326 1929 Jun.
1347 1906 1396 1936 pr.
1420 1897 1568 1928 distentet
1585 1897 1701 1929 Oxon.

230 1944 300 1965 sec.
318 1945 362 1965 m.
376 1945 443 1966 sec.
466 1946 576 1967 arenas
589 1937 670 1969 Jun.
685 1948 735 1978 pr.
753 1949 877 1969 arenam
895 1941 975 1971 Vat.
989 1941 1209 1981 quint.—310
1232 1943 1410 1970 consument
1423 1939 1477 1970 ed.
1503 1940 1614 1971 vicet.
1630 1951 1701 1972 con—

229 1981 354 2008 sumant
369 1978 520 2010 Florem.
538 1987 685 2020 quatuor
702 1981 796 2013 Med.
813 1988 880 2013 tres
898 1983 1018 2014 Petav.
1045 1983 1190 2015 totidem
1217 1982 1242 2012 A
1251 1983 1333 2013 mbr.
1361 1983 1443 2013 Put.
1463 1983 1546 2023 Reg.
1563 1984 1697 2014 Thuan.

228 2021 361 2052 Bonon.
376 2022 451 2053 Pat.
465 2023 601 2054 Tnolos.
618 2025 699 2055 Lov.
724 2025 822 2055 ambo
846 2026 970 2058 Moret.
990 2027 1069 2057 Vat.
1100 2026 1207 2057 Livin.
1226 2026 1290 2057 inc.
1310 2025 1430 2056 Heius.
1453 2025 1536 2057 Exc.
1565 2026 1698 2059 Schott.

229 2068 266 2094 et
282 2063 530 2096 (ἔρωτι-311
560 2068 608 2097 Ne
623 2068 725 2097 molles
744 2069 822 2099 Pnt.
848 2069 974 2099 Mazar.
999 2074 1071 2101 nota
1086 2070 1246 2100 dulcedine
1267 2070 1332 2109 leg.
1357 2069 1585 2100 Heius—312
1609 2070 1698 2100 laetus

229 2105 312 2136 vat.
331 2106 518 2147 pr.s‹1tetur
535 2119 596 2148 pro
617 2109 742 2147 facetus
757 2110 822 2141 duo
849 2112 946 2143 Vatt.
976 2113 1068 2143 Prie.
1096 2122 1139 2142 m.
1165 2122 1233 2142 sec.
1261 2111 1354 2142 Med.
1372 2114 1590 2153 quai·t.-—3l3
1617 2112 1697 2147 Quae.

230 2148 328 2179 Rott.
351 2150 437 2180 nicta
454 2152 533 2182 Vat.
562 2152 673 2183 Livin.
698 2153 985 2195 manibusnataque
1013 2157 1140 2186 Mon-et.
1169 2164 1235 2185 sec.
1260 2155 1457 2194 manibusque
1472 2155 1584 2195 loquax
1600 2156 1696 2187 Med.

228 2195 317 2234 tert-q
338 2192 499 2223 Heinsius
524 2195 734 2234 ascripserat
760 2198 869 2227 iocum
900 2198 1054 2229 Petronii
1082 2199 1115 2229 in
1144 2198 1369 2238 Fragmentie,
1392 2199 1400 2214 ‘
1420 2198 1526 2228 Manu
1547 2207 1632 2238 puer
1647 2198 1696 2228 lo·

230 2234 330 2274 quaci
367 2235 509 2266 Tinctus
550 2237 664 2267 colore
692 2239 827 2274 noctis)
875 2251 975 2279 sagax
1013 2243 1078 2272 inc.
1116 2241 1344 2272 Heium—3114
1376 2240 1503 2280 plectris
1542 2245 1577 2272 et
1615 2250 1693 2271 mox

231 2285 320 2307 succo
338 2277 420 2309 Var.
436 2279 503 2309 LL.
518 2279 572 2310 ed.
586 2279 691 2311 Antv.
715 2281 766 2321 qai
783 2283 834 2312 vcl
850 2284 900 2313 cai
915 2284 1009 2316 Med.
1027 2286 1213 2315 tem—315
1242 2284 1388 2314 Personet
1405 2284 1482 2314 Vat.
1499 2293 1551 2324 pr.
1565 2292 1608 2314 m.
1625 2293 1694 2315 sec.

897 2380 927 2410 N
934 2380 1035 2411 OTAE

273 2462 336 2490 305
380 2460 514 2501 Viridis]
559 2462 600 2493 In
626 2462 739 2503 pardis
770 2464 930 2496 videntur
985 2467 1112 2497 latione
1131 2466 1232 2497 animi
1250 2476 1347 2497 sensa
1371 2468 1622 2505 expromentes,
1649 2465 1693 2496 ri—

227 2510 383 2552 quaedam
400 2513 555 2551 maculae,
574 2514 666 2544 velut
683 2514 858 2546 viriditate
875 2526 930 2547 no-
985 2528 1056 2547 sum
1076 2522 1246 2548 moveant.

227 2561 357 2592 tabiles-
1027 2570 1089 2597 314
1114 2566 1224 2605 Socco]
1260 2566 1535 2597 Calceamenunn
1562 2570 1614 2596 est
1629 2565 1691 2597 Co-

259 2614 333 2644 ,307
362 2613 516 2653 Gaetalia]
541 2614 651 2655 Regio
667 2615 795 2648 Africae
823 2618 927 2649 leoni·
983 2618 1159 2656 micorum,
1191 2617 1280 2648 sicut
1306 2617 1491 2647 cothurnus
1526 2617 1690 2657 Tragico-

225 2662 286 2693 bus
303 2662 444 2694 famosa.
983 2679 1067 2700 runi.
1090 2668 1159 2699 Sed
1178 2678 1298 2699 soccus
1325 2668 1459 2708 ponitur
1477 2677 1538 2709 pro
1556 2668 1690 2699 Conioe·

267 2715 330 2743 312
355 2714 418 2749 Quz·
433 2714 563 2757 salibus]
599 2717 697 2748 Mimi
723 2718 821 2750 dictis
836 2730 927 2751 scur-
982 2720 1048 2761 dia,
1065 2726 1100 2752 et
1124 2720 1309 2751 cothurnus
1328 2729 1388 2760 pro
1401 2719 1602 2760 Tragoedia:
1620 2719 1689 2761 sig-

224 2763 340 2796 rilibus
356 2771 503 2805 utentes,
530 2772 587 2800 aut
604 2779 762 2803 manuum
779 2773 926 2813 gesticu-
981 2782 1060 2804 num
1076 2781 1139 2813 pro
1156 2781 1191 2803 re
1208 2771 1351 2811 signata.
