1852 3193
177 224 262 264 250

180 329 370 370 Moturae
395 341 595 370 convexa
617 340 771 368 comae.

640 233 715 263 GL.
749 229 1029 262 CLAUDIAM
1068 227 1173 256 vm.

833 324 944 364 Tum
969 322 1168 362 scindere
1200 323 1342 364 nubes

180 398 404 446 Discebat,
427 397 675 448 fulmenque
697 392 792 433 rudi
821 394 1018 442 torquere
1041 390 1215 430 lacerto.

181 465 340 506 Laetior
362 465 546 516 augurio
568 462 750 515 genitor,
774 459 976 510 natisque
1001 458 1219 510 superbus

178 532 206 573 J
211 546 280 573 am
303 533 498 586 paribus,
522 530 689 583 duplici
712 528 849 568 fultus
872 531 1075 566 consorte
1096 524 1280 574 redibat,

181 599 536 653 Splendebatque
557 598 632 650 pio
654 595 913 648 complexus
935 593 1122 646 pignora
1143 605 1284 633 curru,

181 665 317 706 Haud
339 666 459 706 aliter
479 676 651 704 summo
672 661 831 715 gemini
853 674 950 701 cum
973 664 1096 713 patre
1120 660 1337 709 Lacones,

181 733 418 784 Progenies
441 732 617 780 Ledaea,
640 729 813 771 sedent:
845 729 887 768 in
915 732 1093 780 utroque
1114 728 1305 767 relucent

183 799 348 848 Frater,
372 804 555 852 utroque
576 811 710 839 soror.

184 867 354 908 Stellati
375 868 541 920 pariter
563 866 719 906 crines.

773 796 912 837 Simili
935 795 1131 847 chlamys
1152 793 1290 834 effluit
1310 806 1418 834 auro
1440 807 1449 834 ε

777 864 917 905 Juvat
938 863 1034 916 ipse
1056 862 1303 903 Tonantem

182 969 241 989 non
256 961 355 990 adhuc
371 959 625 1000 diffundebantur
647 969 704 999 per
719 959 885 989 cervicem:
908 961 981 988 tunc
997 956 1149 987 ediscebat
1176 965 1318 996 rumpere
1333 955 1465 992 nimbos,
1481 958 1511 986 et
1528 955 1652 986 vibrare

174 1001 296 1039 fulmen
322 1012 415 1032 manu
445 1002 619 1041 inexperta.
668 1002 765 1030 Pater
787 999 993 1030 Theodosius
1018 999 1150 1029 hilarior
1180 999 1243 1028 hoe
1270 999 1438 1038 praesagio,
1462 1001 1491 1028 et
1513 998 1653 1038 glorians

173 1044 334 1085 filiisjam
360 1043 540 1083 oequalibus,
559 1043 665 1080 fretus
678 1042 803 1081 gemino
819 1042 898 1072 socio
917 1041 1057 1080 Imperii
1076 1040 1300 1077 revertebatur,
1316 1051 1352 1070 ac
1361 1040 1508 1079 fulgebat
1524 1042 1653 1081 amplec-

181 1087 346 1126 tensfilz'os
363 1087 395 1115 in
412 1095 516 1121 curru,
530 1086 601 1124 pius
618 1085 701 1124 ipse.
748 1084 802 1114 Sic
817 1084 956 1113 Lacones
969 1082 1109 1120 gemelli,
1124 1082 1218 1111 Ledoe
1224 1082 1292 1123 filii
1308 1083 1467 1113 considunt
1483 1093 1551 1114 cum
1563 1087 1654 1124 patre

179 1138 322 1168 supremo
336 1128 434 1160 Jove.
483 1127 521 1157 In
534 1127 688 1164 ambobus,
701 1127 818 1164 species
826 1125 975 1162 fraterna
990 1124 1138 1161 relulget,
1155 1124 1188 1154 in
1203 1124 1348 1154 ambobus
1364 1125 1497 1164 species
1524 1127 1653 1156 sororia.

187 1171 334 1211 Clilamys
347 1179 461 1201 eorum
476 1174 638 1201 contexta
652 1178 727 1199 auro
744 1169 816 1209 pari
829 1166 1040 1208 d1ff'unditur:
1056 1167 1162 1206 capilli
1178 1171 1255 1197 sunt
1278 1166 1427 1197 similiter
1443 1168 1546 1198 aurei:
1569 1178 1655 1199 error

804 1251 1040 1264 eeeeeeeeeeee

185 1309 249 1339 haec
266 1309 582 1349 Vat.qua1·t.—-201
608 1308 747 1338 Maturoe
763 1308 842 1338 Vat.
872 1311 950 1338 tert.
979 1307 1076 1338 Rott.
1103 1306 1196 1338 Jubae
1214 1306 1294 1337 Pnt.
1323 1306 1401 1337 Pat.
1426 1316 1494 1337 cum
1520 1305 1659 1336 scindere

186 1351 302 1381 Ambr.
321 1360 369 1390 pr.
386 1351 466 1382 Juu.
498 1355 534 1380 et
555 1350 680 1380 Moret.
710 1360 759 1389 pr.
787 1354 860 1380 tunc
877 1350 990 1381 Oxou.
1009 1349 1104 1381 Leid.
1121 1355 1155 1380 et
1180 1349 1544 1389 alii.—202flumenque
1562 1348 1655 1379 Leia.

186 1396 343 1433 piu—203
368 1392 512 1431 auguriis
537 1392 632 1423 Med.
661 1397 741 1423 tert.
771 1393 904 1431 augurio
933 1393 985 1423 vel
1023 1396 1155 1431 augusto
1184 1393 1308 1423 Petav.
1340 1394 1528 1423 terh—204
1554 1391 1659 1430 saltus

187 1436 294 1476 diplici
311 1436 437 1466 Mazar.
446 1434 553 1471 fastus
572 1436 666 1466 Rott.
682 1445 750 1465 cum
764 1440 847 1466 sorte
860 1436 941 1466 Vat.
970 1445 1020 1475 pr.
1037 1435 1131 1466 Med.
1149 1440 1227 1465 tert.
1243 1435 1478 1465 'stiuam—205
1502 1443 1557 1464 suo
1577 1434 1652 1464 Put.

188 1479 374 1509 Pan—2013
385 1478 504 1517 gemini
520 1488 635 1508 summo
647 1478 725 1509 Vat.
744 1482 823 1509 tert.
842 1479 936 1509 Rott.
953 1479 1056 1508 Oisel.
1073 1477 1314 1509 Tholos.——207
1339 1479 1462 1508 sedent.-
1485 1477 1518 1508 in
1534 1479 1660 1516 utroque

187 1521 315 1552 Moret.
345 1521 457 1559 ambo,
486 1519 563 1552 Ald.
591 1525 627 1552 et
655 1521 738 1551 Exc.
764 1521 904 1552 Gevart.
930 1520 972 1551 ad
1005 1521 1137 1552 Schotti
1167 1522 1249 1552 Exc.
1277 1520 1426 1551 Gronov.
1450 1519 1660 1559 ascripserat

188 1565 297 1594 locum
329 1563 481 1594 Martial.
514 1564 570 1594 lib.
603 1571 652 1594 tx.
686 1563 804 1603 Epigr.
833 1567 905 1595 103.
936 1567 1103 1604 neutroque
1142 1564 1226 1594 Exn.
1259 1563 1341 1594 Cod.
1371 1563 1492 1594 Rheni.
1532 1565 1660 1601 uterque

190 1606 282 1637 Med.
310 1611 420 1647 quart.
447 1607 601 1637 sedentem
631 1608 757 1646 utroque
789 1606 840 1637 ed.
871 1607 1027 1637 Pulman.
1056 1606 1144 1636 unde
1165 1607 1325 1637 Bai-thius
1343 1616 1393 1646 pr.
1411 1606 1463 1636 ed.
1489 1605 1659 1635 sedentum.

190 1649 304 1679 relucet
327 1654 490 1688 .quatnor
521 1649 600 1680 Vat.
631 1648 707 1679 Pal.
743 1649 846 1679 Farn.
871 1649 964 1680 Prie.
1008 1651 1144 1679 relucent
1174 1653 1306 1688 septem
1349 1649 1525 1678 alit—208
1562 1647 1661 1677 simili

191 1691 284 1721 Med.
315 1696 395 1722 tert.
423 1692 507 1731 Reg.
534 1692 661 1722 Moret.
694 1701 744 1731 pr.
773 1691 869 1722 Leid.
898 1702 947 1732 pr.
979 1691 1046 1722 dno
1064 1691 1174 1721 Oxou.
1202 1692 1284 1721 Exc.
1304 1691 1447 1721 Lneeus.
1465 1689 1663 1720 see.similis

188 1743 308 1764 novem
324 1734 389 1765 alii.
401 1733 514 1764 similis
530 1735 583 1764 vel
599 1734 695 1764 simili
715 1734 842 1765 Mazar.
858 1734 891 1764 in
904 1735 1026 1765 Petav.
1041 1743 1090 1774 pr.
1105 1738 1179 1764 erat
1196 1734 1317 1773 glossa.
1329 1733 1433 1763 Stat.‘
1449 1732 1549 1763 simili
1564 1741 1661 1763 coma

190 1775 342 1816 fulgurat
364 1776 477 1808 astro!
494 1776 629 1817 chlamys
656 1776 747 1807 Prie.
763 1777 879 1807 clamor
894 1778 973 1807 Vat.
1000 1786 1049 1817 pr.
1075 1777 1178 1817 affluit
1206 1777 1288 1807 Exc.
1303 1776 1401 1806 Voss.
1426 1776 1519 1806 Prie.
1532 1775 1661 1805 Tlinan.

193 1818 248 1850 ed.
267 1820 489 1850 vicen—209
512 1819 627 1849 crinem
654 1819 737 1859 legit
766 1819 995 1850 Heins.—2ll
1025 1820 1145 1849 Eurota
1172 1819 1267 1849 Med.
1299 1828 1353 1858 pr.
1382 1818 1509 1858 proprio
1540 1818 1661 1847 alumno

852 1893 996 1926 NOTAE

235 1959 295 1987 201
312 1957 447 1986 Matura>
459 1967 593 1988 convexa
605 1959 711 1998 coma‘]
733 1957 898 1989 Ovidius:
955 1958 988 1988 in
1026 1957 1172 1988 liberos:
1215 1956 1263 1987 sic
1292 1956 1419 1987 dicitur
1446 1955 1519 1996 pius
1544 1964 1665 1993 currus,

190 2007 198 2022 ‘
215 2006 418 2037 Terribilem
444 2007 569 2046 capitis
591 2009 763 2039 concussit
779 2013 901 2049 terque

192 2060 384 2098 quaterque
414 2057 611 2097 Caesariem,
633 2068 709 2089 cnm
741 2069 808 2101 qua
834 2063 902 2090 ter-

193 2117 279 2146 ram,
296 2117 402 2146 mare,
420 2107 531 2139 sidera
547 2108 677 2139 movit.'

237 2160 301 2189 202
326 2158 490 2197 Discebat]
529 2160 589 2189 Dii
616 2160 648 2189 in
674 2160 822 2200 pueritia
838 2160 904 2191 dis-

195 2207 318 2238 cebant
336 2217 410 2248 quae
436 2208 469 2237 iu
497 2208 569 2238 aliis
599 2210 762 2241 aetatibus
789 2214 905 2241 essent

198 2257 336 2288 facturi.

239 2310 301 2338 203
342 2307 461 2337 Lcetior
490 2306 639 2346 augurio]
694 2308 903 2339 Theodosius

199 2358 349 2398 gaudens
376 2368 410 2388 se
439 2358 571 2398 vidisse,
588 2363 622 2388 et
643 2359 789 2397 stellam,
805 2363 840 2390 et
857 2360 904 2399 ig-

197 2420 273 2441 nem
291 2410 514 2447 lambentem,
541 2409 598 2450 qui
626 2409 789 2440 innocuus
813 2409 903 2440 illus-

200 2461 315 2492 trabat
332 2466 438 2501 caput
454 2460 610 2491 Honorii.

241 2513 304 2541 204
330 2510 481 2552 Par-ibus]
509 2510 648 2541 Honore
665 2509 904 2550 Imperatoriae

202 2561 392 2601 dignitatis.

244 2610 372 2650 Futtus]
412 2610 486 2640 Filii
514 2614 591 2641 sunt
620 2615 799 2651 parentum
816 2620 905 2651 spes,

202 2663 237 2691 et
253 2660 420 2704 columen.

244 2713 306 2741 205
333 2711 391 2741 Pio
417 2710 526 2750 curru]
551 2711 792 2751 Complecteus
808 2720 909 2741 curru

203 2758 297 2799 filios,
315 2771 379 2802 qua
400 2761 437 2792 in
462 2771 497 2792 re
515 2761 718 2794 ostendebat
744 2761 910 2802 pietatem

956 2008 1035 2049 quia
1052 2007 1144 2047 pium
1162 2005 1363 2046 Principem
1379 2006 1543 2037 continet.

999 2062 1063 2090 206
1082 2059 1209 2089 Gemini
1228 2057 1375 2097 Lacones]
1400 2057 1524 2088 Castor
1537 2061 1573 2087 et
1586 2056 1666 2087 Pol-

958 2110 1029 2149 lux,
1056 2119 1198 2150 quorum
1230 2108 1283 2139 hic
1309 2108 1407 2140 Jovis
1445 2106 1546 2146 filins,
1576 2106 1664 2137 alter

957 2160 1121 2200 Tyndari,
1139 2159 1236 2190 ambo
1257 2158 1374 2198 Ledae,
1405 2157 1502 2189 ambo
1520 2166 1539 2187 e
1556 2157 1664 2188 Laco-

958 2214 1016 2244 nia
1033 2213 1178 2244 Graeciae
1197 2210 1336 2250 regione
1353 2208 1499 2240 oriundi.

1002 2266 1064 2293 208
1089 2262 1218 2301 Frater]
1257 2260 1299 2290 In
1317 2264 1461 2299 utroque
1479 2257 1563 2288 satis
1587 2266 1665 2296 cog-

959 2312 1111 2342 noscitur
1132 2320 1189 2341 eos
1216 2319 1289 2340 esse
1311 2307 1448 2348 fratres,
1478 2312 1513 2338 et
1541 2307 1666 2338 similes

959 2361 1064 2392 sorori
1083 2360 1240 2391 Helenae.

1003 2412 1151 2451 Chlamys
1166 2408 1279 2452 effluit]
1317 2408 1474 2448 Chlamys
1501 2409 1665 2438 contexta

959 2472 1055 2500 auro,
1071 2471 1130 2492 seu
1152 2461 1217 2490 fiiis
1231 2459 1354 2498 aureis,
1366 2457 1475 2488 effluit
1489 2467 1529 2488 ac
1545 2455 1666 2487 diffun-

960 2513 1052 2543 ditur
1071 2511 1180 2542 ventis
1195 2509 1417 2550 agitantibus.

1004 2564 1067 2593 209
1090 2560 1219 2592 Stellati
1240 2559 1356 2599 crines]
1379 2557 1486 2596 Flavi,
1501 2557 1608 2596 aurei,
1621 2556 1668 2587 in-

961 2617 1033 2643 star
1048 2611 1234 2642 stellarum.
1281 2608 1415 2640 Alludit
1445 2608 1488 2639 ad
1515 2607 1667 2638 fabulam

965 2662 1253 2702 Argonautarum,
1282 2660 1402 2701 quibus
1429 2658 1669 2699 navigantibus

967 2712 1112 2753 singulae
1137 2711 1246 2742 stellae
1274 2711 1307 2741 in
1335 2710 1505 2751 capitibus
1519 2709 1669 2741 Castoris

965 2768 1001 2795 et
1017 2762 1167 2794 Pollucis
1182 2759 1395 2793 effulserunt.
