1852 3193
194 180 280 221 5376
667 190 742 219 cn.
775 185 1056 218 CLAUDIANI
1092 186 1177 215 xv.

195 285 381 327 Accitus
404 287 590 327 conviva
610 286 737 339 perit.
799 283 926 323 Mors
947 282 1072 322 nulla
1091 282 1250 335 refugit

194 353 444 395 Artificem:
477 354 623 394 varios
644 364 803 392 succos
826 362 1098 403 spumasque
1117 349 1302 403 requirit

195 421 453 475 Serpentum
470 421 647 468 virides,
671 423 714 460 et
735 418 880 459 adhuc
901 418 1050 470 ignota
1069 419 1271 458 novercis

195 488 417 530 Gramina.
481 488 527 528 Si
551 488 786 541 quisquam
806 486 933 526 vultu
953 486 1194 538 praesentia
1214 486 1404 533 damnet,

194 556 454 597 Liberiusve
476 559 632 609 gemat,
657 555 850 609 (lapibus
871 554 1058 595 crudelis
1080 554 1124 594 in
1144 555 1255 607 ipsis

194 621 370 664 Emicat
391 624 447 663 ad
469 627 620 663 nutum
642 623 794 663 stricto
814 635 1022 662 mucrone
1043 622 1254 662 minister.

195 690 338 731 Fixus
359 692 546 745 quisque
568 694 661 732 toro
681 691 817 732 tacita
836 690 1067 731 formidine
1087 689 1198 731 libat

197 757 440 800 Carnifices
461 760 634 813 epulas,
656 759 907 812 incertaque
925 758 1090 812 pocula
1110 757 1284 811 pallens

195 826 370 876 Haurit,
392 832 433 868 et
452 828 640 868 intentos
662 827 801 881 capiti
823 826 1123 880 circumspicit
1142 839 1282 867 enseS.

196 895 412 949 Splendet
433 895 641 936 Tartareo
658 894 829 935 furialis
850 906 1002 934 mensa
1023 897 1192 947 param,
1577 891 1660 932 180

195 1025 302 1055 genus
318 1017 393 1045 latet
410 1016 599 1046 inventorem
621 1016 760 1047 sceleris
790 1015 972 1047 Gildonem
988 1026 995 1046 :
1019 1015 1157 1053 vestigat
1172 1015 1306 1054 liquores
1321 1014 1469 1052 diversos,
1492 1016 1522 1044 et
1536 1023 1660 1054 spumas

193 1059 305 1088 lividas
323 1059 500 1097 draconum,
527 1062 558 1088 et
583 1058 694 1088 herbas
716 1059 893 1096 incognitas
915 1059 1014 1088 adhuc
1039 1057 1188 1088 novercis.
1235 1057 1273 1087 Si
1299 1056 1411 1096 aliquis
1434 1057 1522 1086 vultu
1545 1059 1660 1094 arguat

193 1105 320 1131 statum
334 1104 530 1139 praesentem‚
555 1104 585 1130 et
599 1100 783 1139 ingemiscat
799 1100 939 1138 liberius,
964 1101 1087 1131 satelles
1100 1110 1198 1130 saevus
1212 1099 1294 1130 inter
1313 1100 1382 1140 ipsa
1397 1099 1539 1129 convivia
1554 1098 1661 1129 exsilit

192 1144 273 1173 nudo
286 1143 392 1181 gladio
409 1144 449 1172 ad
473 1142 640 1173 arbitrium
658 1143 816 1174 Gitdmzis.
863 1144 1004 1184 Quisque
1019 1144 1132 1185 affixus
1153 1142 1229 1173 lecto
1245 1152 1322 1173 cum
1339 1141 1435 1172 tacito
1455 1144 1539 1172 metu
1551 1143 1662 1180 gustat

192 1186 274 1216 cibos
290 1185 478 1223 mortifer-03,
504 1188 534 1216 et
550 1187 756 1226 expallescens
771 1190 880 1217 vacuat
899 1186 1028 1227 scyphos
1041 1186 1161 1225 dubios,
1184 1189 1276 1225 atque
1292 1185 1527 1225 circumspectat
1539 1183 1663 1223 gladios

192 1228 389 1259 imminentes
403 1229 512 1269 capiti.
538 1230 650 1260 Mensa
657 1229 787 1267 funesta
801 1229 936 1269 refulget
947 1239 1060 1270 pompa
1072 1229 1208 1270 inferna,
1223 1229 1381 1260 emundans
1395 1231 1515 1267 strage,
1532 1226 1663 1258 crudelis

810 1313 1047 1325 eeeeeeeeeee

195 1369 416 1401 Parm.-171
443 1370 586 1401 Aescitus
601 1371 696 1402 Prie.
712 1370 841 1402 Asellus
860 1372 989 1402 Bonon.
1013 1370 1143 1402 Are-itus
1164 1371 1247 1402 Var.
1265 1371 1333 1401 LL.
1351 1369 1406 1401 ed.
1422 1368 1527 1400 Antv.
1551 1368 1665 1400 Adsci-

193 1415 244 1442 tus
260 1413 397 1453 legebat
416 1413 587 1452 Heinsius,
604 1419 639 1444 et
656 1415 746 1444 iuter
762 1415 829 1444 alia
845 1415 1052 1454 ascripserat
1068 1414 1180 1445 locum
1197 1413 1314 1444 Ovidii
1332 1422 1382 1444 lv.
1399 1412 1503 1443 Pont.
1521 1412 1586 1452 Ep.
1604 1420 1660 1442 lx.

195 1457 204 1472 ‘
221 1456 269 1485 Tu
284 1461 378 1487 certe
396 1456 463 1486 scis
479 1457 543 1487 hoc
560 1458 699 1497 Superis
728 1457 858 1491 adscite
884 1457 1049 1498 videsque
1066 1456 1313 1488 Caesar.'——172
1330 1455 1422 1493 sucos
1434 1454 1531 1486 Med.
1548 1459 1661 1495 quart.

193 1507 391 1538 spumamque
407 1500 534 1530 Mazar.
559 1500 684 1540 reliquit
699 1500 834 1531 Tholos.
863 1501 991 1531 Moret.
1021 1502 1181 1540 piu—173
1206 1499 1372 1540 Serpentes
1399 1498 1473 1529 Pal.
1499 1497 1594 1529 Med.
1612 1506 1663 1537 pr.

193 1541 300 1571 aclhcec
316 1542 504 1573 Pan—174
527 1544 654 1574 damnat
672 1543 766 1574 Prie.
782 1543 877 1575 Med.
895 1546 1082 1574 terh—175
1107 1543 1288 1573 Libertusce
1314 1542 1450 1572 Thuan.
1465 1540 1564 1580 gemit
1583 1540 1662 1571 Vat.

193 1587 274 1614 tert.
293 1593 335 1614 m.
354 1593 405 1624 pr.
422 1585 456 1615 in
470 1586 545 1624 ipsis
562 1586 615 1615 vel
631 1586 745 1616 eisdem
762 1586 876 1616 Oxou.
893 1596 944 1626 pr.
961 1586 992 1616 in
1009 1586 1086 1626 ipsis
1101 1586 1155 1616 vel
1171 1585 1299 1616 herilem
1314 1585 1399 1624 Reg.
1417 1584 1530 1615 Oxou.
1548 1592 1662 1614 sec.—

195 1628 257 1656 177
282 1626 380 1657 tacita
398 1628 449 1657 vel
465 1628 580 1658 tacitus
593 1629 834 1660 'rimant—178
859 1629 1025 1670 Carng'ficiS
1051 1629 1129 1659 Vat.
1156 1630 1376 1668 quart—179
1397 1627 1551 1657 instantes
1565 1625 1664 1665 capiti

193 1668 324 1700 Moret.
342 1679 410 1700 sec.
439 1671 529 1700 lateri
544 1671 625 1702 Vat.
645 1675 725 1701 tert.
742 1671 833 1702 Prie.
852 1670 957 1701 Oisel.
973 1672 1051 1702 Pat.
1068 1671 1200 1701 Mazar.
1223 1679 1308 1700 unus
1326 1668 1471 1700 Heinsii.
1497 1668 1590 1698 lateri
1607 1668 1662 1698 vel

193 1712 291 1752 capiti
307 1712 390 1744 Vat.
406 1722 459 1753 pr.
484 1713 635 1748 Florent.
653 1713 748 1744 Med.
767 1723 819 1754 pr.
836 1713 916 1747 Put.
935 1713 1002 1744 inc.
1021 1713 1253 1744 Heius—180
1269 1712 1384 1751 feralis
1407 1711 1502 1742 Prie.
1519 1711 1602 1749 Lov.
1626 1715 1662 1742 et

858 1788 1003 1820 NOTAE

239 1855 299 1883 171
325 1852 455 1883 Accitus
482 1851 624 1892 conviva]
662 1851 839 1883 Invitatul·
867 1852 901 1884 in

195 1895 400 1943 convivium,
416 1902 477 1933 ubi
490 1903 544 1933 vel
559 1902 672 1943 gladio
687 1903 741 1933 vel
755 1912 900 1942 veneno,

194 1965 255 1987 seu
283 1955 407 1986 boletis
438 1954 608 1995 pestiferis
642 1954 745 1995 perit.
799 1954 900 1985 Unde

194 2005 410 2037 Distichum:
449 2004 625 2046 ‘Defungi
653 2004 766 2045 fungis
795 2005 901 2036 homi-

197 2065 287 2096 nem,
310 2056 482 2096 Macrine,
508 2056 676 2096 putabas:
707 2056 822 2087 Boleti
840 2056 901 2087 leti

194 2117 294 2138 causa
310 2107 407 2139 fuere
425 2108 495 2138 tui.’
533 2108 686 2139 Martiali
699 2108 823 2140 tribuit
839 2107 901 2140 hoc

196 2157 389 2189 Distichum
406 2157 577 2196 Cujacius.

240 2211 302 2238 172
327 2207 507 2249 Artificem]
533 2208 636 2238 Gildo
654 2217 764 2239 saevus
781 2209 901 2240 mortis

194 2257 322 2289 artifex
339 2259 403 2288 scit
420 2267 536 2288 omnes
559 2263 664 2297 artes,
686 2258 809 2298 quibus
826 2259 901 2299 quis

196 2308 307 2340 occidi
325 2308 453 2348 possit;
478 2312 513 2338 et
537 2317 635 2338 nemo
661 2313 730 2338 tam
759 2308 902 2339 callidus

196 2363 263 2397 est,
280 2363 317 2389 ut
334 2357 484 2398 effugere
503 2359 615 2389 valeat
633 2358 704 2398 ejus
717 2357 822 2388 dolos.

242 2411 302 2439 174
328 2409 498 2449 Gramina]
514 2408 660 2447 Heroas,
671 2418 814 2449 venena,
825 2419 903 2450 qua-

195 2459 241 2490 lia
265 2459 413 2489 nondum
431 2464 557 2490 norunt
581 2469 752 2499 novercae,
777 2459 812 2490 id
838 2464 903 2500 est,

196 2510 384 2541 teterrima.
403 2511 506 2541 Notae
520 2520 743 2541 novercarum
758 2510 901 2542 insidiae.

197 2560 360 2592 Ovidius:
384 2563 392 2577 ‘
412 2561 539 2592 Lurida
563 2561 735 2592 terribiles
758 2561 903 2592 miscent

196 2612 333 2644 aconita
348 2611 530 2643 novercae!

241 2667 303 2695 176
327 2663 467 2703 Emicat]
490 2663 634 2695 Satelles
658 2663 702 2694 ad
725 2663 901 2695 arbitrium

192 2713 355 2745 ‘Gildonis
372 2714 512 2753 emicat,
529 2718 568 2745 ut
585 2714 724 2745 occidat
739 2723 828 2754 eum,
843 2715 902 2755 qui

198 2764 334 2796 liberius
357 2765 443 2797 ausit
465 2774 615 2805 gemere,
639 2768 674 2796 et
696 2768 903 2806 praesentem

956 1862 1068 1884 rerum
1086 1856 1216 1884 statum
1233 1852 1286 1883 vel
1303 1852 1399 1883 vultu
1417 1861 1573 1892 arguere.
1606 1851 1662 1882 Sic

956 1909 1122 1944 tyrannus
1139 1903 1260 1935 flentes
1277 1908 1313 1934 et
1326 1907 1502 1943 gementes
1515 1900 1660 1940 occidit;

957 1956 1005 1987 sic.
1021 1956 1185 1997 Caligula,
1196 1956 1304 1994 Nem,
1319 1959 1355 1986 et
1369 1954 1426 1985 alii
1436 1955 1528 1985 inter
1538 1953 1663 1994 pocula

956 2007 1159 2038 occiderunt
1174 2005 1347 2037 convivas.

1003 2061 1063 2089 177
1089 2056 1206 2096 Fixus]
1242 2056 1395 2097 Quisque
1421 2055 1455 2086 in
1482 2055 1576 2087 lecto
1603 2063 1663 2085 seu

958 2109 1110 2140 triclinio
1134 2107 1233 2148 fixus,
1257 2117 1297 2138 ac
1322 2107 1416 2138 velut
1437 2107 1601 2138 attonitus
1619 2105 1662 2136 ob

957 2161 1114 2191 timorem
1142 2162 1255 2201 gustat
1279 2158 1410 2198 epulas,
1436 2167 1512 2198 quae
1539 2156 1664 2196 saepius

958 2215 1084 2242 necant
1094 2209 1324 2250 comedentes,
1344 2208 1492 2249 ideoque
1504 2207 1665 2239 dicuntur

955 2262 1115 2304 carnifices
1129 2260 1236 2301 spulae.

1001 2315 1064 2343 178
1090 2313 1270 2351 Incertoque
1279 2309 1402 2351 pocula]
1426 2308 1542 2341 Dubia
1558 2312 1594 2340 et
1606 2318 1664 2339 au-

957 2363 1078 2404 cipitia
1093 2374 1099 2393 :
1125 2366 1306 2403 postquam
1330 2361 1420 2392 enim
1437 2370 1477 2391 ea
1491 2360 1565 2401 quis
1581 2360 1662 2389 bau-

958 2413 1014 2453 sit,
1037 2413 1197 2444 dubitare
1222 2415 1348 2452 potest,
1376 2420 1419 2442 an
1435 2419 1500 2440 non
1515 2412 1662 2440 mortem

956 2463 1055 2493 simul
1071 2463 1237 2494 hauserit.

1002 2516 1064 2544 179
1089 2514 1231 2543 Intentos
1244 2510 1358 2552 capiti]
1381 2509 1500 2550 Videt,
1524 2509 1662 2541 metuit-

958 2574 1023 2605 que
1051 2573 1148 2594 enses
1171 2563 1278 2604 capiti
1301 2562 1530 2600 imminentes,
1555 2561 1663 2591 instar

957 2614 1130 2645 Damoclis
1145 2613 1339 2652 Horatiani‚
1350 2612 1359 2629 ‘
1371 2612 1560 2643 Districtus
1574 2612 1662 2642 ensis

957 2665 1010 2696 cui
1027 2674 1130 2705 super
1143 2664 1247 2703 impia
1261 2663 1404 2695 Cervice
1427 2662 1577 2703 pendet,'
1595 2664 1663 2694 διε.

1001 2719 1063 2747 180
1091 2715 1255 2756 Tartareo]
1278 2713 1476 2755 Apparatu‚
1498 2713 1556 2754 qui
1582 2709 1678 2745 εοῐι-ν

958 2766 1050 2798 vivas
1066 2765 1191 2807 saepius
1207 2765 1270 2797 sub
1288 2769 1417 2797 tartara
1432 2764 1561 2796 mittat.
