1842 3193
234 210 291 253 34
768 207 1142 242 PROLEGOMENA

233 318 441 359 miseram
470 314 595 355 illam
629 315 672 353 et
711 310 897 353 comites
933 307 1126 355 salleret3
1159 301 1235 343 sed
1256 299 1432 348 frustra,
1453 296 1694 339 reticentur

234 386 348 433 haeo,
370 390 414 424 et
431 382 601 423 ruboris
620 378 902 431 descriptioni
926 376 1011 415 hoc
1032 375 1199 413 tantum
1222 368 1489 423 adjung-itur:
1518 367 1694 405 noctem

236 453 426 495 venisse.
489 449 601 500 Quae
622 449 706 488 hoc
744 447 845 486 loco
885 442 1126 488 desideres,
1167 437 1277 478 infra
1313 433 1533 490 (111.207.
1558 428 1695 486 sqq.).

236 520 411 561 Electra
432 532 487 559 ex
510 522 637 571 parte
670 517 826 554 narrat.
888 510 1049 551 Contra
1080 504 1324 553 miraberis,
1348 501 1596 548 Plutonem,
1618 497 1697 553 qui

237 589 291 630 de
311 587 339 628 J
345 588 441 628 ovis
463 584 649 626 consilio
671 580 863 622 nondum
886 582 978 618 erat
1012 575 1217 621 edoctus,
1253 584 1331 611 nec
1371 569 1557 617 sciebat,
1588 565 1700 607 Pro-

239 656 461 709 serpinam
482 653 568 692 sibi
591 650 872 694 destinatam,
895 657 975 685 nec
997 644 1072 684 ubi
1102 640 1295 694 gentium
1330 637 1408 678 illa
1438 637 1698 683 moraretur,

238 723 521 764 nihilominus
544 726 689 760 tamen
710 719 787 757 iter
808 716 864 756 ad
899 724 1082 766 superos
1104 720 1276 763 parare,
1311 716 1538 760 equosque
1574 713 1702 744 curru

234 790 415 844 junctos
430 791 522 843 jam
540 791 725 841 paratos
747 789 850 824 ante
871 782 987 822 fores
1007 780 1183 820 habere.

298 859 504 912 Sequitur
540 858 650 897 liber
692 853 931 895 secundus.
994 849 1114 890 Luce
1151 844 1343 888 nondum
1384 844 1478 882 orta
1518 838 1703 878 Proser-

240 926 347 980 pina
386 939 484 965 cum
527 924 696 963 deabus
740 920 944 961 Hennam
993 917 1105 970 petit
1151 911 1357 954 monstris
1406 907 1704 961 nequicquam

241 994 409 1034 monita
428 994 485 1039 (v.
511 988 702 1041 1-10.).
768 987 953 1026 Frustra
975 983 1155 1037 quaeris,
1174 993 1263 1034 qua
1282 992 1326 1019 re
1348 978 1403 1018 sit
1426 975 1631 1022 adducta,
1655 975 1704 1013 ut

241 1060 395 1100 matris
445 1061 668 1111 praecepta
718 1054 966 1106 negligeret.
1028 1050 1130 1100 Quo
1182 1045 1444 1088 divinationi
1490 1043 1707 1082 lectorum

242 1127 414 1173 relicto,
453 1126 498 1164 in
538 1124 674 1171 cultu,
713 1134 800 1174 quo
842 1119 1110 1170 Proserpina
1142 1119 1185 1155 et
1219 1115 1313 1155 deae
1335 1112 1497 1154 fuerint
1519 1112 1703 1158 ornatae,

243 1191 533 1233 describendo
568 1203 656 1231 non
693 1190 922 1229 invenuste
945 1183 1222 1225 Claudianus
1257 1184 1508 1233 occupatus
1536 1177 1621 1217 fuit
1639 1175 1704 1230 (v.

243 1260 465 1309 11—54.).
496 1259 715 1299 Euntibus
737 1254 913 1295 additur
932 1251 1243 1306 Nympharum
1265 1260 1436 1300 agmen,
1458 1247 1572 1287 inter
1593 1256 1706 1298 quas

246 1327 399 1382 Cyane
438 1327 600 1367 eminet
646 1323 711 1378 (v.
749 1318 973 1373 55-70.).
1036 1318 1216 1366 Henna,
1257 1328 1357 1357 cum
1392 1314 1582 1355 vidisset
1606 1312 1709 1353 illas

246 1395 553 1441 adventantes,
577 1391 829 1444 Zephyrum
851 1392 992 1440 rogat,
1014 1390 1064 1426 ut
1083 1385 1256 1431 vallem,
1277 1396 1354 1437 per
1375 1395 1421 1422 se
1446 1381 1540 1435 Jam
1571 1393 1710 1421 amoe-

246 1475 364 1510 nam,
406 1461 652 1507 arboribus,
696 1457 855 1505 herbis,
894 1455 1076 1496 fioribus
1116 1460 1299 1493 exornet
1339 1447 1710 1503 exquisitissimis

248 1529 313 1583 (v.
331 1526 581 1581 71—117.).
614 1526 735 1566 Satis
756 1525 866 1564 bene
886 1522 1000 1562 hunc
1016 1521 1165 1561 locum
1186 1519 1393 1559 tractavit
1415 1515 1708 1565 Claudianus,

251 1596 329 1637 sed
350 1596 536 1648 singulis
568 1609 624 1635 ex
647 1593 800 1635 saeculi
821 1590 995 1644 ingenio
1015 1588 1147 1629 nimis
1176 1598 1363 1640 operose
1385 1582 1709 1638 persequendis

251 1663 583 1718 simplicitatem
619 1661 827 1714 neglexit.
889 1658 1008 1699 Dum
1047 1657 1235 1708 virgines
1270 1655 1314 1696 in
1343 1653 1529 1694 fioribus
1563 1652 1712 1704 legen-

250 1730 318 1771 dis
341 1734 444 1771 sunt
464 1734 695 1784 occupatae
725 1727 789 1782 (v.
812 1725 1090 1775 118—150.),
1110 1724 1258 1764 subito
1288 1721 1461 1773 fragore
1484 1721 1712 1761 terrentur.

251 1798 384 1839 Pluto
405 1810 580 1849 nempe,
617 1796 746 1849 cujus
783 1807 937 1836 currus
972 1794 1133 1833 misero
1169 1788 1409 1838 Encelado,
1445 1788 1525 1829 vix
1561 1787 1713 1828 AEtnae

251 1865 413 1906 molem
435 1865 684 1913 sustinenti,
700 1864 811 1904 altos
833 1863 980 1903 sulcos
1001 1858 1210 1913 imprimit
1231 1857 1378 1910 (quale
1391 1851 1712 1909 phantasmal),

252 1933 417 1973 exitum
453 1945 554 1974 cum
595 1932 752 1985 quaerit
789 1943 870 1971 nec
918 1928 1101 1977 invenit,
1138 1925 1296 1967 trabali
1336 1927 1515 1978 sceptro
1554 1925 1716 1963 terram

251 1998 368 2048 ferit,
411 2000 648 2051 omniaque
690 1999 811 2052 gravi
849 2000 971 2037 motu
1006 1995 1317 2036 concutiuntur
1337 1994 1398 2041 (v.
1435 1984 1716 2042 151—185.).

253 2066 414 2106 Terror
453 2069 644 2119 occupat
683 2077 843 2118 supera
877 2063 940 2118 (v.
961 2059 1243 2114 186—192.).
1305 2059 1420 2115 Equi
1453 2058 1646 2112 primum
1669 2055 1718 2096 in

256 2134 346 2175 sole
377 2133 582 2185 caligant,
621 2146 727 2173 mox
758 2132 870 2172 lucis
904 2130 1124 2184 patientes
1160 2132 1204 2169 et
1239 2128 1421 2169 verbere
1441 2124 1614 2166 incitati
1634 2123 1718 2164 iter

256 2199 452 2242 celeriter
486 2199 721 2251 perficiunt
739 2197 804 2251 (v.
825 2198 1100 2245 loe—203).
1161 2194 1430 2247 Proserpina
1460 2193 1506 2233 in
1541 2202 1718 2232 currum

256 2272 387 2321 rapta
407 2265 609 2307 Minerva
630 2270 675 2305 et
697 2265 845 2305 Diana
880 2268 1103 2316 raptorem
1134 2260 1359 2308 invadunt,
1381 2258 1459 2299 illa
1482 2257 1718 2299 minaciter

260 2347 360 2377 eum
380 2335 592 2386 increpat,
610 2332 789 2386 jamque
825 2324 1013 2370 missura
1046 2332 1140 2370 erat
1177 2328 1364 2376 hastam,
1387 2326 1466 2367 sed
1485 2325 1670 2366 fulmine
1692 2337 1721 2367 a

260 2402 377 2444 Jove
418 2401 554 2440 misso
593 2399 835 2440 deterretur
872 2396 937 2452 (v.
958 2393 1241 2448 204—233.).
1304 2393 1531 2445 Quidnam
1553 2391 1720 2434 Veneri

262 2467 490 2517 acciderit,
525 2472 667 2507 utrum
707 2479 807 2507 cum
843 2465 1021 2518 reliquis
1058 2463 1291 2515 aufugerit,
1315 2475 1370 2502 an
1402 2466 1553 2515 partes
1575 2463 1721 2501 mutas

262 2536 415 2589 egerit,
437 2536 480 2575 in
502 2535 636 2575 dubio
658 2538 725 2574 est
747 2533 958 2573 relictum.
1004 2530 1175 2579 Oratio,
1198 2542 1286 2582 qua
1301 2529 1583 2582 Proserpinae
1602 2526 1723 2567 vale-

264 2604 370 2644 dicit
392 2602 606 2652 Minerva‚
629 2602 800 2642 dolores
823 2601 957 2641 habet
994 2599 1138 2640 nullos
1176 2597 1254 2639 sed
1293 2597 1478 2636 multum
1513 2595 1622 2635 artis
1655 2592 1722 2648 (v.

265 2670 542 2721 234—246.).
603 2671 678 2711 Sic
707 2683 879 2724 quoque
901 2670 1027 2710 docte
1065 2665 1295 2708 lamentari
1326 2664 1560 2717 vicemque
1600 2673 1726 2702 suam

266 2738 411 2790 lugere
450 2738 718 2792 Proserpina
749 2737 904 2779 didicit
923 2737 986 2792 (v.
1008 2732 1287 2788 247—272.).
1347 2731 1549 2773 Tandem
1571 2729 1723 2780 Pluto,
