1852 3193
229 221 314 263 310
714 233 791 263 CL.
825 229 1107 262 cLAUmANl
1146 229 1196 259 x.

230 327 354 369 Lena
374 340 453 380 per
471 326 724 368 innumeros
746 325 826 364 iret
846 325 1025 376 pictura
1040 327 1227 376 penates
1245 336 1254 363 :

227 394 327 436 Nec
353 394 485 434 variis
508 394 688 433 dubium
713 390 922 430 thalamis
943 390 1138 431 lecturus
1162 402 1351 431 amorem

226 460 381 502 Ardua
404 461 598 501 com-,nisi
622 459 746 499 falsae
769 458 986 498 connubia
1007 470 1136 499 cerae.

231 527 338 569 Non
357 529 483 580 rapio
508 540 709 580 praeceps
731 525 889 566 alienae
912 526 1080 566 foedera
1102 524 1250 574 taedae,

230 597 321 638 Sed
343 610 441 650 quae
462 608 625 649 sponsa
646 595 752 634 mihi
774 594 957 647 pridem,
980 594 1222 647 patriisque
1244 593 1400 634 relicta

231 663 478 712 Mandatis,
501 676 588 702 uuo
610 663 792 703 materni
814 661 1041 712 sanguinis
1063 664 1161 701 ortu

234 729 522 770 Communem
544 729 732 783 partitur
753 741 901 769 avum.
963 727 1161 780 Fastigia
1182 726 1369 780 supplex

1639 658 1695 701 30

231 863 334 899 imago
351 861 408 890 illa
423 860 585 890 adulatrix
600 860 710 890 nuntia
735 858 976 899 pulchritudinis
989 857 1240 896 circumferretur
1253 867 1309 897 per
1324 858 1427 887 domos
1455 854 1700 887 innumerabiles.

232 906 341 944 Neque
357 913 421 942 ego
449 905 600 933 electurus
614 912 747 932 aurorem
774 902 954 940 ambiguum
971 900 1141 932 facturum
1167 902 1269 930 thoros
1292 900 1439 938 diversos,
1454 899 1573 929 credidi
1587 898 1701 939 speciei

223 946 338 985 fallaci
353 946 497 984 conjugia
518 944 667 985 difficilia.
715 945 787 974 Non.
803 954 866 982 ego
890 944 1074 974 temerarius
1088 943 1196 981 ansero
1217 946 1340 982 pactum
1358 942 1451 972 alieni
1478 940 1699 981 matrimoniis,

228 990 282 1020 sed
298 998 383 1024 eam,
400 998 467 1027 quae
482 989 665 1026 desponsata
681 992 734 1016 est
760 986 849 1023 mihi,
866 990 895 1015 et
912 988 986 1016 data
1008 987 1136 1025 imperio
1160 985 1262 1024 patris
1278 985 1357 1021 mei,
1372 984 1507 1014 vindicat
1524 983 1588 1014 sibi
1605 993 1696 1013 avum

229 1040 417 1062 communem
432 1039 494 1060 una
508 1029 627 1067 origine
642 1028 767 1067 generis
781 1029 925 1058 materni.
952 1029 1026 1067 Ego
1038 1032 1219 1066 precaturus
1234 1026 1328 1064 abjeci
1342 1027 1532 1064 majestatem
1545 1026 1693 1067 impera-

853 1124 1086 1135 eeeeeeeeeeee

233 1190 408 1222 Gud.-25
434 1189 519 1220 Lena
534 1188 655 1229 viginti
673 1187 781 1219 Codd.
809 1188 892 1218 Exc.
923 1186 1066 1217 Gevart.
1096 1186 1216 1218 Sched.
1242 1185 1332 1217 Gud.
1355 1187 1437 1216 Var.
1464 1185 1533 1216 LL.
1557 1194 1698 1227 emarg.

231 1233 346 1264 Parm.
374 1232 471 1262 Plena
498 1237 578 1262 octo
604 1232 673 1271 alii,
712 1232 798 1261 Exc.
831 1231 976 1260 Lucens.
1006 1239 1072 1260 see.
1102 1230 1198 1260 Loera
1223 1230 1320 1260 Rott.
1350 1228 1444 1260 Med.
1468 1232 1549 1259 tert.
1570 1229 1700 1261 Thuan.

232 1276 352 1306 Ambr.
391 1280 469 1306 tert.
502 1275 588 1305 Cod.
620 1274 739 1314 Epigr.
765 1273 884 1303 Ambr.
912 1277 947 1302 et
982 1273 1034 1303 ed.
1064 1272 1178 1303 Vicet.
1210 1273 1296 1302 Leria
1327 1272 1380 1301 vel
1409 1272 1511 1302 Plena
1537 1271 1618 1301 Vat.
1647 1280 1702 1312 pr.

232 1321 318 1349 —26
343 1318 415 1348 Non
443 1317 539 1348 variis
554 1317 685 1346 Thuau.
710 1316 857 1346 thalamis
878 1315 998 1345 tarium
1021 1315 1123 1345 dubiis
1139 1315 1218 1347 Jun.
1251 1324 1301 1354 pr.
1325 1314 1439 1344 tabulis
1466 1313 1704 1346 Exc.Schott.

232 1361 353 1391 laturus
371 1360 462 1391 Pric.
479 1360 589 1390 Oisel.
601 1361 718 1389 lectura
729 1360 876 1398 pudorem
892 1358 958 1388 inc.
989 1357 1198 1388 Heins.—·27
1224 1357 1350 1387 conubia
1364 1358 1447 1387 Exc.
1477 1355 1704 1395 Gevart.for-

228 1412 288 1433 moe
300 1403 520 1433 Thuan.——28
549 1402 614 1432 Nec
630 1402 719 1441 rapio
736 1401 861 1431 Mor-et.
878 1410 928 1439 pr.
944 1402 1086 1440 princeps
1103 1410 1164 1440 pro
1179 1409 1327 1440 proecepS,
1352 1403 1388 1430 et
1404 1409 1515 1430 mensoe
1532 1409 1592 1440 pro
1609 1401 1701 1430 taedae

231 1445 312 1476 Jun.
330 1455 380 1483 pr.
406 1449 441 1475 et
460 1445 660 1475 Oxon.—-29
680 1444 857 1483 patriisque
875 1443 954 1473 Vat.
980 1453 1029 1482 pr.
1055 1444 1156 1473 Farn.
1181 1443 1279 1473 ambo
1297 1443 1425 1473 Moret.
1440 1442 1523 1473 Lov.
1545 1443 1704 1482 patrisque

234 1488 330 1519 Vatt.
348 1492 505 1528 quatuor.
523 1487 600 1518 Pal.
617 1487 798 1518 Pria—30
824 1486 1009 1517 Mandantis
1023 1486 1150 1517 Tliuane
1168 1495 1228 1516 uno
1240 1485 1291 1516 vel
1307 1486 1400 1516 immo
1418 1485 1611 1516 mser—31
1626 1494 1700 1524 par-

881 1590 1020 1622 NOTAE

277 1673 316 1701 25
343 1669 444 1710 Lena]
465 1670 514 1701 Ut
526 1670 636 1710 imago
653 1670 834 1709 adulatrix,
848 1671 938 1701 leno-

235 1721 363 1759 cinans,
381 1723 416 1751 et
432 1721 554 1751 amoris
566 1721 781 1751 conciliatrix
794 1721 938 1752 circum-

234 1770 388 1802 ferretur
404 1780 466 1810 per
488 1770 615 1801 domos.
664 1770 745 1802 Lena
763 1776 875 1801 autem
891 1771 940 1801 ‹li—

234 1821 336 1860 citur,
369 1821 465 1861 quasi
506 1819 669 1860 fungatur
699 1820 810 1851 officio
840 1821 939 1859 lenae,

235 1872 315 1904 dum
340 1871 468 1911 puellas
485 1871 594 1901 minus
605 1870 762 1909 decoras,
780 1870 940 1900 adulante

234 1922 398 1964 penicillo
426 1922 582 1962 depictas
613 1924 764 1951 ostentat
780 1920 940 1960 principi-

234 1972 310 2012 bus,
326 1981 411 2013 quos
430 1972 476 2003 sic
494 1971 535 2002 ad
554 1981 702 2001 amorem
720 1976 754 2001 et
772 1970 941 2001 matrimo-

233 2023 328 2054 nium
342 2022 514 2061 accendit,
531 2022 572 2053 de
598 2031 638 2053 eo
668 2031 838 2063 nunquam
856 2022 942 2062 cogi-

238 2079 381 2114 taturoS,
396 2074 459 2105 nisi
471 2073 594 2104 talibus
611 2072 790 2103 lenociniis
802 2071 942 2112 decepti

235 2122 392 2156 fuissent.
449 2123 594 2154 Ovidius
610 2133 617 2153 ε
654 2126 662 2139 ‘
687 2122 834 2153 maxima
864 2123 941 2153 lena

236 2185 334 2208 mora
350 2175 425 2213 est,’
442 2174 477 2205 id
493 2179 560 2213 est,
573 2174 719 2205 maxima
729 2174 848 2205 amoris
860 2184 940 2205 con-

238 2225 453 2258 ciliatricula.
512 2223 583 2254 Alii
614 2224 676 2254 hoc
705 2224 844 2254 verbum
872 2226 941 2255 lena

237 2275 383 2308 aversati
399 2275 518 2314 legunt
537 2275 626 2310 Imm,
652 2273 686 2303 id
701 2278 752 2304 est
775 2273 944 2305 t'avorabi-

234 2325 288 2365 lis,
303 2329 340 2355 ut
358 2323 447 2364 apud
461 2323 653 2363 Virgilium,
677 2323 686 2340 ‘
700 2323 946 2354 Numinalaeva

239 2375 374 2408 sinunt!

281 2425 431 2465 Pictura]
444 2425 521 2456 Mos
538 2425 595 2455 ille
609 2423 766 2466 antiquus
782 2425 943 2455 mittendi

238 2477 429 2518 puellarum
448 2475 639 2516 principum
653 2474 827 2514 imagines,
839 2475 943 2505 etiam

238 2536 259 2558 a
274 2527 399 2558 nostris
416 2526 626 2556 observatus.
669 2525 777 2556 Missa
790 2524 879 2555 enini
893 2529 945 2555 est

239 2576 393 2609 Hem-ico
431 2576 563 2615 Magno
599 2575 719 2606 Mariae
766 2574 944 2606 Medicaeae

240 2625 383 2667 effigies.
438 2627 614 2666 Ceterum,
644 2625 852 2657 Claudianus
893 2635 943 2656 ar-

241 2678 315 2718 guit
330 2677 437 2709 tacite
453 2676 584 2708 factum
599 2676 770 2716 Eutropii,
787 2676 845 2717 qui
871 2676 947 2706 Fla-

241 2728 287 2759 vii
302 2727 457 2759 Promoti
470 2726 588 2767 filiam,
611 2727 663 2758 vel
679 2727 821 2767 Neptim
833 2749 842 2766 ,
853 2736 948 2767 egre-

242 2778 296 2819 gie
307 2778 481 2820 depictam
493 2777 643 2810 Arcadio
656 2781 842 2819 ostentans,
853 2777 946 2808 illum

995 1672 1046 1701 vel
1065 1672 1136 1701 sola
1153 1671 1285 1711 pictura
1300 1671 1442 1710 pellexit
1460 1669 1501 1700 ad
1519 1670 1666 1710 nuptias.

1036 1724 1077 1752 26
1103 1721 1289 1759 Neci-ariis,
1314 1721 1382 1760 &cd
1411 1720 1490 1750 Non
1504 1720 1591 1763 elegi
1611 1730 1700 1751 amo·

995 1781 1065 1802 rem
1095 1770 1246 1810 dubium,
1273 1771 1334 1800 hoc
1366 1774 1418 1800 est
1446 1770 1702 1809 instabilemstt

995 1820 1098 1851 toties
1117 1820 1328 1857 mutandum,
1353 1819 1520 1860 variisque
1545 1820 1703 1851 thalamis

996 1871 1209 1901 occasionem
1241 1870 1411 1907 (laturum,
1447 1870 1581 1910 quoties
1616 1880 1704 1901 nova

996 1921 1161 1960 virginum
1180 1920 1322 1950 aliarum
1349 1919 1460 1960 imago
1476 1920 1556 1952 milii
1584 1931 1704 1962 propo·

1000 1974 1151 2001 neretur.

1039 2023 1079 2050 27
1103 2020 1213 2050 Ardua
1229 2019 1380 2060 commisi]
1425 2020 1502 2051 Non
1520 2030 1584 2060 ego
1601 2030 1704 2061 expo-

998 2070 1062 2107 sui,
1078 2069 1208 2100 credidi
1237 2070 1376 2111 imagini
1391 2080 1501 2101 cereae
1527 2080 1620 2111 saepe
1643 2070 1705 2102 fal-

999 2120 1078 2158 laci,
1100 2120 1294 2161 conjugium
1320 2130 1444 2159 meum,
1469 2131 1545 2152 cum
1563 2120 1705 2152 arduum

999 2181 1038 2202 ac
1052 2171 1190 2202 difficile
1203 2173 1248 2202 sit
1265 2172 1392 2211 optime
1406 2172 1545 2212 eligere,
1562 2182 1601 2202 ac
1618 2182 1705 2212 prae-

1000 2223 1117 2253 sertim
1143 2232 1217 2252 cuni
1244 2222 1405 2253 videntur
1432 2226 1564 2253 tantum
1589 2222 1706 2263 imagi·

999 2282 1071 2304 nes„

1041 2326 1083 2353 28
1109 2324 1181 2354 Νοη
1211 2324 1298 2363 rapio
1316 2322 1454 2362 foedera]
1504 2323 1582 2354 Non
1608 2322 1705 2363 rapio

997 2377 1134 2413 nuptas,
1160 2378 1218 2404 aut
1243 2372 1370 2403 foedere
1397 2376 1567 2413 pactoque
1593 2371 1705 2411 aliquo

998 2422 1070 2452 aliis
1087 2422 1323 2462 desponsatas.
1370 2422 1426 2452 Sic
1456 2421 1630 2461 Augustus
1646 2420 1704 2451 ab·

996 2470 1095 2501 duxit
1113 2471 1247 2501 Liviam
1263 2471 1366 2502 etiam
1385 2475 1629 2510 praegnantem.

1039 2523 1081 2551 29
1104 2521 1286 2560 Patriisque
1304 2521 1411 2551 relicta
1428 2520 1598 2559 mandatis]
1622 2520 1705 2550 Pro'-

998 2569 1110 2600 babile
1145 2574 1197 2600 est
1240 2569 1478 2608 Theodosium,
1517 2575 1703 2610 antequam

997 2625 1200 2660 moreretur,
1225 2620 1447 2659 mandavisse,
1472 2625 1509 2651 ut
1531 2621 1706 2652 Honorius

1001 2671 1146 2702 Mariam
1168 2670 1363 2702 Stilichonis
1379 2670 1483 2702 filiam
1510 2671 1654 2703 duceret
1669 2671 1704 2703 in

1001 2730 1155 2753 uxorem.

1044 2774 1083 2804 31
1109 2771 1257 2803 Partitur
1271 2771 1378 2812 avum]
1399 2771 1625 2804 Theodosium
1652 2780 1705 2804 se-
