1852 3193
251 195 338 238 226
713 205 789 234 ct..
821 201 1101 233 anumAm
1137 199 1248 238 vui.

251 300 416 350 Induit,
439 303 483 341 et
497 303 599 341 nota
617 299 774 340 fruitur
789 297 1030 351 jactantior
1049 296 1165 338 aula.

252 368 428 409 Limina
449 381 529 408 nec
552 368 675 421 passi
696 368 860 407 circum
881 365 1053 418 privata
1071 363 1228 404 morari

252 434 468 476 Exultnnt
488 435 684 482 reduces,
705 433 906 484 Augusto
929 430 1135 480 Consule,
1157 431 1317 472 fasces.

252 501 421 551 Cernis,
442 508 489 543 ut
506 514 717 542 armorum
737 511 958 552 procereS‚
982 498 1213 551 legumque
1232 500 1432 551 potentes
1681 497 1712 538 5

252 569 471 610 Patricios
499 572 673 609 sumunt
690 568 879 616 habitus,
901 571 943 607 et
958 579 1076 606 more
1102 564 1279 606 Gabino

253 637 458 678 Discolor
477 637 636 678 incedit
655 637 781 689 legio,
802 636 1045 690 positisque
1065 646 1300 688 parumper

254 704 475 746 Bellorum
495 705 643 757 signis,
667 705 861 757 sequitur
881 703 1049 743 vexilla
1071 701 1244 752 Quirini
1259 702 1278 741 'l

252 831 297 865 to,
308 827 446 865 etfasces
458 831 629 858 recusantes
642 837 763 858 manere
778 827 859 857 circu
865 837 892 856 m
907 828 1009 857 domos
1017 826 1223 866 privatorum,
1232 825 1380 854 laetantur
1389 824 1561 863 redeuntes,
1574 822 1713 862 Impera-

252 875 316 900 tore
330 872 467 902 Consule.
490 871 582 901 Vides
593 872 737 910 quomodo
753 872 843 900 (luces
857 870 1021 908 legionum,
1037 872 1067 898 et
1079 868 1224 908 praesides
1238 868 1351 906 legum,
1363 868 1495 897 influunt
1507 871 1604 898 vestes
1616 866 1714 896 Sena-

253 914 364 951 torius,
380 917 409 943 et
419 923 480 953 pro
492 913 706 944 consuetudine
721 913 846 942 Gabina
859 913 990 951 legiones
1006 911 1186 952 differentes
1202 913 1280 940 reste
1295 910 1549 948 progrediuntur,
1573 913 1606 939 et
1616 908 1716 939 vexil-

252 956 292 985 tis
316 957 389 987 belli
408 955 598 995 aliquamdiu
618 955 778 994 depositis,
802 955 991 985 comitantur
1013 954 1154 993 insignia
1179 950 1328 983 Romuli?
1361 952 1486 992 Aquiloe
1511 954 1677 990 gestantur
1693 959 1714 981 a

864 1035 1097 1047 eeeeeeeeeeee

251 1094 369 1132 gir-icus
384 1094 421 1123 de
449 1101 498 1122 1v.
526 1093 698 1122 Consulatu
724 1092 868 1121 Honorii.
892 1091 1014 1121 Petav.
1029 1101 1081 1131 pr.
1099 1090 1299 1130 simpliciter
1311 1090 1469 1121 inscribit
1488 1091 1629 1126 Quartus
1647 1091 1713 1123 Ho-

251 1137 334 1165 nor-ii
365 1136 563 1165 Consulatus.
594 1135 626 1164 in
650 1134 747 1164 Leid.
775 1143 823 1172 pr.
856 1133 975 1163 itidem
1004 1133 1111 1173 priori
1141 1133 1323 1163 continuus
1341 1137 1429 1173 erat,
1454 1137 1490 1164 et
1518 1134 1714 1166 inscribitur

252 1178 349 1208 Liber
363 1178 400 1207 de
415 1180 523 1216 quarto
542 1177 710 1206 Consulatu
725 1176 872 1206 Honorii.

298 1223 313 1250 l
339 1220 521 1258 regentibus
535 1220 616 1250 Vat.
636 1229 686 1259 pr.
703 1219 866 1250 Farn.—2
891 1221 960 1248 vota
977 1217 1095 1249 Ambr.
1113 1221 1194 1249 tert.
1222 1220 1291 1247 voto
1303 1218 1398 1248 Med.
1417 1221 1560 1248 tert—3
1584 1218 1718 1250 Lumina

251 1262 349 1293 Med.
379 1272 430 1302 pr.
462 1262 527 1292 inc.
556 1262 675 1292 Heius.
697 1261 781 1301 passi
806 1262 933 1292 Moret.
950 1270 1001 1301 pr.
1022 1261 1108 1300 passi
1123 1261 1176 1292 vel
1190 1260 1306 1301 passim
1323 1261 1408 1301 Reg.
1437 1263 1552 1300 passim
1565 1260 1716 1292 sedecim

253 1305 322 1342 alii,
338 1304 417 1335 Ala.
431 1314 538 1344 marg.
565 1304 690 1343 lsingr.
708 1309 743 1335 et
769 1304 850 1334 Var.
869 1304 937 1335 LL.
955 1303 1008 1333 ed.
1026 1303 1130 1334 Antv.
1166 1303 1282 1333 morari
1300 1303 1366 1334 duo
1385 1303 1503 1334 Ambr.
1533 1304 1648 1334 morari
1662 1305 1718 1335 vel

250 1347 363 1386 ‘vagari
388 1347 466 1377 Pat.
492 1347 605 1377 morati
631 1347 709 1377 Vat.
738 1356 806 1377 sec.
834 1346 962 1377 Moret.
988 1355 1055 1377 sec.
1074 1346 1168 1377 Leid.
1194 1350 1227 1377 et
1248 1346 1360 1377 oxon.
1379 1356 1445 1377 sec.
1471 1347 1557 1378 Exc.
1574 1346 1717 1379 Gevart.

252 1390 367 1420 morat-i
386 1390 438 1420 vel
455 1389 571 1420 morari
588 1390 672 1429 Reg.
691 1390 725 1419 in
741 1389 822 1420 Jun.
839 1399 888 1428 pr.
903 1389 957 1419 hic
977 1389 1098 1419 tertius
1115 1398 1229 1420 versus
1247 1389 1421 1420 deest.-4
1448 1390 1614 1419 Exsultent
1634 1389 1716 1422 Lov.

251 1432 393 1463 Thotoc.
419 1432 501 1462 Vat.
529 1442 595 1463 sec.
621 1432 735 1463 Oxou.
752 1441 819 1462 sec.
838 1432 932 1462 Med.
948 1436 1029 1462 tert.
1044 1432 1139 1462 Leid.
1154 1441 1223 1463 sec.
1242 1432 1327 1462 Exc.
1346 1431 1492 1463 Gevart.
1517 1431 1644 1469 fratres
1656 1441 1719 1471 pro

245 1474 351 1512 fasces
365 1474 458 1505 Med.
472 1484 539 1505 sec.
552 1484 596 1505 m.
615 1478 731 1514 pr.—5
758 1484 920 1514 regumque
939 1474 1054 1505 Vicet.
1070 1476 1254 1515 longumque
1270 1474 1350 1506 Jnn.
1366 1478 1484 1514 pr.-6
1498 1477 1620 1504 sumunt
1635 1475 1717 1505 Vat-

253 1527 306 1557 pr.
330 1518 428 1548 Farn.
459 1517 552 1548 Med.
582 1521 693 1557 quart.
716 1517 840 1547 Moret.
874 1527 940 1548 sec.
981 1527 1084 1547 amore
1108 1518 1202 1549 Rott.
1232 1527 1269 1547 en
1285 1527 1367 1548 more
1390 1518 1475 1558 legit
1500 1517 1717 1547 Heinsius—

252 1563 272 1590 7
296 1561 418 1591 incedat
445 1560 563 1591 Ambr.
583 1563 699 1600 pr.—S
725 1560 888 1595 Quiritum
903 1560 984 1592 Jnn.
1001 1563 1116 1601 pr.—9
1139 1561 1243 1591 cedere
1256 1561 1338 1592 Var.
1354 1561 1423 1593 LL.
1440 1560 1494 1592 ed.
1516 1559 1622 1590 Antv.
1653 1567 1718 1590 cre-

914 1642 1054 1674 NOTAE

254 1711 420 1753 praeferre
452 1712 662 1753 gloriabatur
692 1722 814 1743 nomen
849 1712 961 1752 Impe-

253 1764 378 1793 ratoris
393 1763 560 1795 Consulis.
599 1763 763 1803 Auspicia
778 1769 891 1794 autem
907 1764 960 1795 hic

253 1817 495 1852 memorantur,
524 1813 602 1853 quia
630 1813 710 1844 olim
744 1814 777 1843 in
803 1813 961 1844 creandis

252 1862 521 1901 magistratibus,
561 1872 640 1893 aves
679 1863 963 1902 inspiciebantur,

253 1921 314 1942 seu
345 1911 497 1951 auspicia
525 1912 767 1952 captabantur,
789 1918 828 1943 ut
852 1914 963 1943 omnia

253 1960 377 1992 tierent
395 1962 584 2001 auspicato,
602 1963 719 2002 sicque
737 1963 890 1994 Deorum
907 1973 962 1993 vo-

254 2010 367 2041 luntas
381 2012 633 2051 exploraretur.

297 2064 317 2091 2
342 2061 467 2100 Induit]
504 2062 608 2094 Quasi
623 2066 758 2093 veteres
777 2063 962 2093 Consulum

255 2111 526 2150 praecedentium
547 2111 686 2142 exuvias
702 2112 864 2152 abjecerit
880 2123 887 2142 ς
913 2113 961 2142 in-

254 2166 327 2191 star
355 2162 538 2201 serpentis,
568 2162 626 2201 qui
651 2172 686 2192 se
703 2172 783 2193 vere
799 2169 959 2193 renovat:

253 2210 310 2240 vel
327 2210 442 2250 potius
467 2211 577 2240 Annus
591 2220 622 2241 se
639 2212 755 2249 induit,
786 2212 819 2242 id
848 2217 912 2251 est,
928 2213 962 2243 in

252 2259 317 2290 lioc
348 2269 435 2290 anno
467 2259 661 2299 Imperator
685 2261 796 2291 induit
812 2271 847 2292 se
866 2267 961 2292 veste

257 2310 449 2348 Consulari,
475 2315 511 2339 et
542 2314 594 2340 est
611 2311 788 2340 continens
808 2320 869 2350 pro
885 2321 962 2341 con-

258 2364 366 2398 tento,
396 2360 661 2400 Metonymieffis.

301 2409 452 2450 Fruitur]
477 2410 582 2442 Quasi
599 2420 705 2441 annus
722 2410 755 2441 id
777 2412 960 2451 optaverit.

255 2461 438 2491 Jactautior
463 2465 557 2492 tauto
585 2461 699 2501 titulo,
725 2466 760 2492 et
780 2460 869 2492 Aula
892 2466 961 2492 tam

257 2509 449 2551 magnilica.

300 2563 320 2591 4
344 2561 485 2592 Reduccs
504 2559 625 2601 fasces]
659 2561 705 2591 Hi
735 2559 962 2600 affigebantur

254 2612 409 2653 postibus
429 2622 557 2653 eorum,
572 2613 628 2653 qui
648 2613 884 2653 magistratum
899 2612 962 2643 ini-

254 2668 352 2694 rent:
388 2663 423 2694 hi
448 2663 667 2703 epulantibus
699 2667 825 2704 praesto
851 2668 961 2702 erant,

256 2715 321 2743 dcc.
370 2713 521 2751 Restat-es,
553 2718 679 2753 antem,
709 2713 805 2754 quasi
841 2713 959 2743 exules

255 2767 356 2794 antea.
383 2761 512 2794 fuerint
529 2773 590 2805 per
614 2763 765 2805 privatas
781 2762 909 2804 domos,
925 2767 960 2794 et

1016 1722 1106 1743 nunc
1141 1712 1184 1743 ab
1213 1712 1368 1744 Honorio
1415 1711 1561 1753 pristino
1598 1711 1719 1743 honori

1016 1763 1252 1794 restituantur.

1058 1817 1078 1844 6
1101 1814 1273 1853 Patricios]
1296 1814 1513 1845 Senatorios:
1536 1822 1642 1843 namu
1657 1812 1720 1844 Pa-

1016 1867 1076 1902 tre,
1101 1863 1255 1903 patricius
1282 1863 1393 1894 factus
1418 1868 1480 1902 est,
1508 1867 1546 1893 ut
1562 1862 1721 1902 aLotere,

1015 1913 1191 1944 latericius:
1223 1914 1405 1944 Senatores
1435 1918 1547 1944 autem
1574 1912 1618 1943 ob
1640 1916 1722 1944 aeta-

1016 1968 1085 1994 tem
1099 1968 1133 1994 et
1146 1963 1361 2003 prudentiam
1375 1963 1585 1993 vocabantur
1593 1966 1722 2002 patres.

1061 2013 1153 2043 More
1170 2012 1308 2052 Gabino]
1345 2013 1443 2043 More
1480 2012 1722 2052 vetustissimo,

1016 2072 1091 2093 cum
1125 2063 1248 2094 milites
1286 2062 1489 2093 Consulibus
1522 2062 1721 2103 parebant:

1016 2113 1149 2144 cinctus
1182 2113 1337 2145 Gabinus
1374 2118 1502 2152 autem,
1533 2117 1584 2144 est
1620 2112 1723 2144 vestis

1017 2163 1128 2203 longa,
1145 2173 1217 2204 seu,
1234 2168 1315 2204 toga
1326 2164 1374 2195 sic.
1388 2164 1421 2194 in
1437 2169 1568 2204 tergum
1581 2164 1723 2204 rejecta,

1018 2217 1056 2243 ut
1072 2222 1138 2243 nna
1154 2213 1227 2252 ejus
1250 2213 1373 2243 lacinia
1400 2213 1567 2243 hominem
1592 2213 1721 2253 cingat.

1016 2264 1110 2294 Serv.
1147 2264 1192 2293 Et
1222 2263 1300 2294 inde
1335 2268 1410 2294 orta
1444 2264 1610 2303 ejusmodi
1640 2269 1722 2304 toga

1017 2316 1125 2351 arcta,
1143 2312 1231 2351 quod
1257 2322 1332 2342 cum
1350 2312 1454 2343 Gabii
1471 2313 1505 2342 in
1523 2313 1722 2354 Campania,

1016 2362 1121 2392 sacris
1137 2362 1198 2392 hac
1216 2367 1309 2393 veste
1323 2368 1519 2403 operantes,
1546 2364 1660 2394 hostes
1677 2373 1722 2394 ex

1016 2411 1200 2451 improviso
1234 2413 1517 2452 supervenientes
1555 2412 1721 2454 fuderint,

1015 2462 1088 2493 haec
1105 2462 1184 2492 inde
1203 2467 1239 2493 ut
1256 2463 1360 2493 vestis
1377 2462 1460 2493 felix
1477 2468 1640 2503 usurpata
1656 2468 1721 2497 est.

1059 2514 1077 2542 7
1102 2512 1261 2551 Discolor]
1288 2512 1366 2542 Non
1383 2521 1424 2542 eo
1443 2513 1571 2550 colore,
1597 2522 1663 2543 non
1681 2523 1722 2544 ea

1015 2565 1124 2599 veste,
1141 2570 1208 2601 qua
1223 2566 1303 2591 ante
1328 2561 1511 2592 utebatur:
1539 2570 1618 2592 nam
1647 2567 1723 2593 tum

1015 2615 1089 2641 erat
1105 2616 1241 2652 togatus
1257 2611 1366 2650 miles,
1390 2611 1447 2652 qui
1463 2615 1564 2642 antea
1580 2615 1655 2643 erat
1671 2621 1722 2643 sa-

1017 2667 1126 2702 gatus.

1059 2714 1077 2741 8
1100 2712 1260 2742 Bellorum
1277 2711 1394 2751 signis]
1432 2710 1566 2752 Aquilia
1582 2714 1617 2742 et
1632 2711 1720 2742 Dra-

1015 2760 1156 2792 cunibus
1173 2771 1180 2793 :
1205 2761 1256 2792 his
1280 2761 1471 2793 addebatur
1487 2761 1634 2795 Honorii
1649 2760 1718 2794 effi·
