1857 3177
606 207 667 236 DE
702 207 767 235 iv.
800 206 938 237 cous.
971 207 1156 238 noNoR.
1507 198 1594 240 299

139 297 251 341 Fata
273 298 639 352 Gruthungorum,
673 300 1023 355 debellatumque
1046 307 1290 355 tyrannum.
1508 303 1595 345 (335

141 366 256 407 Ister
276 368 541 419 sanguineos
561 369 663 419 egit,
697 374 736 409 tc
756 370 964 419 Consule,
996 369 1174 410 fluctus,

138 432 225 474 Sed
247 434 398 487 patriis
415 434 519 474 olim
542 434 686 476 fueras
707 438 989 476 successibus
1008 442 1179 486 auctor,

140 499 272 541 Nunc
295 501 381 541 eris
403 501 498 554 ipse
520 503 617 541 tuis.
677 503 860 555 Semper
882 515 1034 543 venere
1056 503 1263 556 triumphi

139 566 250 608 Cum
267 568 442 618 trabeis,
475 569 758 623 Sequiturque
775 574 873 609 tuos
895 568 1094 609 Victoria
1117 571 1276 610 fasces.

139 634 211 675 Sis
228 648 381 689 precor
401 636 604 677 assiduus
622 637 804 685 Consul,
837 636 1055 688 Mariique
1076 638 1298 691 relinquas
1512 637 1598 678 640

140 702 197 743 Et
216 703 335 743 senis
358 702 546 755 Augusti
568 716 820 744 numerum:
851 716 950 756 quae
968 704 1133 752 gaudia
1155 705 1330 753 mundo,

138 768 224 810 Per
239 776 316 813 tua
334 771 492 824 lanugo
517 785 618 812 cum
641 771 812 824 serpere
834 771 1022 824 coeperit
1042 784 1132 821 ora,

140 919 198 948 tuo
218 916 387 948 Consulatu
403 918 492 949 civile
506 919 662 958 proelium.
689 919 827 949 Mundus
841 918 927 950 debet
944 920 1002 950 tiln·
1018 919 1135 957 funera
1153 920 1420 960 Gruthungorum,
1435 923 1463 950 et
1484 920 1602 960 Tyran-

139 968 211 989 num
224 959 436 1000 profligatum.
482 961 656 998 Danubius,
674 962 805 992 Consule
821 965 862 1000 te,
878 963 971 993 volvit
985 973 1108 993 acervos
1130 967 1336 993 mortuorum
1360 966 1509 994 cruentos.
1556 964 1600 994 At

138 1003 288 1040 quondam
311 1007 418 1034 auctor
432 1004 584 1034 extiteras
599 1003 770 1040 felicitatis
787 1008 938 1044 paternae,
965 1015 1043 1036 nnnc
1066 1005 1127 1036 eris
1141 1005 1205 1044 ipse
1228 1010 1346 1035 auctor
1362 1009 1436 1036 tuae.
1471 1005 1600 1044 Tropoea

138 1053 255 1084 semper
270 1046 466 1085 contigerunt
482 1057 548 1077 cum
572 1047 742 1076 Consulatu
757 1053 828 1085 tuo,
852 1051 881 1078 et
898 1049 1030 1078 victoria
1042 1049 1209 1078 comitatur
1224 1048 1329 1085 fasces
1344 1052 1422 1080 tuos.
1472 1048 1602 1078 Utinam

138 1086 181 1117 eis
198 1087 313 1119 Consul
333 1093 513 1129 perpetuus,
536 1092 566 1118 et
588 1090 713 1128 expleas
738 1099 897 1120 numerum
913 1090 1158 1121 Consulatuum
1184 1091 1283 1120 Marii
1306 1094 1334 1120 et
1350 1090 1488 1129 Augusti
1509 1090 1601 1120 senis.

138 1129 267 1162 Verum
283 1141 350 1171 qua>
362 1131 477 1162 laetitia
493 1131 560 1162 erit
575 1131 666 1171 Orbi,
686 1142 755 1162 cum
773 1132 882 1172 prima
908 1132 1001 1163 barba
1026 1133 1175 1173 inceperit
1197 1133 1309 1163 vestire
1321 1143 1417 1172 genas
1433 1136 1514 1172 tuas,
1531 1141 1600 1162 cum

757 1236 995 1252 ‘'lOONOOOOO

140 1324 222 1355 Lov.
244 1333 286 1354 m.
315 1332 382 1355 sec.
417 1324 497 1363 quod
517 1323 626 1354 debeat
644 1324 741 1354 Farn.
783 1324 933 1355 deliberat
949 1324 1027 1355 Vat.
1057 1327 1214 1365 pr.—G35
1255 1324 1353 1355 Facta
1379 1323 1472 1354 Med.
1491 1328 1601 1363 quart.

144 1366 380 1397 Gotlzunnorum
407 1366 490 1397 Exc.
517 1365 617 1397 Laeti.
652 1366 883 1397 Grotonnorum
899 1367 976 1398 vat.
1002 1377 1051 1407 pr.
1070 1368 1172 1398 Farn.
1197 1367 1427 1405 Grotnngorum
1444 1365 1509 1396 duo
1524 1366 1602 1396 Vat.

141 1408 262 1441 Petav.
280 1419 330 1448 pr.
366 1408 612 1439 Grothontorum
629 1409 709 1440 Lov.
746 1409 1004 1447 Grothungornm
1019 1411 1044 1440 F
1049 1411 1170 1441 lore-nt.
1216 1409 1500 1448 (irotnmnpnorum
1518 1408 1602 1447 Reg.

143 1451 401 1483 Grothumlorum
429 1451 556 1482 Mazar.
583 1451 837 1482 Grothunnorum
852 1453 931 1483 Vat.
955 1456 1036 1483 tert.
1065 1453 1160 1483 Rott.
1187 1451 1421 1481 Grotunnorum
1438 1451 1515 1481 Vat.
1532 1460 1600 1481 sec.

142 1494 220 1526 Pal.
233 1504 284 1535 pr.
301 1494 395 1524 Med.
410 1504 458 1534 pr.
472 1494 685 1525 Put.Moret.
702 1505 753 1534 pr.
780 1495 1037 1525 Gruthunnorum
1050 1494 1145 1526 Med.
1160 1504 1226 1526 sec.
1243 1494 1320 1524 ΑΜ.
1346 1493 1604 1532 Gruthungorum

139 1537 266 1568 Thuau.
285 1536 397 1568 Oxon.
422 1546 471 1577 pr.
485 1536 582 1568 Leid.
603 1546 654 1577 pr.
672 1537 766 1568 Med.
781 1543 890 1578 quart.
907 1538 992 1569 Exc.
1010 1538 1158 1569 Lucem.
1176 1547 1243 1568 sec.
1270 1537 1505 1573 Grutungorum
1521 1536 1602 1567 Exc.

142 1579 226 1610 cod.
251 1580 369 1610 Rhem.
397 1580 516 1610 Sched.
535 1579 627 1611 Gud.
655 1579 891 1611 Grutunnorum
908 1580 988 1612 Jun.
1005 1589 1055 1620 pr.
1080 1580 1197 1611 Ambr.
1216 1590 1283 1611 sec.
1300 1579 1379 1610 Pat.
1401 1579 1464 1608 inc.
1485 1578 1604 1609 Heius.

142 1621 197 1653 ed.
213 1622 327 1652 Parm.
344 1627 380 1652 et
393 1623 503 1653 Vicet.
541 1622 776 1653 Grutonnorum
802 1623 929 1654 Moret.
950 1632 1018 1654 sec.
1043 1623 1278 1662 Grutongorum
1295 1621 1361 1651 duo
1378 1620 1496 1650 Ambr.
1511 1620 1606 1652 Med.

143 1669 253 1705 quart.
281 1664 400 1696 Petav.
429 1669 508 1695 tert.
532 1665 617 1695 Exc.
646 1664 789 1696 Gevart.
823 1665 1077 1705 Gmthongorum
1100 1666 1207 1696 Oisel.
1227 1665 1364 1695 Tliolos.
1393 1663 1515 1694 Petav.
1539 1671 1606 1694 sec.

142 1706 238 1739 Leid.
258 1717 326 1738 sec.
342 1707 425 1739 Var.
440 1707 506 1738 LL.
523 1706 577 1737 ed.
596 1706 808 1739 Antv.—-636
831 1709 1018 1747 sanguineos
1033 1709 1139 1747 exegit
1155 1709 1278 1739 consule
1291 1707 1384 1738 Med.
1402 1715 1467 1736 sec.
1491 1709 1608 1736 montes

143 1754 288 1791 quatuor
300 1750 418 1782 Medd.
436 1754 506 1781 tres
520 1750 642 1781 Petav.
655 1750 800 1782 totidem
814 1750 932 1782 Ambr.
944 1752 1010 1782 duo
1024 1751 1135 1781 Oxou.
1152 1756 1187 1781 et
1203 1751 1295 1782 Leid.
1314 1750 1462 1780 Florent.
1476 1747 1606 1779 Tliuau.

143 1793 274 1824 nazar.
290 1793 421 1824 Bonon.
436 1793 569 1824 Tholos.
587 1793 666 1825 Pat.
681 1794 761 1825 Jun.
779 1803 829 1833 pr.
846 1794 928 1824 Lov.
954 1793 1052 1824 ambo
1068 1794 1194 1824 Moret.
1212 1794 1293 1832 Reg.
1307 1793 1387 1822 Put.
1405 1792 1469 1821 inc.
1488 1790 1605 1821 Heius.

145 1835 229 1867 Exc.
245 1836 389 1867 Lucens.
417 1845 485 1866 sec.
503 1835 558 1866 ed.
575 1835 689 1866 Parm.
716 1841 752 1866 et
768 1836 879 1866 Vicet.
904 1836 986 1866 Ister
1005 1836 1189 1874 sanguineos
1199 1845 1225 1865 e.
1237 1839 1260 1865 t.
1278 1834 1451 1874 astrictus:
1475 1833 1606 1872 Alpinos

139 1879 267 1917 genitor
296 1879 381 1919 rupit
408 1881 439 1909 te
464 1878 586 1908 consule
612 1880 741 1908 montes.
778 1878 883 1908 (iesu.
911 1883 947 1908 et
968 1879 1010 1908 al.
1037 1878 1363 1908 recentiores.—637
1388 1878 1474 1906 actor
1491 1884 1607 1905 omnes

146 1920 242 1952 Vatt.
272 1921 347 1951 Pal.
375 1921 469 1952 Rott.
497 1919 603 1951 oisel.
631 1920 698 1950 duo
728 1920 820 1951 Med.
846 1921 967 1951 Petav.
989 1929 1058 1951 sec.
1074 1919 1191 1950 Ambr.
1210 1929 1276 1949 see.
1293 1919 1360 1949 inc.
1380 1918 1605 1948 Heins.—638

146 1963 217 1993 Non
248 1963 308 1993 erit
336 1963 391 1993 ed.
411 1963 521 1993 vicet.
556 1962 616 1992 erit
639 1962 752 1994 Oxou.
782 1967 818 1993 et
841 1962 1022 1993 duodecim
1045 1960 1270 2001 scripti.'eris
1287 1961 1339 1991 vel
1375 1960 1435 1990 erit
1453 1959 1605 1990 Florent.

146 2009 217 2037 tuus
228 2005 307 2036 Vat.
323 2009 430 2045 quart.
447 2005 553 2035 Oisel.
568 2005 648 2036 Var.
661 2006 728 2036 LL.
741 2005 796 2036 ed.
813 2004 916 2036 Antv.
934 2006 994 2035 crit
1013 2005 1064 2035 ille
1077 2005 1140 2034 tuis
1155 2004 1281 2034 Mazar.
1299 2004 1380 2034 Exc.
1391 2001 1474 2033 eod.
1489 2002 1608 2032 Rliem.

146 2052 218 2078 tuus
235 2048 288 2078 vel
326 2048 391 2078 tuis
417 2048 499 2087 Reg.
526 2046 639 2077 Oxou.
669 2050 827 2087 [ηπ-640
861 2048 983 2078 assidue
1006 2047 1059 2077 ed.
1076 2047 1189 2077 Vicet.
1231 2046 1370 2076 assiduus
1393 2044 1512 2084 viginti
1540 2043 1607 2074 duo

147 2089 256 2121 Codd.
286 2091 369 2121 Exc.
388 2089 531 2121 Gevart.
547 2094 583 2120 et
608 2090 751 2120 Lucens.
779 2099 846 2121 sec.
867 2090 947 2120 item
974 2089 1051 2121 Ald.
1073 2090 1234 2120 Heinsius
1261 2087 1417 2119 rescribit
1439 2086 1606 2116 assiduum.

147 2138 183 2163 nt
207 2142 246 2164 ir.
271 2132 372 2163 cons.
398 2133 530 2163 Stilich.
552 2135 684 2163 vs.212.
709 2133 718 2148 ‘
732 2131 832 2163 Adsis
853 2138 1058 2172 perpetuum
1078 2131 1195 2162 Latio)
1220 2131 1386 2169 matrisque
1403 2130 1512 2159 Oxou.
1529 2138 1548 2157 a
1563 2138 1607 2158 m.

147 2185 199 2215 pr.
222 2175 390 2215 matrisque
407 2175 460 2205 vel
493 2175 653 2214 maraque
671 2175 783 2206 Oxou.
808 2185 876 2206 sec.
909 2175 1062 2215 relinques
1078 2174 1139 2205 inc.
1157 2173 1277 2205 Heius.
1309 2172 1483 2211 relinquens
1500 2170 1606 2202 Oisel.

149 2217 247 2249 Leid.
265 2220 423 2258 pin—641
459 2217 566 2247 mundi
592 2222 662 2248 tres
687 2218 782 2249 Vatt.
806 2218 899 2248 Prie.
930 2218 1021 2248 Rott.
1050 2216 1158 2247 Oisel.
1196 2217 1307 2246 mundo
1323 2215 1400 2245 Vat.
1418 2224 1468 2255 pr.
1486 2218 1521 2244 et
1537 2222 1606 2243 see.

149 2260 225 2292 Pal.
254 2260 349 2291 Med.
381 2269 432 2301 pr.
460 2261 545 2290 Exc.
575 2260 721 2291 Lucens.
752 2262 930 2292 sem—642
961 2269 1094 2290 crescere
1120 2261 1251 2300 coeperut
1267 2258 1348 2290 Jun.
1372 2258 1529 2298 [ηπ-643
1553 2258 1608 2285 tua

813 2366 953 2399 NOTAE

192 2465 254 2494 635
281 2461 477 2503 Tyrannum]
522 2460 854 2502 Odothaeum‚quem
910 2462 1084 2483 numerum
1124 2450 1237 2488 Marii,
1288 2448 1344 2490 qui
1384 2447 1511 2488 septica
1543 2446 1609 2478 fuit

150 2513 358 2545 Theodosius
383 2512 467 2544 vicit
494 2521 554 2543 sua
583 2512 724 2550 virtute,
746 2511 806 2543 sed
837 2521 856 2542 e
911 2503 1059 2540 CODS¹¹¹;
1084 2506 1119 2532 ‘²1
1135 2499 1293 2540 Augusti,
1309 2499 1366 2540 qui
1383 2498 1576 2552 terdeciess·¹

152 2563 356 2603 Claudiano,
373 2562 541 2594 felicitate
559 2562 717 2593 Honorii.
953 2556 1017 2584 642
1051 2553 1180 2590 Lanugo
1209 2559 1276 2580 cum
1299 2558 1436 2604 'serpere
1466 2546 1608 2604 ⁶oe1'.e¹“‘]

193 2616 258 2646 636
281 2614 477 2654 Sanguineas
494 2612 630 2652 fluctus]
675 2611 744 2643 Alii
773 2621 858 2643 mon.
912 2605 1021 2636 Quam
1035 2602 1205 2633 laetabitur
1222 2599 1336 2639 Orb=S‚
1358 2608 1432 2629 cum
1450 2603 1484 2629 te
1502 2607 1608 2628 virum

155 2666 214 2702 tes,
240 2672 380 2694 acervos
405 2667 618 2694 mortuorum
645 2666 806 2694 cruentos
824 2666 859 2693 et
914 2653 1066 2686 Videbit!
1098 2651 1305 2689 Lssnssb'lssem
1335 2657 1462 2689 ponere
1485 2657 1609 2706 {¹¹²²qu

157 2711 307 2744 sublatos
321 2712 429 2744 instar
445 2712 621 2744 montium.
913 2717 988 2739 cum
1012 2704 1147 2746 gaudi0‚
1170 2711 1291 2743 magna
1314 2711 1389 2732 cum
1416 2709 1610 2732 caerlmoma

198 2763 259 2794 641
302 2761 492 2804 Numerum]
551 2762 691 2796 Utinam
719 2763 859 2804 expleas
911 2757 1067 2790 solebant
1082 2754 1171 2797 apud
1188 2753 1353 2796 antiquos.
