1857 3177
506 188 569 219 DE
602 188 746 218 Nth'r.
781 188 967 219 nonen.
1003 190 1062 219 m*
1096 190 1217 221 MAR.
1507 180 1592 225 337

131 284 247 325 Haec
269 296 444 337 quoque
463 283 599 324 velati
618 284 740 324 lauro
759 288 990 338 myrtoque
1008 288 1217 328 canebant
1237 301 1246 329 :

127 352 243 393 Dive
274 350 453 404 parem,
490 364 567 391 seu
600 356 642 392 te
670 354 976 406 complectitur
1011 354 1109 394 axis
1133 354 1326 410 Olympi,
1504 355 1587 397 300

128 417 215 460 Seu
237 419 348 459 colis
374 418 567 471 Elysias,
590 421 826 460 animarum
852 434 1049 472 piarum,
1072 422 1224 474 valles,

127 485 196 527 En
212 487 432 540 promissa
453 488 529 526 tibi
551 488 764 529 Stilichon
780 488 874 541 jam
900 500 996 529 vota
1029 492 1204 543 peregit.

126 553 228 595 Jam
253 559 389 605 gratae
414 555 580 595 rediere
603 557 737 596 vices.
800 555 1031 597 Cunabula
1051 562 1229 610 pensat:

127 620 376 676 Acceptum
399 623 541 663 reddit
561 623 819 663 thalamum:
850 627 1041 675 natoque
1065 626 1248 677 reponit,

128 688 261 740 Quod
284 690 470 731 dederas
491 692 670 743 genitor.
735 689 974 744 Nunquam
997 694 1054 740 te,
1077 697 1245 743 sancte,
1266 693 1434 747 pigebit
1505 693 1593 737 305

126 756 320 799 Judicii:
351 771 433 798 nec
456 762 498 798 te
519 759 662 810 pietas
684 770 893 810 suprema
915 756 1083 799 fefellit.

128 823 317 877 Dignus,
339 837 468 877 quem
488 825 678 876 legeres:
711 824 882 875 dignus,
906 824 978 864 cui
999 825 1186 878 pignora
1208 829 1316 868 tanti

126 890 362 945 Principis,
383 896 427 932 et
447 904 592 932 rerum
613 890 1018 933 commendarentur
1036 892 1234 935 habenae.

122 1012 290 1045 lichenem
306 1012 500 1053 nubeflnrea.
525 1014 657 1045 Milites
672 1015 767 1045 elium
781 1014 921 1045 coronati
933 1015 1018 1045 lauro
1030 1017 1061 1045 et
1075 1018 1176 1055 myrto
1188 1015 1354 1046 cantabant
1367 1015 1449 1048 laec.-
1464 1015 1495 1047 0
1510 1017 1591 1049 Dite

122 1059 227 1097 puter,
255 1056 442 1094 Theodosi,
472 1067 523 1087 seu
557 1058 642 1088 sedes
671 1057 740 1088 coeli
768 1058 903 1098 possidet
931 1061 973 1094 te,
1010 1068 1063 1087 sen
1085 1057 1209 1087 habitas
1235 1059 1329 1088 valles
1356 1059 1491 1099 Elysias,
1515 1070 1592 1100 quae

125 1103 205 1130 sunt
238 1109 352 1130 merces
391 1100 564 1130 animarum
594 1099 746 1137 fortium,
779 1110 845 1131 ecce
887 1099 1018 1131 Stilicho
1048 1101 1210 1138 complevit
1239 1104 1310 1131 rota
1340 1103 1490 1141 promissa
1524 1103 1594 1134 tibi.

125 1143 202 1173 Jam
216 1142 394 1173 vicissitudo
408 1142 546 1180 jucunda
562 1152 683 1173 ret-ersa
709 1146 765 1173 ese.
813 1144 995 1182 Compensat
1012 1149 1046 1173 te
1063 1143 1106 1172 ob
1122 1153 1216 1173 cunas
1227 1152 1314 1174 suas:
1339 1144 1477 1175 restituit
1493 1145 1595 1176 thala-

126 1195 210 1216 mum
234 1189 392 1224 acceptum
416 1194 434 1215 a
460 1192 515 1216 te:
540 1187 701 1225 redditque
717 1185 789 1226 filio
817 1191 886 1222 tuo,
903 1187 981 1225 quod
1007 1190 1041 1216 tu
1066 1188 1157 1226 pater
1177 1195 1377 1217 concesseras.
1426 1187 1594 1227 Nunquam

122 1227 284 1268 poenitebit
298 1232 339 1267 te,
366 1228 449 1258 Dite
474 1228 658 1266 Theodosi,
675 1230 806 1259 delectus
834 1229 895 1258 tui.
942 1229 1049 1267 Neque
1072 1229 1216 1259 voluntas
1241 1232 1380 1259 extrema
1407 1230 1526 1269 decepit
1551 1233 1593 1262 te.

126 1270 261 1310 Dignus
276 1275 352 1302 erat
366 1270 522 1310 Stilicho,
538 1281 625 1311 quem
642 1271 816 1310 deligeres;
835 1270 952 1308 dig-nus
967 1275 1054 1310 crat,
1070 1271 1119 1301 cui
1136 1271 1324 1311 Imperator,
1336 1271 1393 1313 qui
1410 1277 1460 1303 est
1472 1275 1595 1304 tantum

743 1343 978 1354 eeeeeeeeeeee

126 1387 260 1419 Bonon.
289 1387 366 1418 Pat.
391 1397 435 1418 m.
467 1397 518 1428 pr.
557 1388 640 1418 diem
671 1388 724 1418 vel
753 1389 859 1418 ducem
889 1387 968 1419 Vat.
999 1396 1051 1428 pr.
1088 1391 1124 1418 et
1154 1391 1235 1419 tert.
1269 1387 1457 1428 profundere
1491 1389 1595 1422 Fam.

126 1433 235 1462 —299
274 1430 346 1461 Hoc
372 1440 489 1471 quoque
519 1431 605 1471 Reg.
644 1441 809 1471 myrraque
839 1431 933 1462 Med.
965 1432 1153 1462 tem-300
1177 1431 1266 1462 Dure
1291 1441 1406 1471 parens
1427 1432 1508 1464 Jun.
1543 1442 1596 1473 pr.

126 1476 231 1505 —301
265 1474 383 1514 premis
413 1474 493 1504 Vat.
525 1474 585 1504 Pr.
616 1473 690 1504 Pal.
722 1474 814 1504 Prie.
845 1473 953 1504 Oisel.
987 1473 1082 1504 Med.
1109 1483 1160 1513 pr.
1190 1473 1319 1504 Thoan.
1348 1474 1479 1506 Mazar.
1523 1476 1598 1506 colis

125 1517 182 1547 vel
210 1517 327 1556 premis
356 1516 438 1548 Jun.
469 1526 522 1556 pr.
551 1517 630 1547 var.
655 1521 734 1547 tert.
765 1517 913 1547 Florent.
958 1517 1043 1546 sedes
1070 1516 1148 1548 Pat.
1190 1517 1279 1546 colles
1305 1517 1385 1548 Vat.
1412 1526 1480 1548 sec.
1510 1517 1596 1550 Cod.

124 1559 241 1590 Ursin.
289 1560 375 1590 sedes
403 1560 456 1590 vel
487 1560 580 1590 valles
605 1559 797 1590 Pnt.—3o·2
830 1559 990 1599 proemissa
1020 1558 1101 1590 Jun.
1136 1569 1187 1599 pr.
1223 1558 1335 1590 stilico
1371 1559 1450 1590 Vat.
1484 1569 1597 1592 sec.—

126 1604 189 1633 303
213 1602 268 1632 hic
294 1611 410 1632 versus
436 1602 557 1633 decrat
586 1603 619 1633 in
647 1602 725 1633 Pal.
754 1603 806 1632 En
823 1605 926 1641 gratae
953 1602 1020 1632 duo
1043 1602 1124 1632 Vat.
1142 1602 1344 1634 Oise1.Jun.
1360 1611 1413 1643 pr.
1443 1602 1596 1635 Floreat.

126 1653 222 1685 Med.
238 1659 352 1695 quart.
370 1654 448 1685 Ald.
463 1659 573 1694 grates
588 1655 667 1686 Vat.
685 1664 754 1685 sec.
768 1655 839 1693 jam
854 1661 913 1685 ctoe
928 1664 989 1695 pro
1004 1657 1107 1693 gratae
1124 1654 1204 1685 Var.
1222 1655 1291 1686 LL.
1308 1654 1364 1685 ed.
1382 1654 1488 1687 Antv.
1504 1666 1597 1688 cuna-

127 1695 198 1728 bula
212 1702 282 1728 vet.
299 1697 383 1738 Gyr.
400 1697 497 1728 Leid.
516 1708 568 1738 pr.
586 1697 705 1729 Ambr.
721 1707 792 1729 sec.
820 1697 899 1729 Pat.
926 1707 970 1730 m.
989 1707 1040 1738 pr.
1059 1698 1186 1728 Mor-et.
1215 1707 1284 1730 see.
1312 1698 1405 1729 Med.
1432 1703 1511 1729 tert.
1529 1699 1595 1731 duo

126 1739 241 1771 Oxon.
259 1740 344 1771 Cod.
364 1741 479 1780 Epigr.
496 1740 615 1772 Ambr.
642 1739 770 1771 conubia
788 1750 905 1771 omnes
920 1740 1017 1772 Vatt.
1037 1740 1112 1771 Pal.
1131 1741 1232 1771 Farn.
1251 1740 1360 1772 Oisel.
1376 1741 1526 1773 connubia
1541 1743 1597 1773 vel

124 1782 275 1813 cunabula
303 1782 370 1814 inc.
399 1783 521 1814 Heius.
546 1784 676 1816 Mazar.
707 1783 792 1814 Exc.
817 1784 963 1816 LucenS.
982 1793 1034 1824 pr.
1056 1787 1187 1823 pensant
1203 1783 1283 1814 Vat.
1310 1787 1390 1814 tert.
1421 1784 1501 1815 l’ut.
1526 1783 1593 1817 duo

126 1824 253 1856 Petav.
269 1825 322 1858 ed.
340 1826 566 1857 Para—304
590 1830 752 1866 votumque
776 1826 899 1865 reponit
917 1825 1011 1856 Prie.
1028 1826 1170 1865 rependit
1188 1826 1288 1856 Farn.
1306 1825 1402 1856 Med.
1420 1831 1532 1866 quart.
1547 1837 1598 1859 re-

121 1868 213 1908 ponit
229 1869 315 1900 Exc.
332 1869 478 1908 Schotti,
496 1870 528 1900 in
547 1869 667 1910 quibus
685 1869 882 1899 Gronovius
909 1868 1117 1908 ascripserat
1141 1868 1250 1898 locum
1268 1877 1311 1898 ex
1328 1876 1352 1898 ι.
1372 1867 1463 1899 laud.
1485 1868 1596 1901 stilic.

127 1920 179 1942 vs.
196 1914 250 1942 70.
265 1914 408 1952 rependit
425 1913 479 1942 vel
496 1913 617 1952 reponit
634 1912 717 1942 Lov.
742 1911 893 1942 Florent.
918 1910 1014 1941 Med.
1042 1913 1202 1951 pr.--305
1229 1910 1308 1945 Qnoe
1323 1911 1451 1942 dederat
1466 1910 1595 1944 Moret.

128 1962 180 1992 pr.
195 1954 324 1984 dederas
340 1954 462 1985 Petav.
480 1964 532 1994 pr.
549 1959 584 1985 et
601 1955 682 1986 Jun.
700 1964 743 1984 m.
772 1963 841 1984 sec.
860 1954 972 1985 Ursin.
998 1953 1083 1984 Cod.
1101 1953 1232 1983 Mazar.
1250 1952 1367 1984 Barth.
1384 1953 1512 1984 dederat
1528 1954 1596 1986 duo

128 1995 226 2026 Vatt.
244 1996 320 2026 Pal.
337 1997 430 2027 I’ric.
448 1996 663 2027 Rott.oise1.
679 1996 806 2034 genitor
819 1996 948 2027 dederas
963 1995 1101 2026 Tholos.
1119 1995 1240 2026 Ambr.
1254 1995 1382 2026 dederat
1398 1995 1450 2026 vel
1466 1996 1598 2028 dederas

128 2037 256 2069 Moret.
284 2039 415 2078 pigescit
437 2039 521 2071 Var.
551 2039 620 2070 LL.
648 2039 701 2069 ed.
727 2037 941 2069 Antv.-—306
963 2041 1104 2068 extrema
1122 2036 1240 2076 fefellit
1265 2038 1475 2069 Fam—307
1507 2049 1597 2080 quem

128 2081 245 2121 legeres
260 2081 326 2112 duo
342 2082 436 2112 Vatt.
454 2082 530 2112 Pal.
549 2087 619 2112 tres
645 2080 740 2112 Med.
757 2081 836 2112 Put.
854 2081 983 2111 Thuan.
1001 2079 1067 2110 duo
1084 2080 1208 2110 Petav.
1225 2079 1323 2110 Leid.
1340 2089 1392 2119 pr.
1412 2079 1524 2112 Oxon.
1542 2091 1598 2122 pr.

127 2133 172 2154 m.
190 2134 242 2164 pr.
260 2124 345 2155 Lov.
364 2125 496 2155 Bonon.
511 2125 592 2155 Vat.
610 2124 720 2155 Livin.
745 2124 828 2154 Exc.
847 2124 934 2154 Laeti
952 2128 986 2154 et
1000 2123 1147 2154 Lucens.
1164 2122 1213 2153 cui
1227 2123 1310 2161 leges
1324 2122 1391 2152 duo
1406 2122 1486 2154 Vat.
1504 2123 1598 2157 Prie.

129 2166 227 2198 Rott.
246 2167 330 2208 Reg.
348 2167 477 2198 Mazar.
493 2176 579 2207 quem
594 2168 686 2206 leges,
701 2167 769 2205 vel,
784 2166 833 2196 cui
845 2167 927 2205 leges
939 2165 1060 2197 Petav.
1075 2174 1142 2196 sec.
1158 2165 1208 2196 cui
1219 2165 1303 2203 leges
1315 2165 1369 2195 vel
1381 2175 1469 2205 quem
1480 2167 1598 2205 legeres

125 2209 208 2240 Vat.
222 2213 303 2240 tert.
317 2209 396 2242 Jun.
412 2219 460 2250 pr.
472 2210 573 2240 Fam.
589 2209 685 2240 Med.
701 2218 769 2240 sec.
795 2209 928 2248 pignora
938 2211 1028 2239 tantu
1040 2207 1159 2238 Ambr.
1171 2209 1331 2248 ιιι-308
1345 2208 1436 2246 regni
1449 2209 1531 2240 Jun.
1543 2219 1595 2250 pr.

129 2254 228 2282 tantae
245 2252 325 2284 Vat.
342 2262 395 2293 pr.
411 2258 446 2284 et
461 2257 543 2284 tert.
561 2252 636 2282 Pal.
655 2251 748 2282 Pric.
769 2251 875 2282 Oisel.
893 2251 987 2282 Med.
1005 2250 1148 2290 p=·.Put.
1166 2259 1209 2280 m.
1226 2259 1295 2281 sec.
1312 2249 1440 2282 Thuan.
1462 2251 1594 2283 Mazar.

130 2303 234 2325 rerum
246 2295 341 2329 Med.
354 2305 422 2328 sec.
435 2299 533 2329 tantae
545 2295 599 2326 vel
612 2303 714 2326 rerum
724 2293 987 2334 florent-309
1000 2294 1100 2325 dicere
1110 2303 1189 2325 nunc
1197 2302 1315 2334 possem
1327 2293 1408 2324 Vat.
1422 2302 1486 2325 sec.
1497 2293 1593 2327 Med.

796 2378 936 2414 NOTAE

171 2456 234 2486 303
258 2454 391 2486 Rediere
415 2453 512 2494 vices]
535 2453 644 2486 Grata
670 2452 762 2484 redit
785 2453 834 2484 vi—
936 2452 1096 2486 Cunabula
1117 2450 1242 2494 pensat]
1264 2452 1313 2483 Te
1337 2456 1535 2494 compensat
1552 2452 1596 2485 ob

131 2506 307 2547 cissitudo,
322 2516 401 2548 qua,
415 2510 453 2537 ut
470 2509 521 2545 tu,
534 2504 716 2545 Theodosi,
732 2504 834 2536 dede·
889 2513 993 2535 cunas
1009 2509 1045 2536 et
1060 2503 1298 2535 educationem
1314 2512 1417 2534 suam.
1453 2503 1595 2535 Stilicho

129 2565 182 2587 ras
196 2555 300 2588 filiam
317 2556 515 2597 adoptivam
540 2557 702 2587 Serenam
719 2555 835 2596 conju·
890 2554 1018 2597 quippe
1033 2554 1200 2586 educatus
1223 2552 1334 2584 suerat
1351 2563 1370 2584 a
1385 2553 1596 2586 Theodosio.

130 2615 206 2646 gem
221 2607 419 2646 Stilichoni;
443 2609 497 2640 hic
515 2608 662 2640 vicissim
684 2608 743 2639 dat
759 2609 832 2639 Ma·
932 2608 996 2638 306
1021 2606 1143 2647 Pietas]
1164 2605 1346 2646 Supremas
1362 2605 1428 2645 piae
1442 2606 1598 2636 volunta-

130 2656 214 2687 riam
243 2655 346 2688 filiam
378 2658 545 2699 Honorio,
572 2658 689 2699 sicque
720 2658 836 2689 reddit
889 2657 931 2688 tis
948 2661 1134 2699 actus,quo
1151 2655 1354 2687 Theodosius
1369 2655 1594 2689 Stilichonem

132 2706 326 2747 thalamum,
339 2717 398 2739 seu
411 2709 665 2741 matrimonium
680 2709 835 2749 alterum,
888 2707 985 2740 dedit
1002 2707 1159 2740 Honorio
1176 2710 1340 2739 tutorem.

134 2766 192 2788 seu
204 2758 409 2798 alternatim,
425 2758 585 2792 vicissim.

217 2811 336 2855 Delph.
349 2814 377 2844 et
401 2809 473 2844 Var.
493 2812 578 2846 Clas,
817 2811 929 2846 claud.
1475 2813 1506 2844 Y

430 2967 444 2983 ἱ
