1857 3177
284 224 358 254 ci..
391 222 572 252 anun.
603 221 666 250 iv.
700 218 748 247 is
788 216 958 246 Ruris.
994 215 1088 244 mu.
1115 216 1167 245 ιι.
1203 213 1422 244 PnAEFA‘r.
1484 203 1567 243 139

113 319 251 362 Nulla
271 331 348 371 per
370 317 537 357 Aonios
558 316 729 357 hostilis
750 314 939 355 buccina
959 322 1145 363 campos

171 386 378 427 Carmina
399 384 567 435 mugitu
590 383 802 423 deteriore
823 384 954 421 vetat.

114 453 185 494 Tu
206 465 393 506 quoque,
416 451 579 491 securis
600 451 725 503 pulsa
748 448 973 490 formidine
998 444 1200 499 Delphis,
1548 455 1575 479 o

175 521 382 560 Floribus
406 518 606 566 ultorem,
631 517 775 562 Delie,
798 516 920 567 cinge
944 517 1085 553 tuum.

118 586 278 627 Nullus
300 586 519 626 Castalios
540 585 710 633 latices,
732 587 772 623 et
794 581 983 635 praescia
1005 580 1082 619 suti

175 653 377 693 Flumina
398 652 564 705 polluto
595 651 814 691 Barbarus
835 660 908 688 ore
931 646 1056 686 bibit.

118 720 315 775 Alpheus
337 721 422 760 late
446 719 603 767 rubuit,
626 717 908 767 Siculumque
929 726 1007 766 per
1029 724 1181 765 aequor

176 788 450 840 Sanguineas
472 786 574 825 belli
597 783 737 824 retulit
757 781 872 822 unda
891 785 1036 820 notas.
1525 772 1580 814 10

117 855 395 909 Agnovitqne
423 865 561 893 novos
593 840 751 891 absens
773 848 995 889 Arethusa
1026 845 1302 899 triumphos;

176 922 233 962 Et
253 921 456 962 Geticam
480 919 628 967 sensit,
649 921 762 958 teste
785 928 955 964 cruore,
977 927 1145 955 necem.

120 989 365 1037 Immensis,
390 986 614 1034 Stilichon,
641 984 883 1025 succedant
905 983 998 1023 otia
1021 982 1149 1030 euris,

177 1055 233 1096 Et
250 1060 413 1096 nostrae
438 1054 614 1107 patiens
639 1051 774 1092 corda
794 1051 962 1090 remitte
981 1050 1104 1103 lyrae.

120 1145 209 1176 hunc
228 1144 444 1175 Heliconem.
485 1141 571 1173 Tidm
587 1141 669 1171 nulla
686 1140 809 1169 inimica
829 1138 970 1178 prohibet
985 1138 1127 1175 clangore
1144 1135 1271 1166 sinistro
1294 1143 1397 1165 versus
1416 1142 1472 1172 per
1493 1141 1586 1171 agros

121 1188 247 1219 Aonios.
295 1187 339 1217 Τιι
352 1187 458 1224 etiam,
476 1195 494 1216 ο
514 1185 636 1224 Apollo,
652 1181 782 1222 Delphis
798 1181 884 1219 tntis,
899 1181 1009 1210 timore
1022 1179 1139 1217 fugato
1155 1187 1271 1208 exorna
1285 1178 1377 1207 sertis
1392 1176 1586 1206 liberatorem

121 1234 207 1260 tunm
223 1229 453 1260 Stilichonem.
502 1228 597 1257 Nemo
614 1225 763 1255 barbarus
777 1233 827 1253 ore
842 1222 972 1262 profano
990 1225 1074 1261 potat
1101 1221 1233 1260 liquores
1252 1219 1417 1256 Castalios,
1441 1221 1469 1248 et
1493 1225 1588 1256 aquas

121 1273 308 1312 inspirantes
323 1271 450 1308 fictura.
496 1269 632 1308 Alpheus
648 1268 779 1306 undique
794 1266 910 1295 tinctus
923 1268 980 1301 est,
998 1268 1025 1293 cl
1044 1274 1122 1302 aqua
1146 1273 1202 1302 per
1217 1272 1301 1292 mare
1318 1260 1436 1291 Sil-ilice
1452 1260 1586 1289 ostendit

121 1315 212 1353 signa
228 1311 601 1352 sanguinolentaproelii:
623 1313 715 1348 atque
744 1307 901 1338 Arethusa
923 1309 1040 1335 remota
1067 1305 1209 1343 cognorit
1232 1303 1378 1333 victorias
1393 1305 1539 1338 recentm,
1555 1303 1585 1330 et

121 1366 162 1388 ex
177 1356 352 1387 testimonio
367 1354 527 1393 sanguinis
542 1350 760 1383 animadvertit
776 1350 892 1380 cladem
916 1349 1081 1378 Getarum.
1128 1348 1158 1377 0
1177 1346 1322 1382 Stilicho,
1337 1344 1422 1384 quies
1444 1345 1588 1382 sequatur

740 1437 757 1447 e
763 1433 978 1450 rteelaeeeeee

120 1491 293 1534 proemissis
323 1490 419 1522 Rott.
452 1490 604 1521 Florent.
635 1488 729 1519 Med.
762 1497 831 1518 sec.
863 1486 972 1517 Colin.
1019 1483 1177 1525 permistis
1206 1483 1285 1514 Pat.
1317 1481 1433 1512 Ceteri
1474 1489 1590 1511 omnes

125 1535 272 1566 melioris
305 1539 410 1570 notae,
438 1534 521 1563 Exc.
554 1533 697 1562 Lucens.
729 1529 807 1560 Ald.
833 1529 887 1560 ed.
904 1529 1018 1559 Parin.
1046 1533 1082 1558 et
1100 1527 1211 1557 Vicet.
1234 1524 1405 1565 permissis.
1432 1523 1591 1554 Heinsius

126 1588 187 1619 pro
203 1578 276 1608 licet
299 1577 384 1615 legit
399 1576 483 1606 libet.
500 1574 600 1605 choris
617 1573 669 1604 vel
695 1573 776 1603 rotis
798 1573 877 1603 Vat.
895 1581 944 1611 pr.
968 1571 1067 1601 choris
1083 1569 1135 1599 vel
1160 1570 1254 1599 comis
1270 1567 1482 1597 Floreiit.—-4
1507 1568 1591 1596 vetat

124 1621 179 1651 vel
208 1623 299 1650 canat
330 1620 409 1649 Vat.
429 1622 543 1658 pr.—5
573 1617 613 1648 Te
630 1626 744 1656 quoque
775 1615 968 1645 Mamm—(3
1009 1613 1100 1643 Delia
1130 1611 1204 1641 Pal.
1229 1611 1307 1641 Dele
1349 1609 1473 1647 recinge
1506 1607 1591 1638 Exc.

128 1664 271 1694 Lucens.
301 1663 430 1692 sem-7
450 1660 535 1699 sacti
563 1659 618 1690 ed.
649 1659 829 1689 Parim—8
853 1657 937 1687 bibat
954 1656 1060 1687 Oisel.
1089 1654 1215 1685 Moret.
1238 1653 1367 1683 Timaui.
1397 1652 1488 1681 Prie.
1516 1649 1592 1680 bibit

127 1707 213 1736 Exc.
231 1706 376 1735 Lucens.
395 1713 445 1743 pr.
463 1702 543 1733 bibet
557 1701 678 1742 reliqui
696 1710 816 1740 niagno
833 1709 988 1737 numero,
1005 1699 1089 1728 Exe.
1108 1697 1251 1728 Gevart.
1276 1696 1421 1725 Lucens.
1448 1702 1515 1723 sec..
1540 1693 1594 1723 ed.

128 1749 244 1779 Parm.
275 1752 311 1777 et
327 1747 529 1777 vicen—10
553 1754 603 1775 ore
631 1744 684 1774 vel
712 1744 795 1774 unda
825 1743 995 1773 Pac—11
1021 1740 1227 1778 Admorilque
1257 1738 1355 1767 Rott.
1384 1735 1594 1775 Agnoscitque

128 1790 205 1821 Pal.
238 1789 335 1820 Med.
361 1791 498 1828 pi·.—l2
523 1788 567 1818 Et
588 1786 730 1817 Geticam
758 1790 826 1816 vet.
843 1785 929 1826 Gyr.
946 1784 1028 1814 Vat.
1046 1783 1120 1813 Liv.
1145 1782 1297 1811 Florent.
1316 1779 1383 1809 dno
1400 1778 1495 1808 Med,
1510 1786 1594 1807 unus

130 1833 252 1864 Heius.
272 1833 355 1862 Exe.
376 1831 552 1871 utriusque
570 1830 716 1860 Lucens.
735 1828 879 1858 Gildonis
902 1827 967 1857 duo
985 1825 1098 1855 Oxou.
1114 1823 1181 1854 duo
1198 1823 1318 1853 Heius.
1338 1821 1481 1852 totidem
1501 1819 1596 1850 Med.

130 1880 165 1906 et
192 1875 269 1905 Vat.
288 1875 387 1904 Farn.
418 1874 515 1904 Rott.
545 1872 638 1902 Prie.
661 1871 774 1901 Vicet.
803 1871 926 1909 Isingr.
974 1869 1019 1898 Et
1038 1867 1181 1897 Geticam
1198 1865 1249 1895 vel
1269 1864 1415 1895 Gildonis
1434 1863 1515 1893 Vat.
1544 1871 1596 1902 pr.

128 1918 222 1948 Prie.
237 1918 269 1947 in
283 1917 336 1947 ed.
350 1916 453 1947 Antv.
468 1916 580 1946 Plant.
596 1914 756 1944 Heinsius
769 1916 950 1943 notaverat
963 1920 1058 1950 seqq.
1070 1911 1078 1925 ⁴
1091 1908 1194 1940 Gildo
1208 1905 1412 1937 interfectus
1427 1905 1459 1935 in
1470 1904 1596 1935 Sicilia.

131 1960 271 1999 Gyrald.
283 1961 392 1990 locum
407 1958 494 1989 male
509 1955 704 1988 intellexit.'
716 1956 810 1985 sentit
821 1955 1042 1985 ‘ninam—13
1054 1951 1184 1982 Stilicho
1196 1950 1276 1981 Vat.
1289 1958 1338 1989 pr.
1350 1948 1508 1978 succedent
1518 1946 1595 1976 Pal.

790 2033 934 2065 NOTAE

176 2106 194 2134 3
218 2101 350 2141 Aonios]
376 2100 482 2132 Aonia
501 2110 578 2141 pars
611 2103 663 2130 est
680 2102 839 2129 montana
937 2090 1311 2133 Proesciusatiflumina]
1327 2091 1412 2123 Quae
1429 2088 1599 2130 inspirant

133 2151 293 2191 Boeotiae,
309 2151 418 2182 Musis
431 2161 537 2181 saera.
894 2145 1015 2182 fatum,
1034 2154 1090 2175 seu
1109 2142 1302 2173 futurorum
1320 2140 1497 2171 notitiam:
1520 2149 1599 2170 nam

178 2202 274 2233 Nulla
301 2201 425 2232 buccina
452 2200 590 2230 carmina
617 2198 718 2238 vetat]
764 2197 841 2228 Hoc
896 2199 904 2213 ‘
922 2195 1055 2226 fatidici
1072 2199 1166 2224 vates
1181 2193 1201 2223 ι’
1227 2191 1408 2222 Ausonius.

134 2257 199 2291 cst,
215 2252 342 2282 nullum
361 2251 485 2281 belluni
504 2254 605 2280 vexat
621 2250 748 2280 doctos.
939 2249 959 2276 9
983 2243 1136 2285 Alpheus]
1160 2241 1298 2273 Fluvius
1322 2240 1429 2271 Elidis
1455 2239 1487 2270 in
1506 2238 1602 2270 Grae·

177 2307 195 2334 5
210 2301 355 2342 Delphis]
371 2300 460 2331 Urbs
479 2300 549 2330 haec
563 2303 616 2329 est
632 2297 674 2328 ad
692 2297 842 2328 radicem
897 2299 961 2337 cia,
987 2298 1047 2329 sed
1066 2297 1122 2338 qni
1140 2305 1202 2336 per
1219 2299 1371 2325 secretos
1387 2294 1490 2324 maris
1513 2301 1602 2323 mea-

134 2353 309 2391 Parnassi,
330 2352 497 2392 Apollinis
514 2351 651 2382 oraculo
668 2349 823 2394 celebris.
897 2353 951 2379 tus
970 2346 1125 2388 pervenit
1141 2345 1182 2376 ad
1200 2344 1330 2375 fontem
1344 2342 1548 2374 Arethusam
1567 2341 1601 2372 iu

178 2407 199 2435 6
227 2403 382 2442 Ultorem]
406 2402 639 2433 Stilichonem.
896 2399 1024 2430 Sicilia.
1055 2397 1155 2429 Unde
1171 2396 1349 2435 utriusque
1367 2402 1498 2424 amores
1514 2391 1602 2423 cele-

180 2454 290 2494 Delie]
314 2452 437 2492 Apollo
460 2452 582 2483 Delius
608 2452 802 2491 appellatur
826 2460 845 2480 a
898 2450 1041 2480 brantur
1057 2458 1075 2478 a
1090 2446 1221 2477 Poetis.

141 2505 233 2537 Delo
251 2504 351 2535 maris
364 2502 472 2543 AEgaei
489 2502 609 2538 insula,
622 2501 654 2532 in
669 2510 734 2541 qna
749 2504 848 2530 natus
944 2502 982 2530 11
1008 2498 1129 2530 Absens
1145 2493 1314 2533 Arethusa]
1341 2492 1424 2523 Haec
1440 2492 1515 2523 Dea
1531 2491 1605 2523 fon-

142 2561 202 2587 est·
902 2550 945 2581 tis
968 2548 1176 2589 cognominis
1206 2544 1363 2584 cognovit
1387 2543 1528 2573 ahsente
1556 2552 1606 2582 se,

182 2609 201 2637 7
228 2604 396 2644 Castalios]
431 2603 600 2644 Castalius
631 2602 705 2632 fons
722 2606 776 2633 est
804 2601 845 2632 ad
902 2606 936 2632 et
969 2599 1082 2631 forsan
1114 2597 1281 2637 Alpheum
1308 2598 1490 2624 amatorem
1522 2592 1606 2623 invi-

144 2655 291 2686 radicem
312 2654 485 2693 Parnassi,
502 2654 609 2684 Musis
630 2663 738 2684 sacer.
785 2652 847 2683 Di·
902 2656 1009 2689 sente,
1036 2651 1157 2681 relatas
1174 2657 1247 2677 esse
1263 2656 1280 2676 a
1296 2644 1482 2675 Stilichone
1501 2653 1603 2673 novas

1346 2696 1352 2708 V

143 2705 230 2736 citui·
256 2715 274 2735 a
290 2705 451 2740 Castalia,
479 2714 553 2744 quae
576 2703 773 2744 Apollinem
796 2702 846 2735 fn-
902 2702 1063 2733 victorias
1081 2701 1122 2730 de
1140 2698 1250 2735 Getis,
1274 2696 1306 2725 in
1325 2694 1474 2733 ormi-ia,
1500 2693 1603 2734 idque

144 2755 250 2796 giens,
264 2755 299 2785 in
314 2755 402 2786 hunc
419 2753 548 2785 fontem
565 2763 731 2785 conversa
747 2758 812 2784 est.
895 2751 1065 2792 judicavit
1080 2760 1121 2782 ex
1138 2754 1249 2787 strage
1268 2750 1301 2777 et
1317 2744 1391 2776 fuso
1410 2743 1584 2785 sanguine.
