1852 3193
219 202 303 245 184
713 212 787 243 OL.
819 212 1099 244 CLAUDIAM
1133 213 1176 242 v.

217 306 427 348 Traderet
446 306 612 347 insanis
632 306 821 348 Latonia
843 309 965 359 virgo
989 306 1212 347 Molossis.
1587 306 1672 348 420

219 374 542 416 criminibusne
566 375 652 414 tuis
675 387 844 426 speras,
870 374 1072 422 Fortuna,
1091 372 1287 415 mederi?

217 441 275 482 Et
295 443 408 482 male
429 443 632 483 donatum
655 448 797 481 certas
825 454 999 494 aequare
1020 441 1216 481 favorem

218 510 495 563 Suppliciis?
532 523 611 549 una
635 514 693 549 tot
718 509 851 548 millia
876 513 1011 548 morte
1032 508 1266 561 rependis?

217 576 396 617 Eversis
419 578 599 627 agedum
619 576 825 616 Rufinum
847 576 992 616 divide
1013 577 1148 617 terris.

218 644 290 685 Da
311 652 443 698 caput
467 646 669 698 Odrysiis
687 659 696 686 :
728 649 926 685 truncum
948 649 1191 685 mereantur
1212 642 1385 686 Achivi.
1587 642 1673 683 425

217 710 335 761 Quid
360 715 536 767 reliquis
558 714 764 753 dabitur?
798 726 876 753 nec
899 713 1067 765 singula
1087 713 1282 753 membra
1302 712 1508 765 peremtis

213 832 387 863 Actoeonem
404 833 655 871 transformatum
677 843 769 864 cornu
795 835 963 873 repentino.
1011 832 1041 863 O
1063 833 1210 869 Fortuna,
1225 843 1263 862 an
1280 832 1381 862 credis
1396 836 1429 862 te
1454 840 1540 871 posse
1554 829 1672 861 mederi

211 875 372 905 sceleribus
387 874 473 906 tuis?
507 880 534 906 e!
552 877 671 906 conaris·
685 881 847 914 azlaequv
872 876 969 915 poenis
992 876 1132 906 honorem
1150 877 1227 905 male
1242 874 1371 906 dutum?
1408 874 1595 904 Remuneras
1609 883 1670 904 una

211 921 311 947 morte
323 918 549 948 multitudinem
562 922 681 949 tuntum
691 929 838 949 caesorum
849 918 864 949 ¹!
885 920 955 950 Eia.
967 920 1086 958 partire
1103 918 1248 958 Rufinum
1262 918 1328 948 orbi
1340 919 1509 947 destructo:
1525 918 1565 946 da
1579 918 1670 956 caput

215 959 397 998 Thracibus,
414 961 519 990 Graeci
534 961 664 991 habeant
682 965 836 991 truncum.
895 962 978 996 Quid
996 961 1161 991 donabitur
1175 958 1311 991 ceteris?
1336 960 1444 1000 Neque
1459 958 1593 989 membru
1606 959 1670 989 sin·

823 1063 1057 1075 eeeeeeeeeeee

210 1129 354 1159 anens.
370 1138 438 1160 sec.
481 1138 568 1159 cerro
597 1129 724 1159 Moret.
750 1138 816 1160 sec.
844 1130 927 1159 Exc.
952 1129 1030 1159 Par.
1055 1139 1124 1161 rec.
1140 1134 1175 1160 et
1191 1129 1244 1161 ed.
1270 1131 1492 1162 νήει-420
1519 1131 1668 1162 Proderet

209 1171 334 1201 Moret.
352 1181 420 1202 sec.
453 1172 517 1201 visa
536 1172 617 1201 Exo.
633 1172 776 1203 Lucens.
792 1182 859 1203 sec.
878 1171 926 1201 ita
940 1171 1046 1203 Gesn.
1062 1178 1097 1203 et
1114 1173 1192 1212 Bip.
1227 1173 1315 1211 virgo
1330 1174 1476 1213 quinque
1493 1174 1574 1204 Vat.
1592 1174 1668 1206 Pal.

208 1213 307 1244 Farn.
323 1213 415 1244 Prie.
435 1213 543 1244 Oisel.
587 1215 707 1244 molosis
731 1224 792 1254 pro
819 1215 953 1245 molossis
981 1215 1105 1246 noret.
1132 1215 1243 1254 ambe,
1263 1215 1354 1246 Leid.
1383 1216 1461 1252 (luo,
1478 1220 1514 1246 et
1539 1216 1668 1246 Lov.-—-

205 1259 267 1287 421
292 1266 398 1296 speras
418 1257 565 1286 Floreut.
587 1257 668 1287 Eme.
685 1258 829 1287 Lucens.
847 1266 914 1287 sec.
938 1258 1046 1287 credas
1061 1258 1114 1289 ed.
1130 1259 1242 1288 Vicet.
1273 1268 1378 1297 speras
1394 1260 1444 1288 vel
1459 1259 1559 1288 credis
1573 1259 1669 1289 Rott.

205 1298 302 1329 Med.
319 1308 386 1328 sec.
428 1301 527 1329 credis
543 1300 596 1328 alii
615 1309 734 1338 magno
751 1308 904 1330 numero.
922 1300 1005 1329 Exo.
1026 1301 1125 1332 Laeii,
1142 1301 1281 1330 Gevarr.
1301 1301 1379 1332 Ald.
1409 1307 1441 1330 et
1469 1301 1524 1331 ed.
1555 1302 1666 1332 Parm.

205 1341 255 1371 ita
272 1341 378 1372 Gesn.
395 1346 429 1371 et
450 1342 522 1381 Rip.
567 1351 688 1380 (equare
705 1341 847 1379 favorem
864 1352 925 1382 pro
944 1343 1082 1373 Fortuna
1096 1344 1209 1373 mederi
1225 1344 1409 1374 Par—122
1424 1343 1568 1381 furorem
1584 1344 1666 1376 Put.

205 1393 249 1414 m.
268 1393 318 1423 pr.
353 1383 495 1421 furorem
513 1384 720 1421 velsavorem
737 1385 821 1424 Reg.
866 1388 966 1415 certas
986 1386 1060 1415 Pat.
1076 1386 1226 1416 Florent.
1244 1386 1337 1416 Med.
1356 1396 1422 1417 sec.
1451 1387 1529 1416 Vat.
1554 1386 1666 1418 Lirin.

204 1426 349 1457 Lucens.
366 1436 433 1456 sec.
480 1427 581 1457 credis
602 1427 712 1457 &niba
729 1437 780 1467 pr.
800 1428 877 1458 Vat.
894 1438 960 1459 sec.
980 1428 1061 1458 Lov.
1081 1428 1201 1458 Sched.
1219 1428 1310 1460 Gud.
1340 1429 1396 1459 lib.
1423 1429 1542 1459 Barth.
1560 1430 1668 1459 credas

205 1469 302 1500 Leid.
345 1478 450 1508 sperus
468 1470 588 1510 reliqui
606 1479 735 1507 omnes,
756 1470 839 1501 Exc.
858 1470 957 1508 Laeti,
973 1471 1116 1502 Gevart,
1133 1472 1213 1502 Var.
1230 1472 1295 1502 LL.
1322 1472 1374 1503 ed.
1405 1470 1509 1502 Antv.
1533 1470 1613 1502 Ald.
1630 1476 1667 1503 et

204 1511 259 1542 ed.
278 1511 387 1543 vicet.
405 1512 452 1543 ita
469 1512 574 1543 Gesn.
587 1518 621 1542 et
637 1513 714 1552 ssip.
730 1513 866 1544 Fortuna
882 1514 997 1544 mederi
1015 1523 1073 1553 pro
1089 1513 1363 1554 aequarefuvor*en1
1378 1514 1561 1545 Par—423
1577 1513 1667 1553 forte

203 1553 324 1585 Ambr.
343 1564 394 1594 pr.
441 1556 566 1595 rependi
583 1555 763 1586 Helm-aest.
791 1556 839 1586 ita
868 1556 973 1587 Gesn.
992 1562 1027 1587 et
1044 1557 1231 1596 Rip—424
1257 1556 1354 1587 deest
1379 1557 1434 1587 hic
1458 1567 1576 1588 versus
1602 1557 1669 1588 Lu·

203 1598 295 1627 censi
313 1600 489 1628 see—425
517 1598 664 1638 Odrysiis
678 1598 772 1629 Med.
795 1604 903 1639 quart.
920 1605 988 1629 vet.
1013 1599 1096 1639 Gyr.
1126 1606 1160 1630 et
1189 1600 1311 1631 incer-t.
1344 1599 1460 1630 Heius.
1507 1599 1668 1639 Othrysiis

203 1644 348 1680 quatuor
363 1640 443 1670 Vat.
462 1640 538 1670 Pal.
564 1641 666 1672 Fam.
693 1641 785 1672 Prie.
816 1641 923 1673 Oisel.
971 1643 1111 1682 Otrysiis
1135 1642 1262 1673 Moret.
1280 1642 1393 1678 ambo,
1412 1641 1490 1673 Ald.
1516 1647 1553 1673 et
1578 1643 1663 1674 Exc.

202 1682 345 1714 Gevart.
393 1682 524 1713 Otrisiis
550 1683 633 1715 Lov.
658 1684 768 1715 Leid.·
783 1694 833 1725 pr.
857 1685 969 1715 Oxou.
994 1687 1173 1715 see—426
1195 1684 1322 1715 dabitur
1336 1684 1463 1724 reliquis
1479 1684 1575 1715 Med.
1594 1695 1663 1716 sec.

861 1780 1008 1813 NOTAE

241 1855 306 1884 420
330 1853 467 1885 Latonia
487 1855 591 1896 virgo]
640 1856 753 1887 Diana
765 1856 905 1887 Latonae
961 1854 1176 1895 proverbium
1192 1867 1198 1886 :
1223 1856 1231 1872 ‘
1244 1855 1363 1887 Solvat
1377 1856 1410 1886 in
1424 1860 1517 1896 cute,
1529 1856 1666 1897 quinon

199 1901 281 1934 filia.
960 1910 1076 1945 potest
1092 1906 1225 1936 solvere
1246 1906 1280 1936 in
1297 1915 1364 1936 aere
1379 1905 1399 1936 :'
1433 1907 1496 1937 hoc
1514 1912 1580 1945 est,
1607 1917 1664 1939 oc-

243 1953 400 1995 Molossis]
444 1955 596 1987 Canibus
613 1957 661 1988 sic
679 1957 778 1988 dictis
797 1967 817 1987 a
834 1957 907 1988 Mo-
961 1956 1106 1994 eidatur,
1132 1957 1189 1997 qui
1206 1957 1350 1988 reddere
1367 1957 1519 1988 debitum
1534 1958 1664 1998 nequit.

196 2001 299 2033 lossia
315 2004 411 2044 Epiri
429 2010 527 2044 parte
546 2006 578 2036 in
596 2006 755 2037 Graecia:
781 2006 826 2037 ibi
843 2017 902 2047 op·
961 2005 1037 2036 Hoc
1054 2012 1168 2037 tamen
1184 2006 1311 2037 facturn
1328 2017 1402 2038 esse
1418 2017 1517 2038 nemo
1534 2012 1665 2039 narrat.

197 2051 271 2084 timi
287 2063 387 2085 canes
403 2055 635 2087 celebrantur.
958 2055 1045 2085 Nam
1071 2065 1113 2086 ex
1138 2056 1371 2095 Tertullian03
1401 2059 1410 2074 ‘
1428 2057 1581 2098 Populus
1597 2058 1665 2090 Ro-

238 2105 301 2134 421
342 2104 585 2145 Cn‘mim'bzaene]
632 2105 684 2136 An
721 2116 851 2147 speras,
882 2116 901 2138 ο

197 2152 360 2192 Fortuna,
374 2155 471 2184 unius
491 2155 604 2185 Rufini
621 2161 728 2187 morte
754 2162 788 2187 te
805 2166 902 2197 posse
923 2181 930 2185 .

196 2202 325 2233 mederi
341 2203 552 2243 criminibus,
565 2215 655 2245 quae,
672 2215 711 2236 eo
729 2206 901 2246 adjutore,

195 2252 367 2293 patrasti?

237 2305 300 2334 422
326 2302 412 2333 Male
426 2303 587 2344 donatum]
633 2304 758 2336 Rufino
775 2307 901 2338 homini

193 2352 400 2383 immerenti.

235 2405 298 2434 423
324 2404 494 2444 Rependis]
530 2404 585 2435 An
602 2415 669 2436 una
684 2405 796 2438 Rufini
812 2417 899 2438 mor-

193 2457 240 2493 te,
265 2453 379 2485 reddis
407 2459 457 2486 tot
481 2455 587 2487 millia
612 2457 793 2499 homiuum,
818 2468 899 2499 quon

196 2504 348 2536 occidit?

236 2558 299 2587 42⁴
323 2557 454 2597 Divide]
488 2557 658 2599 Discerpe
678 2559 846 2600 Rufinum,
862 2566 897 2593 et

193 2604 307 2638 divide
342 2609 453 2646 terris,
485 2618 568 2650 quas
599 2611 738 2649 evertit,
774 2612 896 2652 quibus

194 2656 268 2696 ejus
286 2668 382 2698 poena
399 2658 555 2689 debetur.
610 2659 743 2692 Alludit
768 2662 810 2693 ad
838 2662 896 2693 de-

193 2706 336 2746 bitores,
353 2718 434 2749 quos
458 2709 493 2739 in
519 2708 629 2741 frusta
644 2711 841 2753 discerpere
857 2713 895 2743 li-

194 2755 306 2797 cebat,
322 2757 350 2788 si
366 2759 528 2791 solvendo
543 2769 611 2791 non
627 2765 753 2797 essent.
792 2762 893 2795 Unde

957 2116 1072 2137 manus
1089 2107 1208 2138 maluit
1223 2107 1366 2139 hominis
1383 2108 1583 2150 sanguinem
1597 2108 1664 2141 suf·

955 2155 1111 2194 fundere,
1129 2168 1227 2198 quam
1244 2157 1445 2189 effundere.’

997 2210 1059 2238 425
1087 2207 1248 2247 Odrysiis]
1295 2208 1435 2248 Odrysii
1450 2213 1529 2239 sunt
1544 2208 1661 2249 populi

954 2257 1127 2288 Thraciae:
1165 2262 1338 2298 ponuntur
1364 2268 1426 2299 pro
1452 2259 1535 2300 ipsis
1556 2260 1660 2291 Thra-

954 2307 1062 2346 cibus,
1078 2318 1154 2348 pars
1171 2318 1232 2348 pro
1249 2314 1335 2340 toto.

997 2359 1127 2399 Achivi]
1158 2360 1283 2401 Populi
1299 2360 1457 2392 Aeliaiae:
1485 2365 1660 2402 ponuntur

953 2419 1015 2450 pro
1028 2411 1108 2450 ipsis
1121 2411 1266 2450 Graecis,
1278 2421 1354 2452 pars
1368 2411 1487 2443 itidem
1500 2422 1561 2453 pro
1573 2417 1662 2446 toto,

999 2461 1169 2501 Truncum]
1190 2462 1324 2502 Corpus
1339 2471 1524 2502 exsangue,
1539 2463 1657 2504 capite

953 2517 1142 2552 amputato.
1209 2512 1373 2553 Virgilius
1411 2512 1452 2543 de
1493 2513 1631 2546 Priamo
1646 2525 1656 2546 :

951 2561 960 2577 ‘
978 2561 1080 2594 Jacet
1102 2564 1219 2602 ingens
1245 2563 1363 2594 littore
1383 2567 1538 2603 truncus,
1551 2563 1658 2595 Avul-

950 2621 1090 2654 sumque
1115 2614 1261 2645 humeris
1286 2618 1404 2654 caput,
1433 2618 1470 2645 et
1495 2613 1569 2644 sine
1595 2623 1656 2645 no-

949 2665 1040 2696 mine
1058 2666 1205 2707 corpus!

991 2717 1056 2747 426
1081 2717 1166 2752 Quid
1182 2716 1308 2758 reliquis
1320 2716 1462 2757 dabitur]
1495 2716 1530 2748 Si
1546 2716 1653 2749 Thra-

949 2775 1005 2798 ces
1020 2772 1124 2808 caput
1136 2767 1295 2809 habeant,
1306 2771 1342 2799 et
1353 2767 1469 2799 Graeci
1481 2770 1651 2800 truncum.
