1852 3193
203 191 292 234 204

672 201 751 232 GL.
784 199 1069 230 CLAUDIAM
1104 198 1190 228 vll.

205 298 275 339 De
295 296 465 351 spoliis,
488 295 777 349 Scythicosve
801 306 942 342 arcuS,
965 296 1039 333 aut
1057 294 1188 345 rapta
1209 291 1395 334 Gelonis

205 364 409 418 Cingula,
432 364 500 405 vel
524 364 723 418 jaculum
747 362 875 409 Daci,
897 360 963 400 vei
987 360 1126 400 fraena
1146 359 1296 401 Saevi.

205 432 288 474 Ille
309 432 555 474 coruscanti
587 432 744 484 clypeo
766 432 804 469 te
826 441 946 481 saepe
970 427 1184 467 volentem

206 499 393 541 Sustulit
412 499 618 546 arridens,
639 501 681 537 et
702 499 880 549 pectore
902 495 1065 548 pressit
1086 494 1240 535 anhelo

1606 493 1663 535 30

206 567 471 620 Intrepidum
492 566 608 614 serri,
630 564 767 617 galeae
789 577 871 603 nec
894 563 1014 603 triste
1046 563 1264 603 timentem

205 634 383 688 Fulgur,
403 640 445 675 et
464 634 520 674 ad
542 644 739 673 summas
761 631 1004 672 tendentem
1026 629 1207 670 brachia
1227 628 1395 671 cristas.

203 702 318 743 Tum
340 701 405 741 sio
426 702 558 741 laetus
577 700 664 740 ait:
697 699 801 740 Rex
822 712 849 739 o
871 698 1082 739 stellantis
1106 696 1303 751 Olympi,

203 768 328 811 Talis
349 769 588 823 perdomito
607 768 755 808 redeat
774 766 881 808 mihi
902 767 1018 807 filius
1034 765 1171 814 hoste,

203 835 440 890 Hyrcanas
459 836 697 890 populatus
719 848 842 888 opes,
864 838 941 874 aut
962 832 1084 874 caede
1105 832 1319 885 superbus

206 901 416 959 Assyria:
451 904 517 944 sic
540 916 642 943 ense
662 903 837 951 rubens,
862 901 927 942 sic
947 900 1119 941 flamine
1141 899 1291 940 crebro

202 1069 293 1092 arcus
308 1059 509 1100 Scytharum,
538 1067 589 1088 seu
613 1057 729 1088 balteos
753 1061 872 1097 ereptos
897 1057 1035 1095 Gelonis,
1051 1065 1103 1086 seu
1117 1056 1179 1086 tela
1209 1055 1303 1093 Daci,
1333 1064 1386 1085 seu
1401 1054 1534 1085 habenas
1556 1055 1664 1087 Sueri.

202 1103 261 1134 Ille
276 1107 374 1142 pater
388 1101 546 1131 blandiens
571 1100 686 1130 extulit
701 1100 886 1141 frequenter
901 1108 1003 1138 super
1025 1101 1144 1128 scutum
1158 1097 1274 1127 micans
1289 1100 1318 1127 te
1337 1098 1507 1136 laetantem,
1536 1102 1567 1128 et
1579 1108 1665 1138 pres-

201 1145 284 1175 savz‘t
308 1145 341 1174 in
356 1144 425 1174 sinu
444 1142 586 1180 ferventi
609 1147 643 1172 te
670 1142 852 1173 interritum
881 1141 989 1177 armis,
1005 1150 1100 1179 neque
1116 1142 1299 1170 metuentem
1323 1140 1498 1179 splendores
1509 1140 1668 1172 terribiles

202 1187 342 1225 cussum,
357 1189 388 1217 et
401 1186 559 1216 tollentem
586 1194 697 1216 munus
720 1186 761 1216 ad
773 1184 867 1223 jubas
897 1185 989 1215 altas.
1037 1183 1121 1214 Tunc
1147 1182 1194 1213 ita
1209 1183 1348 1221 gaudens
1369 1182 1491 1222 inquit;
1513 1192 1529 1212 o
1551 1183 1668 1214 Rector-

205 1229 285 1260 Coelz’
307 1229 432 1265 siderei,
445 1228 538 1269 filius
563 1237 657 1258 meus
683 1229 724 1258 ad
748 1238 795 1258 me
816 1230 994 1258 revertatur
1017 1226 1142 1265 similis,
1172 1229 1317 1266 superato
1333 1225 1431 1264 hoste,
1455 1226 1576 1265 direpto
1602 1225 1666 1256 Im-

196 1273 283 1314 perio
315 1272 501 1313 Hyrcaniae,
527 1273 583 1301 aut
603 1271 757 1310 gloriatus
779 1271 861 1301 crede
883 1269 1104 1310 Assyriorum.-
1142 1268 1189 1299 ita
1204 1267 1364 1299 rubescens
1383 1269 1504 1309 gladio,
1526 1268 1574 1300 ita
1595 1268 1668 1299 sub-

277 1361 297 1378 ὸ
818 1373 1054 1385 eaeeaeaeeaeeeeaee

204 1453 281 1485 Pal.
298 1450 395 1484 Med.
423 1462 474 1493 pr.
496 1452 637 1490 fratrem
662 1452 845 1484 Rom—27
870 1451 1092 1492 Scythicosque
1119 1452 1250 1482 Bonon.
1284 1451 1402 1482 Ambr.
1421 1460 1474 1491 pr.
1492 1450 1666 1491 Scythicos,

205 1496 279 1527 sine
296 1496 431 1536 copula,
447 1496 599 1536 quinque
615 1495 696 1526 Vat.
714 1495 789 1526 Pal.
806 1495 906 1526 Farn.
922 1495 1014 1525 Pric.
1031 1495 1139 1525 Oisel.
1163 1494 1324 1536 Scythicos
1338 1498 1448 1534 raptus
1459 1493 1581 1524 Petav.
1599 1502 1667 1525 sec.

202 1538 401 1579 Scythicosve
438 1538 577 1578 legebat
593 1538 765 1569 Heinsius.
810 1541 904 1578 rupta
933 1538 1060 1568 Gelonis
1083 1537 1179 1568 Med.
1208 1547 1277 1568 sec.
1303 1547 1348 1568 m.
1366 1539 1507 1578 pia—28
1531 1536 1667 1567 Dacis...

205 1582 321 1612 Sue'vis
337 1581 450 1612 Oxou.
479 1590 530 1621 pr.
548 1581 580 1611 in
597 1581 743 1613 Juniano
770 1580 878 1621 primo
896 1591 925 1612 v.
951 1583 1004 1613 25.
1018 1585 1052 1611 et
1070 1583 1122 1612 26.
1153 1580 1493 1611 desiderantur.——29
1515 1580 1668 1610 volantem

204 1625 284 1656 Vat.
309 1633 378 1655 sec.
403 1633 449 1654 m.
479 1626 618 1663 piu—30
642 1627 672 1654 et
701 1625 806 1655 ridens
837 1627 867 1654 te
893 1626 1017 1664 pectore
1042 1623 1137 1654 Med.
1169 1628 1251 1654 tert.
1278 1623 1384 1654 hanelo
1400 1623 1483 1653 Var.
1514 1622 1582 1652 LL.
1610 1621 1666 1652 ed.

203 1666 396 1698 Antv.—31
422 1667 490 1697 Nec
518 1667 683 1707 strepitum
714 1667 794 1698 Pat.
818 1666 1014 1705 Intrepidum
1030 1666 1086 1696 vel
1117 1666 1185 1697 Nec
1210 1667 1376 1706 strepitum
1406 1666 1527 1696 incert.
1545 1664 1666 1695 Heius.

204 1709 402 1750 Intrepidum
417 1710 472 1739 vel
483 1709 522 1739 In
536 1710 701 1750 strepitum
717 1711 797 1740 Vat.
814 1713 894 1740 tert.
909 1709 1032 1739 Petav.
1050 1718 1118 1739 sec.
1133 1711 1314 1739 trementem
1330 1708 1425 1739 Med.
1442 1712 1522 1738 tert.
1537 1707 1667 1738 Mazar.

201 1755 375 1791 gementem
404 1751 484 1783 Jun.
506 1762 559 1792 pr.
591 1753 761 1783 minantem
786 1752 968 1784 Pric.-32
992 1751 1078 1791 ripas
1107 1750 1189 1782 Var.
1205 1752 1274 1782 LL.
1303 1751 1356 1781 ed.
1374 1750 1479 1782 Antv.
1496 1760 1541 1785 mq
1568 1759 1667 1789 pr.—

203 1797 244 1825 33
271 1795 348 1826 Tum
376 1794 421 1824 sic
449 1794 567 1825 Ambr.
598 1805 648 1835 pr.
667 1796 752 1826 Exc.
770 1795 853 1825 Luc.
881 1804 934 1835 pr.
967 1794 1051 1824 Tunc
1079 1794 1227 1835 quinque
1244 1794 1323 1824 vat.
1350 1794 1424 1825 Pal.
1448 1794 1549 1824 Farn.
1566 1793 1663 1823 Rott.

206 1836 314 1869 Oisel.
329 1837 480 1868 stillantis
506 1837 619 1870 Oxou.
645 1840 803 1869 seo—36
816 1837 950 1878 stamine
965 1836 1070 1868 crebro
1099 1838 1182 1868 Lov.
1210 1846 1277 1868 ense
1302 1837 1391 1868 rubet
1407 1837 1534 1867 Moret.
1553 1845 1666 1867 sec.—

867 1946 1007 1979 NOTAE

203 2042 341 2082 ponitur
366 2052 426 2083 pro
450 2044 753 2084 Septemtrionali;
779 2054 817 2075 ac
832 2053 908 2084 pro·
1010 2041 1152 2083 Olympi]
1176 2041 1244 2072 Hic
1276 2044 1330 2072 est
1361 2049 1455 2071 mons
1480 2038 1665 2070 Thessaliae

203 2092 280 2123 inde
310 2092 441 2124 Arctoa
469 2099 596 2134 strage,
625 2094 659 2125 id
698 2099 761 2134 est,
791 2099 907 2135 strage
963 2094 1159 2132 altissimus,
1177 2093 1231 2134 qui
1250 2102 1311 2133 pro
1328 2092 1422 2123 Coelo
1439 2090 1592 2124 sumitur.

203 2142 292 2173 edita
330 2152 447 2173 versus
483 2144 786 2184 Septemtrionem,
817 2145 907 2176 ultra
1005 2149 1046 2177 34
1074 2145 1173 2185 Talis]
1218 2145 1297 2176 Hoc
1316 2144 1505 2174 desumtum
1532 2143 1575 2174 ab
1593 2144 1664 2174 Ho-

204 2191 410 2223 Danubium.

243 2245 285 2274 27
309 2242 484 2283 Scythicos]
508 2242 657 2283 Scythae,
674 2244 810 2281 Geloni,
832 2245 904 2275 Da-

204 2294 244 2332 ci,
270 2293 386 2332 Suevi,
411 2299 529 2333 gentes
554 2293 741 2333 bellicosae,
765 2293 855 2324 circa
867 2298 904 2324 et

204 2344 291 2374 ultra
307 2344 514 2375 Danubium.

242 2396 283 2424 30
307 2394 439 2424 Pectore
462 2393 575 2433 pressit
601 2392 724 2432 anhelo]
754 2393 903 2424 Pectore

205 2445 370 2476 anhelanti
389 2445 478 2475 bella
494 2449 530 2475 et
546 2443 676 2476 funera.

243 2498 281 2526 31
310 2496 417 2526 Guleoe
433 2506 485 2526 uec
502 2496 596 2526 triste
608 2495 765 2526 timentem
773 2494 901 2534 fulgur]

204 2546 302 2578 Quod
318 2552 449 2577 certum
468 2550 519 2577 est
532 2545 739 2577 fortitudinis
757 2546 902 2585 initium,

202 2597 366 2640 frigorem
383 2608 551 2629 armorum
568 2597 901 2638 sanguinolentorum

204 2659 266 2681 non
283 2659 526 2690 expavescere.

241 2702 281 2730 33
306 2699 485 2740 Stelluntis]
518 2698 632 2731 stellis
663 2698 811 2740 undique
840 2698 899 2729 mi-

204 2749 320 2781 cautis..

960 2198 1043 2228 meri
1061 2198 1213 2228 Hectore
1228 2207 1235 2226 :
1263 2196 1330 2235 Ζεῦ,
1347 2195 1440 2225 ἄλλοι
1454 2206 1491 2225 τε
1504 2194 1578 2233 θεοὶ,
1593 2193 1664 2226 δότε

959 2247 995 2283 δὴ
1012 2247 1061 2277 καὶ
1076 2246 1165 2276 τόνδε
1180 2244 1324 2284 ’γενέσθαι
1341 2243 1430 2275 Παΐδ’
1447 2243 1530 2284 ἐμὸν,
1554 2244 1593 2275 ὣς
1613 2244 1665 2275 καὶ

959 2297 1043 2336 ἐγώ;
1072 2297 1212 2337 Jupiter,
1237 2299 1267 2326 et
1292 2295 1348 2326 alii
1367 2295 1436 2335 Dii,
1464 2296 1536 2326 dote
1554 2295 1664 2337 filium

957 2348 1141 2389 meumfieri
1154 2349 1257 2385 talem,
1271 2346 1371 2387 qualis
1385 2356 1440 2385 ego
1454 2356 1534 2380 sum.

1001 2403 1039 2430 35
1066 2400 1233 2440 Hyrcanos
1249 2397 1333 2438 opes]
1368 2397 1556 2438 Imperium
1573 2397 1663 2438 Hyr-

957 2450 1078 2489 caniae,
1106 2458 1163 2479 seu
1191 2449 1376 2479 Persarum
1395 2453 1432 2478 et
1458 2447 1664 2478 Parthorum

956 2500 1161 2535 vicinorum,
1179 2498 1236 2539 qui
1266 2507 1400 2538 semper
1426 2496 1550 2528 infensi
1565 2496 1662 2529 fuere

956 2550 1127 2581 Romanis.

999 2603 1040 2631 36
1064 2599 1212 2641 Assyrio]
1249 2598 1483 2639 Assyriorum,
1516 2596 1572 2639 qui
1603 2607 1660 2639 po-

955 2653 1026 2694 puii
1043 2656 1122 2682 sunt
1147 2652 1181 2682 iu
1198 2650 1292 2682 Asia.

1000 2703 1143 2733 Flumine
1155 2702 1259 2733 crebro
1274 2699 1429 2740 turbidus]
1459 2698 1562 2730 Facie
1579 2698 1656 2730 sub-

955 2753 1091 2785 horrida
1106 2763 1145 2785 ac
1162 2751 1354 2784 deformata
1367 2753 1544 2783 ventorum
1560 2747 1656 2796 flatu,
