1852 3193
217 196 304 239 2:32
677 208 752 239 cn.
785 204 1067 237 CLAUDIANI
1102 203 1214 233 vm.

217 301 248 342 J
252 315 321 342 am
343 301 515 343 deserta
535 315 640 343 suas
660 302 703 342 in
721 313 800 341 nos
821 296 1145 340 transfunderet
1164 295 1344 347 Arctos,

220 368 417 410 Danubii
440 374 543 410 totae
565 371 785 410 vomerent
807 378 906 405 cum
928 364 1082 417 praelia
1098 365 1224 418 ripae,

218 435 331 478 Cum
354 436 525 478 Geticis
548 438 701 489 ingens
722 436 986 488 premeretur
1008 431 1160 486 Mysia
1177 431 1405 485 plaustris,

220 503 446 558 Flavaque
468 504 694 545 Bistonios
716 502 936 555 operirent
956 500 1132 552 agmina
1154 512 1361 553 campos:

220 570 434 612 Omnibus
457 572 648 621 afflictis,
670 574 712 611 et
733 571 803 612 vel
823 568 1076 610 labentibus
1097 568 1201 618 ictu,

220 638 308 679 Vel
327 653 463 693 prope
485 640 669 689 casuris,
691 651 804 679 unus
823 640 887 678 tot
906 636 1062 676 funera
1082 639 1233 676 contra

1623 566 1680 607 55

217 748 320 780 mixta
334 752 528 789 tempestate,
541 750 665 790 populos
680 760 749 781 suos
763 749 1071 790 Septemtrionales
1086 747 1271 778 immitteret
1286 748 1394 776 contra
1410 754 1478 783 nos,
1494 753 1563 775 cum
1577 743 1682 775 omnia

217 791 325 822 littora
335 791 413 822 Istri
429 793 624 833 effimderent
639 795 824 832 certamina,
833 803 901 823 cum
915 792 1021 832 llIysz'a
1036 801 1151 831 magna
1165 791 1346 821 obrueretur
1358 788 1505 819 vehiculis
1517 787 1683 825 Getarum,

217 838 249 864 et
273 836 430 866 exercitus
443 836 527 876 flavi
553 839 693 875 tegerent
717 846 810 874 agros
835 836 978 866 Tltracz'ae
988 846 999 866 ,-
1022 834 1141 865 cunctis
1166 832 1365 872 conflictati8‚
1395 834 1426 862 et
1449 831 1497 862 vel
1522 829 1683 861 ruentibus

218 877 407 918 calamitate,
421 879 468 909 vel
483 889 555 909 mox
563 879 634 917 fere
654 879 798 919 ruituris,
820 880 902 910 solus
917 877 1125 908 Theodosius
1141 877 1282 917 opposuit
1302 885 1334 905 se
1350 875 1495 906 adversus
1510 876 1555 904 tot
1571 873 1684 912 clades,

834 962 1070 974 οοοοοοοοοο

220 1015 299 1046 Pat.
331 1018 442 1054 gentes
456 1019 600 1055 quatuor
624 1016 705 1046 Vat.
722 1016 797 1046 Pal.
820 1017 922 1047 Farn.
947 1016 1041 1046 Pric.
1076 1015 1183 1054 gentis
1197 1013 1355 1044 undecim
1372 1012 1441 1051 alii,
1468 1015 1503 1043 et
1519 1011 1602 1042 Exc.
1618 1010 1685 1041 Lu-

220 1068 313 1090 cens.
327 1061 479 1088 sea—51
504 1059 625 1088 deser-ta
642 1058 728 1088 Exc.
745 1059 891 1089 Lucens.
911 1067 977 1088 sec.
1008 1056 1128 1094 referta
1144 1056 1201 1086 ed.
1215 1056 1331 1086 vicet.
1365 1065 1435 1085 suos
1458 1054 1552 1084 Pric.
1571 1054 1685 1084 Oxon.

220 1111 272 1140 pr.
295 1110 364 1130 suos
379 1100 495 1130 hunnos
509 1100 586 1129 Vat.
605 1109 656 1139 pr.
674 1100 775 1130 Farn.
808 1099 1043 1137 transfunderat
1061 1100 1145 1138 Reg.
1180 1097 1393 1134 transfuderat
1408 1097 1429 1129 J
1434 1107 1489 1127 un.
1506 1106 1558 1136 pr.
1589 1096 1686 1136 Alpes

219 1144 301 1173 Vat.
319 1152 386 1172 sec.
406 1152 448 1172 m.
466 1144 606 1181 pr.—52
629 1141 860 1179 vomerentjam
877 1142 1003 1172 Moret.
1019 1151 1087 1172 sec.
1125 1144 1267 1171 moveant
1293 1140 1446 1170 Florent.
1463 1139 1586 1170 Petav.
1603 1142 1686 1169 tert.

219 1188 361 1215 moveant
374 1184 454 1214 Vat.
473 1188 552 1215 tert.
571 1185 665 1214 Rott.
701 1187 862 1224 gemerent
878 1185 958 1216 Pat.
992 1186 1161 1215 tremerent
1177 1182 1273 1214 Med.
1289 1191 1356 1213 sec.
1379 1192 1424 1213 m,
1441 1191 1494 1222 pr.
1530 1184 1686 1211 moverent

220 1228 274 1258 vel
291 1230 453 1266 quaterent
482 1227 590 1258 Oisel.
627 1230 821 1258 tremuerunt
838 1228 891 1258 vel
916 1230 1072 1258 vomerent
1088 1237 1157 1257 cum
1183 1225 1295 1257 Oxou.
1312 1227 1451 1264 pr.—53
1475 1225 1582 1263 lugens
1598 1223 1687 1262 conj.

220 1271 344 1301 Heius.
368 1270 492 1309 ingens,
507 1270 561 1301 hic
579 1275 677 1301 vetus
694 1270 796 1301 lectio
811 1280 908 1301 erasa
925 1275 1001 1301 erat
1016 1271 1051 1300 in
1066 1270 1148 1301 Vat.
1167 1273 1250 1300 tert.
1282 1268 1383 1299 Misia
1396 1268 1478 1298 Vat.
1498 1276 1550 1307 pr.
1584 1266 1690 1297 Mesia

220 1313 304 1344 Lov.
319 1312 441 1343 Massia
458 1313 538 1344 Vat.
555 1317 636 1345 tert.
651 1313 752 1344 Misia
766 1314 820 1344 vel
838 1314 958 1345 Nursia
975 1313 1086 1345 Oxon.
1099 1314 1256 1344 sea—54
1268 1311 1385 1351 campis
1401 1311 1495 1342 Rott.
1509 1308 1691 1340 Bistonicos

218 1356 353 1387 Thuan.
368 1356 524 1395 operirent
536 1355 657 1396 viginti
669 1355 775 1387 Codd.
792 1357 876 1388 Exc.
891 1356 1034 1387 Gevart.
1048 1356 1176 1387 Schott.
1192 1356 1379 1386 etLucens.
1394 1363 1446 1395 pr.
1461 1351 1688 1384 ScheaGud.

217 1397 301 1429 item
313 1398 366 1429 ed.
383 1399 498 1429 Vicet.
517 1398 683 1429 Ala—55
707 1400 823 1441 afflatis
837 1399 918 1431 Jun.
937 1409 987 1439 pr.
1004 1399 1122 1438 veljam
1136 1398 1266 1429 Mazar.
1281 1397 1385 1436 etjam
1401 1396 1455 1427 vel
1466 1399 1497 1427 et
1509 1396 1556 1426 vel
1573 1395 1688 1425 Oxou.

219 1450 288 1472 sec.
302 1441 372 1480 igni
384 1451 446 1481 pro
458 1441 526 1472 ictu
537 1441 631 1473 Med.
648 1445 818 1473 tert.—56
839 1443 928 1473 milia
939 1441 1122 1482 profunera
1138 1441 1234 1472 Med.
1252 1444 1364 1482 quart.
1382 1440 1509 1471 Moret.
1519 1447 1588 1469 sec.
1601 1438 1689 1469 Exc.

224 1484 368 1514 Gevart.
388 1484 488 1515 Leid.
502 1484 568 1514 duo
587 1495 606 1515 a
621 1495 665 1516 m.
683 1495 709 1515 s.
728 1485 879 1516 Constitit
895 1485 990 1516 Prie.
1006 1486 1064 1516 illa
1080 1494 1174 1524 vero,
1189 1485 1197 1500 ‘
1216 1483 1459 1524 Exstinxitque
1474 1480 1568 1512 faces
1586 1480 1691 1520 agris-

222 1536 289 1566 que
305 1528 442 1558 colonos
462 1527 653 1567 Reddidit,’
680 1528 919 1559 desiderantur
935 1528 968 1558 in
983 1528 1065 1560 Jun.
1079 1537 1130 1567 pr.
1147 1532 1182 1558 et
1195 1527 1318 1558 Petav.
1334 1530 1415 1556 tert.
1441 1524 1690 1563 Exstinguz'tquc

223 1569 305 1603 Put.
329 1569 452 1601 Pharos
466 1571 546 1601 Vat.
569 1575 648 1602 tert.
671 1570 792 1602 Phares
809 1571 906 1603 Med.
922 1580 991 1602 sec.
1016 1571 1138 1601 Phares
1160 1570 1213 1601 vel
1223 1569 1312 1607 faces
1330 1568 1444 1600 Oxon.
1462 1577 1515 1609 pr.
1530 1566 1619 1605 faces
1635 1565 1690 1596 vel

880 1665 1022 1698 NOTAE

984 1740 1101 1780 legunt
1127 1740 1234 1779 lugens
1261 1738 1381 1778 Mysia,
1413 1737 1448 1767 id
1473 1740 1524 1768 est
1539 1736 1692 1777 'afflicta7

985 1794 1024 1821 ut
1039 1799 1154 1830 snpra,
1168 1792 1344 1828 gementem
1360 1787 1539 1827 Rhodopen.

223 1749 291 1781 quo
306 1739 411 1771 deleti
429 1750 448 1771 a
463 1740 655 1772 Tbeodosio
668 1741 828 1772 Barbari.

267 1790 377 1821 IlIz'xto
393 1790 533 1831 turbine]
571 1791 685 1822 Mixta
707 1791 854 1823 colluvie
877 1800 931 1822 va-

225 1840 351 1871 riarum
376 1841 540 1881 gentium,
570 1851 644 1882 quae
673 1843 767 1873 velut
795 1841 931 1872 turbine

224 1891 340 1932 aliquo
377 1891 560 1932 quassabat
590 1892 780 1933 ImperIum
808 1892 932 1923 Roma-

225 1951 317 1972 num.

269 1994 308 2022 51
333 1991 462 2032 Arctos]
487 1991 597 2032 Regio
620 1992 931 2033 Septemtrionalis.

225 2041 329 2081 Nam,
349 2041 493 2083 Ἄρκτος,
524 2042 619 2082 Ursa,
645 2043 775 2083 signum
793 2043 932 2073 coeleste

224 2092 260 2122 in
275 2092 544 2133 Septemtrione‚
565 2093 620 2124 hic
648 2094 786 2134 ponitur
802 2103 864 2135 pro
881 2103 932 2125 re-

227 2142 382 2182 gionibus
393 2142 670 2182 Septemtrionis.

274 2191 534 2231 Transfuncleret]
573 2193 705 2225 Gentes
720 2195 933 2235 immitteret,

228 2247 268 2273 ut
281 2242 466 2282 procellam
483 2242 630 2284 aliquam
647 2253 666 2274 a
681 2245 936 2285 Septemtrione

230 2296 480 2332 erumpentem.

272 2345 314 2373 52
344 2342 509 2373 Vomerent
521 2342 648 2383 praelz'a]
682 2343 768 2374 Cum
784 2343 869 2384 ripae
886 2344 936 2376 ita

231 2396 344 2424 essent
360 2393 485 2433 plenae,
499 2396 539 2423 ut
553 2402 692 2424 vomere
710 2396 811 2434 atque
828 2392 935 2425 effun-

232 2443 317 2475 dere
333 2443 538 2475 viderentur
553 2443 697 2485 populos
715 2444 764 2475 ita
781 2444 824 2475 ad
847 2454 935 2486 prae-

230 2495 313 2526 lium
330 2499 481 2536 paratOS,
497 2497 536 2525 ut
551 2503 595 2526 ex
613 2493 776 2526 Danubio
792 2504 859 2525 non
875 2494 936 2525 mi-

229 2545 323 2585 lites,
340 2544 401 2576 sed
416 2544 492 2585 ipsa
507 2544 623 2586 praelia
636 2542 766 2575 effundi
782 2549 936 2585 putares.

275 2599 316 2627 53
363 2595 486 2637 Mysia]
531 2595 676 2627 Partem
712 2595 871 2627 Thraciae
900 2600 936 2628 et

234 2646 396 2688 Phrygiae
418 2646 631 2687 continebat,
654 2649 690 2678 et
711 2645 788 2677 ideo
815 2645 936 2687 ingens

235 2698 372 2730 dicitur.
409 2697 524 2738 Hujus
541 2697 612 2729 dux
627 2701 703 2729 erat
717 2697 939 2738 Theodosius,

236 2754 272 2779 et
299 2749 332 2780 in
360 2758 401 2780 ea
431 2758 502 2781 rem
532 2747 682 2786 feliciter
705 2748 823 2790 gessit.
868 2748 938 2780 Alii

1033 1838 1170 1878 Geticis]
1207 1839 1308 1869 Getae
1336 1837 1455 1878 populi
1482 1836 1633 1878 Scythiae
1659 1846 1693 1868 e-

986 1895 1076 1930 rant,
1092 1899 1174 1931 quos
1190 1888 1400 1920 Theodosius
1417 1888 1602 1928 superavit.
1629 1887 1694 1918 Ge-

985 1941 1059 1973 ticis
1082 1941 1243 1981 plaustris,
1272 1939 1394 1981 quibus
1423 1939 1557 1970 scilicet
1589 1938 1690 1970 Getae

987 1991 1219 2023 abundabant.

1029 2046 1071 2074 54
1096 2043 1198 2074 Flava
1211 2041 1352 2081 agmina]
1376 2039 1495 2080 Gothi,
1521 2039 1636 2079 Getae,
1660 2043 1695 2071 et

988 2094 1044 2125 alii
1061 2094 1174 2124 hostes
1187 2101 1306 2124 versus
1322 2090 1625 2132 Septemtrionem,
1647 2090 1696 2121 di-

989 2149 1116 2176 cuntur
1132 2143 1235 2175 fuisse
1251 2142 1340 2174 flava
1356 2151 1465 2173 coma.

1034 2194 1213 2235 Bistonios]
1235 2192 1410 2230 Thracios,
1426 2201 1445 2222 a
1460 2191 1592 2221 Bistone
1604 2190 1697 2221 Mar-

991 2245 1034 2276 tis
1048 2244 1129 2283 filio,
1152 2242 1241 2274 unde
1256 2242 1404 2272 Thraces
1418 2240 1503 2271 dicti
1525 2244 1605 2271 sunt
1622 2240 1697 2271 Bis-

990 2297 1091 2333 tones,
1107 2291 1304 2324 et'rhracia
1324 2291 1481 2322 Bistonia.

1032 2348 1073 2375 55
1119 2341 1273 2385 Afflictis]
1315 2341 1386 2373 Alii
1412 2342 1544 2381 legunt,
1571 2340 1698 2383 afflatis,

992 2394 1087 2436 quasi
1113 2394 1185 2425 ictu
1212 2392 1377 2431 fulminis,
1406 2394 1585 2432 postquam
1611 2389 1698 2421 scili·

991 2449 1048 2476 cet
1062 2444 1190 2474 Valens
1216 2443 1411 2483 Imperator
1432 2451 1451 2471 a
1468 2439 1593 2472 Gothis
1617 2449 1695 2471 cum

991 2493 1147 2525 exercitu
1163 2493 1297 2524 deletus
1314 2496 1380 2530 est,
1408 2494 1444 2521 et
1468 2490 1543 2531 ipse
1565 2490 1601 2521 in
1626 2500 1698 2522 rus-

991 2544 1051 2575 tici
1066 2553 1158 2584 casa,
1174 2542 1208 2573 in
1222 2552 1323 2584 quam
1335 2540 1481 2582 fugerat,
1495 2540 1591 2571 vivus
1607 2550 1699 2572 com-

991 2594 1125 2626 bustus.

1035 2647 1077 2675 56
1101 2643 1241 2684 Funera]
1264 2642 1333 2674 Tot
1346 2641 1475 2683 clades,
1500 2645 1554 2674 tot
1574 2640 1697 2673 funera

993 2693 1098 2736 edita,
1115 2698 1152 2726 et
1163 2692 1310 2726 edenda.
