1852 3193
218 189 303 230 218

711 200 786 231 CL.
821 200 1104 230 CLAUDIANI
1139 198 1226 227 VII.

219 293 306 334 Per
326 293 673 345 consanguineos
698 294 929 340 thalamos,
953 296 1214 344 noctemque
1237 293 1429 342 beatam,

218 360 305 401 Per
327 361 483 410 taedas,
508 375 618 414 quas
637 362 738 414 ipsa
759 364 833 400 tuo
855 359 1030 411 Regina
1050 359 1218 400 levavit

1597 359 1686 401 155

219 427 453 482 Conjugio,
478 430 692 480 sociaque
715 439 869 466 nurum
893 426 1106 479 produxit
1129 427 1184 466 ab
1207 426 1322 475 aula,

218 494 360 536 Indue
381 501 527 536 mente
549 501 719 548 patrem
738 508 746 534 :
780 498 1029 533 crescentes
1051 493 1183 546 dilige
1204 494 1355 543 foetus,

219 561 282 602 Ut
303 563 445 613 ducis,
468 567 515 603 ut
537 563 688 603 soceri.

748 561 777 602 J
782 575 851 602 am
863 562 959 614 jam
979 574 1157 602 securus
1178 561 1235 601 ad
1253 565 1385 610 astra,

216 629 282 670 Te
304 630 497 679 custode,
520 630 654 670 ferar:
685 634 812 682 rupta
835 629 873 668 si
894 629 1010 669 mole
1033 628 1266 682 Typhoeus

216 695 387 737 vinclis
409 698 625 750 prosiliat,
645 696 805 749 Tityos
827 696 865 735 si
888 697 1081 736 membra
1101 696 1305 746 resolvat,

1602 693 1686 736 160

218 763 267 804 Si
287 763 405 804 furor
426 765 637 805 Enceladi
660 764 860 818 projecta
880 764 1049 815 mugiat
1071 764 1226 813 AEtna‚

219 830 441 885 Opposito
465 833 707 873 Stilichone
729 833 906 874 cadant.

968 832 1066 872 Nec
1087 832 1216 885 plura
1232 832 1420 880 locutus,

219 898 346 941 Sicut
367 904 473 949 erat,
496 900 665 953 liquido
689 901 881 953 signavit
900 901 1071 941 tramite
1091 900 1247 948 nubes,

208 1007 336 1045 fratres
360 1011 445 1039 auos.
490 1008 555 1038 Per
580 1010 764 1049 affinitatem
787 1011 980 1040 matrimonii
1009 1009 1068 1045 tui,
1085 1012 1114 1038 et
1139 1011 1249 1038 lectum
1266 1007 1405 1045 felicem,
1428 1018 1486 1047 per
1501 1008 1592 1045 faces
1614 1017 1690 1048 quas

215 1051 284 1090 ipsa
300 1052 495 1090 Imperatrix
508 1052 635 1081 sustulit
652 1052 684 1081 in
701 1052 820 1090 nuptiis
842 1053 915 1090 tuis,
938 1056 968 1081 et
992 1052 1139 1081 conduxit
1163 1060 1274 1080 aarum
1287 1060 1326 1079 ex
1345 1051 1450 1088 Regia
1473 1055 1617 1090 cognata,
1638 1061 1690 1081 ac-

215 1094 283 1133 cipe
298 1095 433 1124 animum
447 1096 622 1132 paternum,
637 1094 803 1133 atnafilias
819 1097 991 1131 surgentes,
1006 1096 1039 1122 nt
1054 1100 1106 1122 est
1124 1093 1274 1122 Ductoris
1286 1095 1316 1122 et
1331 1091 1447 1122 Soceri.
1494 1094 1586 1132 sifax,
1606 1103 1690 1132 mox,

215 1138 246 1165 te
264 1136 384 1165 relicto
401 1139 515 1171 tutore,
540 1135 588 1164 ibo
615 1139 702 1165 tatus
723 1137 763 1165 aa
789 1135 904 1166 sidera.
951 1136 987 1166 Si
1014 1135 1166 1175 Typhoeas
1180 1134 1298 1170 fractis
1321 1134 1458 1165 obicibus
1481 1140 1622 1176 erumpat
1646 1146 1689 1167 ex

215 1178 353 1213 catenis3
375 1178 402 1206 si
422 1178 534 1217 Tityus
549 1179 694 1216 expediat
721 1188 850 1218 carpam
872 1179 898 1208 si
915 1179 1014 1209 rabies
1043 1177 1193 1208 Enceladi
1209 1176 1332 1214 fremat
1353 1187 1458 1208 eversa
1473 1179 1573 1208 AEtua
1584 1189 1595 1214 ,·
1618 1179 1690 1209 baec

214 1224 367 1250 monstra
382 1224 473 1250 ruant
486 1219 657 1251 Stilichone
672 1220 822 1252 obstante.
871 1221 1104 1265 Nequeldicens
1123 1221 1217 1260 plura
1243 1221 1357 1260 verba,
1377 1220 1477 1260 qualis
1499 1224 1580 1261 erat,
1602 1223 1690 1255 nota-

834 1293 1072 1305 eeeeeeeeeeee

207 1347 331 1386 frutres
347 1346 565 1378 Oisel.*155
591 1347 703 1377 levabit
722 1347 802 1378 Pnt.
819 1348 899 1378 Pat.
919 1347 1041 1378 Petav.
1058 1357 1127 1379 sec.
1144 1348 1226 1379 Var.
1251 1347 1319 1379 LL.
1334 1346 1387 1377 ed.
1406 1345 1511 1378 Antv.
1535 1357 1579 1378 m.
1596 1356 1691 1387 pr.—

219 1393 281 1421 156
305 1390 405 1420 virum
419 1389 486 1420 duo
500 1391 578 1420 Vat.
594 1390 660 1419 duo
678 1390 773 1421 Med.
787 1391 842 1421 ed.
862 1390 978 1420 Parm.
1014 1400 1125 1420 narum
1147 1391 1200 1420 vel
1216 1390 1318 1420 virum
1342 1390 1447 1420 Oisel.
1465 1391 1550 1430 Reg.
1575 1390 1690 1421 Oxou.

215 1443 267 1473 pr.
282 1434 365 1464 Exc.
381 1432 482 1463 Laeti.
499 1443 612 1463 nurum
629 1433 772 1473 triginta
786 1433 894 1464 Codd.
912 1434 996 1463 Exc.
1014 1434 1154 1463 Gevart.
1169 1438 1205 1464 et
1217 1434 1362 1463 Lucens.
1378 1443 1431 1473 pr.
1447 1433 1531 1464 item
1547 1433 1692 1464 Schotti.

214 1475 337 1506 Sched.
358 1475 448 1506 Gud.
467 1475 547 1506 Var.
564 1475 631 1506 LL.
651 1477 704 1507 ed.
723 1476 828 1507 Antv.
847 1481 882 1507 et
907 1477 959 1507 ed.
975 1476 1198 1507 vicen—157
1221 1477 1325 1516 dirige
1339 1475 1459 1507 Ambr.
1483 1486 1536 1516 pr.
1562 1485 1607 1506 m.
1637 1484 1694 1515 pr.

215 1519 296 1548 Var.
315 1518 382 1549 LL.
398 1528 416 1549 e
430 1528 535 1558 marg.
547 1518 661 1549 Parni.
675 1529 781 1559 marg.
799 1519 922 1559 {singna
936 1519 1034 1558 dilige
1048 1520 1099 1549 vel
1113 1519 1294 1558 dirigeinc.
1310 1518 1539 1550 Heius—*158
1549 1521 1580 1549 et
1593 1518 1692 1549 soceri

217 1562 344 1592 Moret.
363 1564 541 1592 δεον-159
556 1561 647 1599 feror
663 1562 742 1592 Vat.
759 1563 864 1602 quint.
882 1562 1099 1593 mser—loo
1128 1562 1245 1592 Vim-lis
1258 1563 1342 1592 Exc.
1359 1562 1505 1592 Lucens.
1522 1571 1590 1592 sec.
1609 1561 1690 1592 Var.

217 1604 286 1634 LL.
301 1604 354 1634 ed.
372 1603 478 1634 Antv.
492 1614 599 1642 marg.
617 1604 741 1644 Isingr.
785 1605 884 1635 Undis
901 1605 1064 1635 tredecim
1082 1604 1150 1634 alii.
1189 1605 1288 1635 Undis
1301 1605 1355 1635 vel
1378 1605 1497 1635 Vinclis
1509 1604 1623 1635 Oxon.
1637 1613 1690 1644 pr.

219 1646 370 1676 Prosiliat
386 1647 497 1676 vinclis
510 1647 603 1677 Med.
621 1652 703 1678 tert.
742 1647 853 1688 Tityos
869 1647 964 1677 Mea.
991 1651 1069 1677 tert.
1086 1648 1172 1678 Exc.
1190 1648 1335 1678 Lucens.
1351 1657 1418 1677 sec.
1457 1647 1579 1678 Tithios
1593 1646 1691 1677 Leid.

217 1698 286 1719 sec.
329 1689 442 1729 Tityus
456 1690 606 1730 quinque
623 1690 700 1721 Vat.
719 1691 792 1720 Pal.
810 1691 908 1721 Farn.
928 1690 1018 1720 Prie.
1039 1690 1241 1720 Rom—161
1264 1693 1410 1729 provecta
1425 1689 1512 1729 Reg.
1528 1692 1691 1729 praerupta

216 1732 344 1763 Moret.
369 1741 437 1762 sec.
475 1734 596 1771 mugiat
625 1733 691 1763 duo
721 1733 800 1763 Vat.
841 1732 960 1771 mugiet
986 1732 1082 1763 Leid.
1113 1742 1163 1772 pr.
1203 1733 1295 1762 Enna
1315 1732 1519 1763 Pria—462
1542 1732 1691 1763 stilicone

217 1779 363 1815 quatuor
386 1775 466 1805 Vat.
502 1778 592 1806 cadet
608 1776 736 1807 Moret.
763 1786 830 1807 sec.
868 1776 977 1806 cadent
1004 1775 1125 1806 decem
1153 1775 1221 1806 alii.
1256 1776 1368 1806 cadant
1390 1775 1471 1807 Jnn.
1496 1775 1548 1816 pr}
1565 1775 1691 1806 Petav.

864 1884 1010 1916 NOTAE

261 1948 321 1977 154
362 1947 549 1987 Noctemque
587 1948 722 1989 beatam]
777 1950 924 1980 Noctem

218 1997 405 2037 nuptialem
423 1998 472 2027 ita
485 1999 686 2038 expetitam.

260 2051 320 2078 155
340 2047 464 2088 Taedns]
483 2048 590 2079 Faces
607 2050 778 2088 nuptiales
792 2059 832 2080 ex
847 2050 927 2081 alba

218 2098 314 2137 spina
338 2097 420 2129 ferri
449 2099 566 2130 solitas
581 2111 588 2130 t
628 2099 705 2138 δαῒς,
732 2099 791 2136 τὴν
819 2099 925 2138 δα·ι”δα;

218 2149 294 2178 hinc
322 2149 496 2179 deducunt
523 2151 649 2189 toerlam,
669 2151 788 2190 facem,
812 2153 927 2192 lampa-

217 2200 305 2229 dem:
329 2203 367 2229 ut
383 2198 558 2229 deducunt
574 2200 793 2231 hebdomadam
809 2202 851 2232 ab
873 2212 926 2232 ac-

220 2249 371 2278 cusativo
388 2248 446 2284 τὴν
458 2249 625 2286 ἑβδομάδα.

260 2301 323 2329 156
346 2299 439 2329 Sucia
455 2300 541 2339 amca]
563 2300 728 2339 Cognata,
745 2299 849 2340 affini,
866 2311 925 2332 seu

224 2350 255 2380 in
273 2359 339 2390 qua
357 2356 435 2380 snut
452 2350 588 2390 cognati
604 2355 639 2380 et
655 2349 783 2382 affines.

261 2401 386 2431 Nurum
409 2400 573 2440 produxit]
617 2401 779 2431 Serenam
822 2401 924 2432 filiam

220 2452 411 2492 adoptivam
437 2450 644 2490 Imperatrix
672 2451 825 2490 pronuba
851 2461 925 2491 pro-

221 2503 327 2541 duxit,
338 2513 379 2533 ex
391 2512 485 2532 more
502 2508 645 2532 matrum
666 2507 831 2542 veterum,
849 2512 924 2543 quae

220 2553 351 2585 filiabus
377 2554 445 2583 suis
473 2553 579 2583 taedas
599 2551 840 2592 praeferebant,
856 2562 927 2583 eas-

225 2613 287 2645 que
305 2603 345 2633 ad
364 2603 474 2633 mariti
493 2602 628 2632 domum
645 2602 874 2633 deducebant.

261 2656 323 2684 158
351 2654 392 2685 Ut
410 2654 510 2692 ducis,
523 2656 556 2683 ut
572 2653 683 2693 soceri]
707 2653 757 2684 Ut
780 2659 835 2685 est
850 2664 927 2694 pro-

222 2703 328 2743 prium
345 2703 440 2734 ducis
457 2708 493 2735 et
508 2703 617 2735 soceri
632 2704 788 2738 amantis.
832 2704 924 2736 Stili-

222 2755 280 2785 c'io
298 2755 387 2786 enim
402 2759 477 2787 erat
492 2764 588 2786 socer
605 2754 762 2787 Honorii.

1028 1951 1088 1979 159
1116 1948 1282 1988 Typhoeus]
1306 1948 1413 1987 Gigas
1434 1947 1530 1979 Jovis
1546 1945 1689 1978 fulmine

981 2009 1174 2039 percussus,
1185 2004 1219 2029 et
1232 1999 1391 2037 Inarime,
1404 1998 1584 2029 Puteolani
1597 1997 1690 2029 sinus

980 2051 1100 2090 insula,
1117 2051 1170 2080 vel
1187 2050 1288 2081 AEtna
1304 2054 1420 2080 monte
1436 2057 1631 2089 oppressus.

1025 2105 1086 2133 160
1111 2102 1234 2143 Tityos]
1267 2103 1387 2143 Tityus
1425 2103 1519 2142 gigas
1556 2101 1690 2139 itidem,

980 2153 1075 2185 Jovis
1091 2158 1127 2183 et
1155 2153 1280 2192 Elarae,
1307 2162 1366 2184 seu
1385 2153 1516 2191 Terrae,
1530 2151 1630 2190 filius,
1644 2150 1688 2181 ob

981 2208 1147 2234 tentatam
1175 2205 1316 2234 Latonae
1344 2202 1553 2242 pudicitiam,
1583 2207 1641 2232 aut
1670 2211 1690 2232 a

980 2254 1068 2285 Jove
1085 2252 1299 2290 fulminatus,
1310 2257 1368 2282 aut
1379 2252 1421 2282 ab
1434 2251 1594 2292 Apolline
1610 2261 1688 2282 con-

980 2302 1078 2341 fixus,
1094 2308 1129 2332 et
1146 2302 1187 2332 ad
1201 2301 1326 2333 inferos
1343 2302 1514 2333 detrusus.

1025 2356 1083 2384 161
1113 2352 1279 2392 Enceladi]
1308 2353 1377 2384 Hic
1392 2353 1486 2393 gigas
1499 2352 1617 2384 itidem
1629 2353 1689 2383 im-

980 2404 1099 2443 manis,
1122 2403 1185 2434 sub
1212 2404 1315 2434 AEtna
1340 2403 1605 2443 superimposita
1629 2412 1686 2444 ge-

980 2463 1086 2484 mens,

1024 2505 1086 2533 163
1109 2502 1198 2533 Sicut
1225 2502 1308 2541 erat]
1343 2502 1448 2534 Quasi
1475 2501 1685 2533 Theodosius

982 2554 1077 2584 vix-us
1102 2562 1141 2584 ac
1159 2557 1360 2593 corporatus
1377 2553 1506 2584 Coelum
1522 2552 1684 2584 ascende-

980 2605 1033 2635 rit.

1022 2654 1155 2696 Liquido
1170 2653 1314 2693 tramite]
1345 2653 1486 2691 Semita,
1515 2663 1617 2694 quam
1645 2653 1685 2685 il-

979 2705 1148 2736 lustrabat
1163 2713 1287 2746 corpus
1303 2703 1416 2735 divino
1431 2704 1626 2745 splendore.
