1852 3193
216 210 302 251 358
699 216 775 246 ct.
809 208 1089 243 CLAUmANJ
1122 207 1202 238 xv.

217 313 547 366 Rumoremque
570 311 636 352 sui
661 306 877 363 praevenit
895 304 1047 344 laurea
1067 302 1187 343 belli.

220 382 339 432 Quo,
362 394 534 435 precor,
558 379 653 418 haec
677 375 835 415 effecta
857 373 988 413 Deo?
1028 372 1208 412 robusta
1229 372 1449 423 vetusque

217 448 436 501 Tempore
457 452 544 487 tam
568 456 705 498 parvo
728 441 874 495 potuit
894 438 1113 480 dementia
1135 437 1256 477 vinci
1274 437 1291 477 Ἰ
1627 434 1683 475 15

220 515 364 566 Quem
391 515 565 554 veniens
588 509 750 551 indixit
769 509 932 562 hyems,
954 519 1028 547 ver
1048 504 1248 559 perculit,
1271 504 1459 545 hostem.

278 582 416 622 Exitii
432 582 523 635 jam
548 579 697 619 Roma
718 578 893 624 timens,
916 579 961 615 et
980 574 1099 614 fessa
1120 572 1290 624 negatis

219 648 458 701 Frugibus,
481 647 536 687 ad
558 646 701 699 rapidi
722 645 853 685 limen
872 643 1079 685 tendebat
1101 640 1297 694 Olympi,

219 716 323 757 Non
345 716 477 756 solito
496 714 634 763 vultu,
656 727 744 754 non
764 712 907 767 qualis
924 711 1028 765 jura
1053 708 1278 750 Britannis

219 783 409 832 Dividit,
432 786 507 822 aut
526 782 722 835 trepidos
745 779 960 821 submittit
981 778 1177 818 fascibus
1199 775 1350 816 Indos.
1622 771 1679 812 20

218 852 325 893 'Vox
346 853 501 901 tenuis,
523 851 723 904 tardique
742 849 916 903 gradus,
939 847 1145 899 oculique
1166 845 1348 886 latentes

219 963 261 993 tit
269 962 392 1000 famam
408 962 478 991 belli
492 962 551 991 sui.
600 960 679 996 Quo,
696 968 809 998 quomo,
832 958 900 988 Deo
924 956 1064 995 auspice
1092 956 1156 985 hoec
1179 964 1228 984 res
1243 952 1381 993 perfecta
1397 951 1471 983 est?
1496 950 1548 981 An
1564 949 1687 981 insania

218 1005 352 1035 violenta
376 1007 405 1034 et
423 1005 595 1033 inveterata
620 1002 764 1041 superari
787 999 889 1039 potuit
916 1002 981 1028 tam
1008 998 1092 1028 brevi
1115 995 1274 1036 tempore?
1304 1005 1392 1035 quem
1408 995 1512 1035 hyems
1526 993 1692 1024 adveniens

217 1047 387 1077 declaravit
417 1046 546 1083 hostem,
570 1054 623 1074 ver
647 1043 831 1083 profligavit
858 1041 1014 1071 eundem.
1075 1039 1173 1069 Roma
1191 1039 1260 1075 jam
1288 1041 1425 1067 metuens
1447 1036 1627 1076 perniciem,
1651 1045 1687 1065 ac

212 1089 356 1127 fatigata
371 1087 525 1125 frugibus
549 1086 611 1116 sibi
627 1085 770 1122 adetum,
795 1084 862 1113 ibat
888 1085 927 1113 ad
949 1085 1071 1122 portam
1098 1082 1178 1111 Caelz'
1193 1080 1348 1118 volubilis,
1362 1089 1420 1109 non
1433 1080 1520 1109 vultu
1534 1081 1689 1114 consueto,

218 1141 272 1161 nec
288 1131 388 1169 qualis
403 1131 456 1159 dut
473 1130 556 1167 leges
579 1127 761 1165 Britannis,
777 1129 831 1156 aut
847 1125 972 1164 subjicit
986 1123 1125 1164 imperiis
1141 1122 1209 1153 suis
1239 1123 1333 1152 Indos
1346 1122 1500 1152 timentes.
1552 1122 1614 1151 Vox
1626 1119 1689 1160 ipsi

218 1177 285 1204 erat
303 1172 437 1213 infirma,
453 1175 483 1202 et
497 1181 621 1210 gressus
637 1170 724 1207 lenti,
741 1172 772 1200 et
787 1170 869 1200 oculi
885 1169 1068 1207 languentes
1078 1177 1088 1197 :
1108 1176 1197 1206 genoe
1213 1165 1388 1196 cecideruut
1402 1163 1538 1194 interius
1548 1174 1558 1194 .-
1580 1163 1692 1194 macies

843 1251 1059 1265 eeeeeeeeeee

219 1322 414 1352 Oisel.—l3
437 1330 524 1352 suum
539 1321 591 1351 vel
607 1320 655 1351 sui
673 1321 753 1351 Put.
777 1319 841 1350 voti
858 1319 941 1358 Reg.
957 1317 1062 1348 munch·
1076 1316 1172 1347 Rott.
1187 1313 1282 1346 Med.
1297 1318 1377 1345 tert.
1393 1312 1533 1343 Tholos,
1550 1311 1632 1342 Lov.
1648 1314 1687 1342 et

219 1365 315 1395 Leid.
338 1374 383 1395 m.
397 1373 449 1404 pr.
470 1364 540 1394 belli
554 1364 606 1394 vel
623 1363 729 1393 mundi
741 1361 848 1393 Oisel.
866 1361 972 1391 mundi
985 1361 1038 1390 vel
1055 1359 1119 1390 voti
1136 1359 1251 1390 Oxou.
1269 1367 1320 1398 pr.
1338 1357 1410 1387 belli
1428 1356 1481 1386 vel
1494 1356 1557 1386 voti
1571 1354 1689 1385 Oxon.

219 1410 375 1438 sem—14
387 1406 486 1446 effata
502 1406 637 1437 Put.m.
657 1415 709 1447 pr.
732 1405 836 1446 ‹gffoeta
853 1405 984 1435 Mazar.
1008 1402 1102 1444 efflta
1115 1403 1194 1432 Vat.
1210 1411 1261 1442 pr.
1277 1411 1322 1432 m.
1340 1410 1391 1440 pr.
1403 1403 1438 1430 et
1454 1403 1562 1439 quart.
1580 1397 1689 1427 Oisel.

218 1450 350 1481 Bonon.
367 1451 444 1480 Pat.
476 1449 574 1489 effata
590 1449 643 1479 vel
657 1448 767 1489 effecta
779 1448 863 1485 Reg.
876 1447 1029 1478 Florent.
1042 1445 1158 1476 Ambr.
1174 1454 1241 1475 sec.
1270 1445 1332 1474 loco
1346 1452 1407 1483 pro
1422 1442 1490 1473 Deo
1504 1441 1579 1471 Pal.
1594 1439 1688 1470 Med,

220 1495 360 1532 pr.—16
375 1492 501 1523 induxit
516 1496 584 1522 tres
600 1492 698 1522 Vatt.
720 1491 812 1521 Prie.
829 1490 936 1521 Oisel.
967 1489 1085 1520 indixit
1099 1486 1289 1519 octodecim
1304 1486 1374 1526 alii,
1389 1485 1473 1515 Exc.
1490 1484 1632 1515 Gevart.
1656 1485 1693 1512 et

219 1536 299 1566 Pat.
325 1545 394 1567 rec.
419 1535 474 1566 cd.
502 1535 618 1566 Vlcet.
651 1533 783 1571 indixit,
798 1534 852 1563 vel
877 1532 1006 1563 induxit
1035 1531 1101 1562 duo
1127 1530 1240 1561 Oxou.
1266 1533 1302 1560 et
1328 1529 1409 1559 Vat.
1437 1532 1516 1558 tert.
1551 1525 1692 1566 perdidit

218 1578 337 1608 hostem
365 1578 442 1608 Pat.
479 1578 611 1616 pertulit
648 1578 746 1607 Fam.
774 1577 858 1607 Exc.
890 1575 1035 1606 Gevart.
1067 1574 1203 1614 proterit
1231 1573 1313 1603 Lov.
1340 1575 1410 1602 vet.
1439 1570 1526 1611 Gyr.
1559 1567 1691 1609 perculit

221 1621 276 1650 vel
305 1620 444 1650 ¹vendidit
470 1620 551 1650 Vat.
581 1629 634 1659 pr.
666 1619 798 1659 perculit
832 1618 886 1648 vel
908 1618 1042 1657 pertulit
1066 1618 1179 1647 Oxou.
1205 1617 1346 1655 pr.—17
1383 1613 1530 1644 Exitium
1561 1611 1690 1641 Mazar-

222 1662 371 1692 Efficiam
393 1666 540 1702 quatuor
557 1662 654 1692 Vatt.
684 1662 783 1691 Farn.
801 1660 893 1690 Prie.
912 1659 1021 1690 Oisel.
1048 1659 1156 1689 Exilii
1173 1657 1238 1687 duo
1253 1657 1349 1688 Vatt.
1367 1657 1462 1686 Rott.
1489 1654 1567 1684 duo.
1593 1651 1690 1683 Med.

221 1705 368 1735 totidem
386 1704 506 1735 Heins.
524 1708 559 1735 et
578 1703 699 1734 Petav.
719 1703 804 1743 Reg.
818 1702 945 1733 Thuan.
970 1702 1099 1732 Bonon.
1124 1701 1258 1731 Tholos.
1289 1700 1371 1729 Lov.
1390 1696 1508 1728 Ambr.
1528 1699 1605 1727 tert.
1623 1695 1691 1726 duo

223 1746 337 1778 Oxou.
368 1748 453 1778 Exe.
484 1748 561 1777 Pat.
586 1756 656 1777 rec.
695 1745 805 1776 Exiciz'
831 1745 887 1775 vel
915 1744 1063 1775 Efficiam
1088 1743 1211 1774 Petav.
1235 1743 1391 1772 sec.-1S
1415 1739 1517 1770 rabidi
1544 1739 1691 1769 Fam.—

224 1792 264 1820 19
288 1790 375 1820 vulta
391 1790 469 1821 Vat.
498 1793 578 1820 tert.
595 1789 672 1819 Pal.
689 1788 789 1819 Farn.
807 1788 902 1818 Pric.
929 1786 1034 1817 Oisel.
1057 1785 1112 1816 ed.
1140 1786 1253 1816 Parm.
1291 1784 1363 1814 nisu
1386 1782 1499 1813 Oxou.
1518 1791 1585 1812 sec.
1622 1780 1691 1811 visu

221 1832 466 1871 septemdecim
485 1831 553 1869 alii,
568 1831 650 1861 Exe.
665 1830 743 1861 Pat.
761 1839 829 1860 ree.
850 1830 932 1859 Var.
951 1829 1020 1859 LL.
1037 1828 1091 1858 ed.
1110 1826 1216 1858 Antv.
1255 1828 1331 1857 luxu
1348 1825 1425 1856 Vat.
1443 1835 1512 1855 see.
1534 1825 1622 1855 vultu
1637 1824 1691 1854 vel

219 1874 289 1904 risu
312 1875 392 1905 Vat.
410 1884 462 1915 pr.
485 1874 566 1905 Put.
599 1883 659 1903 non
683 1874 783 1913 qualis
809 1872 889 1902 Vat.
913 1881 980 1902 see.
1006 1871 1081 1901 Pal.
1109 1870 1203 1901 Prie.
1230 1874 1300 1900 tres
1326 1867 1421 1899 Med.
1447 1868 1532 1907 Reg.
1558 1867 1691 1897 Mazar.

220 1917 348 1947 Moret.
365 1926 417 1956 pr.
455 1926 531 1947 rura
546 1925 650 1956 marg.
668 1915 881 1955 Isingress20
905 1913 1024 1954 tepidos
1039 1913 1159 1945 Ambr.
1174 1917 1255 1943 tert.
1295 1911 1459 1942 submittat
1484 1910 1606 1940 Petav.
1622 1918 1692 1940 sec.

222 1960 341 1998 legibus
356 1960 422 1989 duo
440 1959 534 1989 Vatt.
559 1959 642 1998 Reg.
670 1958 792 1989 Petav.
820 1967 871 1997 pr.
896 1958 1030 1988 Tholos.
1059 1956 1154 1988 Leid.
1181 1956 1308 1986 Moret.
1334 1963 1399 1984 sec.
1425 1953 1509 1984 Exc.
1526 1953 1603 1983 Pat.
1620 1961 1691 1982 rec.

220 2001 367 2035 fluctibus
383 2001 478 2032 Med.
495 2011 566 2032 sec.
583 2012 628 2033 m.
646 2011 698 2041 pr.
726 2000 869 2038 fascibus
885 2000 937 2030 vel
952 1999 1071 2039 legibus
1087 1999 1200 2031 Oxou.
1226 2000 1362 2039 pr.——21
1386 1997 1553 2036 tardusque
1578 1994 1693 2026 Oxou.

221 2142 352 2181 leritas‚
378 2147 415 2173 et
442 2142 648 2173 Caesarianae
676 2142 804 2181 similis,
838 2142 930 2181 Veni,
977 2140 1138 2183 jacent:'
1183 2140 1316 2172 Cicero.
1363 2138 1512 2170 ‘Mortis
1545 2135 1695 2177 timens,’

221 2192 300 2228 vidi,
315 2193 389 2222 vici.
983 2192 1174 2223 Lucretius.

267 2243 461 2283 Profugum]
496 2242 599 2274 Gildo
624 2243 779 2274 tentabat
801 2241 932 2283 fugere,
1029 2242 1165 2281 Negatis
1182 2240 1348 2281 frugibus]
1381 2239 1485 2271 Gildo
1508 2237 1696 2269 frumenta-

224 2300 260 2326 et
276 2295 350 2326 ideo
368 2294 533 2336 profugus
550 2294 691 2334 dicitur,
706 2299 741 2324 et
757 2304 835 2325 mox
852 2304 931 2334 cap·
983 2293 1050 2324 rias
1068 2294 1184 2323 Romae
1213 2301 1316 2323 naves
1343 2291 1390 2322 ita
1416 2291 1448 2321 in
1477 2288 1597 2320 Africa
1613 2288 1694 2319 reti-

223 2352 278 2378 tus
295 2350 358 2377 est.
983 2347 1117 2382 nuerat,
1133 2348 1170 2373 ut
1180 2343 1252 2383 jam
1269 2342 1437 2373 Proceres
1462 2340 1624 2372 timerent
1649 2348 1693 2369 ne

270 2400 308 2428 13
336 2396 513 2436 Praevenit]
534 2395 688 2428 Victoria
720 2405 816 2436 paene
851 2400 930 2426 ante
986 2394 1081 2434 plebs
1108 2396 1151 2425 ob
1180 2403 1322 2424 annonae
1351 2392 1531 2423 caritatem
1548 2388 1693 2421 efferata

224 2449 351 2480 beilum
368 2449 526 2479 nuntiata
541 2455 604 2479 est.
984 2444 1019 2475 in
1031 2445 1236 2475 seditionem
1254 2446 1458 2483 erumperet.

269 2502 310 2531 16
336 2499 435 2535 Quem
461 2497 599 2538 veniens]
642 2497 777 2538 Hyeme
807 2496 930 2527 bellum
1029 2497 1069 2524 18
1096 2494 1222 2534 Olympi
1248 2492 1366 2532 rapidi]
1404 2491 1504 2529 Coeli,
1529 2489 1618 2532 quod
1644 2499 1696 2521 ra-

223 2551 392 2583 indictum
428 2554 493 2588 est,
521 2558 601 2580 vere
625 2547 733 2579 hostis
759 2547 854 2578 velut
868 2545 932 2577 ful·
985 2543 1066 2584 pido
1083 2548 1176 2574 motu
1193 2542 1350 2573 volvitur.

224 2602 315 2632 mine
331 2601 446 2642 aliquo
464 2600 640 2641 perculsus
657 2602 721 2629 est.
1030 2596 1071 2623 20
1096 2591 1260 2632 Fascibus]
1295 2592 1419 2622 Fasces
1437 2593 1616 2621 sumuntur
1631 2599 1694 2630 pro

273 2656 310 2684 17
337 2650 522 2690 Exitiijam
539 2650 640 2681 Roma
655 2647 781 2688 timens]
815 2648 864 2678 Ut
876 2646 933 2676 ho·
985 2642 1148 2683 Imperio,
1174 2642 1272 2682 cujus
1301 2641 1397 2681 signa
1422 2644 1523 2671 sunt:
1561 2639 1693 2681 signum

227 2703 386 2740 minibus,
403 2702 451 2732 sic
471 2705 507 2732 et
520 2699 660 2731 urbibus
676 2702 754 2729 sunt
770 2706 829 2728 sua
852 2695 932 2727 fata.
986 2703 1049 2735 pro
1066 2703 1103 2724 re
1117 2692 1264 2734 signata,
1280 2691 1543 2732 Metonymicc‘bs.

233 2753 321 2784 ‘Tot
350 2751 556 2793 oppidorum
585 2748 752 2781 cadavera
777 2746 935 2791 projecta
