1857 3177
404 228 464 258 nn
499 227 674 258 MALLII
709 228 892 259 Timon.
925 228 1063 260 cous.
1097 229 1302 259 PROLOG.
1495 222 1578 262 419

129 323 346 365 Omnibus
368 324 574 365 audimur
595 326 734 374 terris,
755 325 993 378 mundique
1013 340 1089 380 per
1111 339 1239 367 aures

186 391 372 441 Ibimus,
390 393 443 433 ah
463 393 621 433 nimius
645 394 850 433 Consulis
873 398 995 445 urget
1013 407 1145 434 amor.
1524 395 1578 435 10

126 458 316 512 Jupiter,
334 465 382 500 ut
402 461 643 514 perhibent,
667 461 858 513 spatium
880 473 977 500 cuin
998 461 1164 503 discere
1185 461 1317 503 vellet

183 525 389 575 Naturae,
410 528 527 579 regni
546 529 721 569 nescius
743 529 838 581 ipse
860 528 954 577 sui3

130 591 385 645 Armigeros
406 595 616 648 utrimque
637 595 745 635 duos
767 594 1013 646 aequalibus
1036 596 1117 635 alis

188 659 317 700 Misit
338 662 393 701 ab
414 661 520 701 Eois
543 662 842 715 Occiduisque
864 661 1024 714 plagiS.

129 725 351 768 Parnasus
373 730 572 780 geminos
591 729 722 768 fertur
737 728 937 782 junxisse
957 728 1130 769 volatus
1149 742 1159 776 ;
1529 730 1585 770 15

188 792 383 835 Contulit
403 796 593 836 alternas
614 786 802 848 Pythius
823 795 924 835 axis
944 807 1060 835 aves.

129 930 215 970 pltat.
266 930 361 961 Terra
376 931 518 962 universa
533 932 636 962 (iudici
654 941 717 970 nos,
734 936 763 962 et
780 932 874 962 dicta
889 936 1004 962 nostra
1022 931 1163 962 volabunt
1190 932 1229 961 ad
1254 940 1343 962 aures
1368 932 1464 962 totius
1483 931 1587 963 Orbis.

130 973 226 1004 Tene
243 976 288 1011 le,
310 982 328 1003 o
346 973 455 1004 Musa.
511 974 576 1004 Sed
604 973 668 1004 ali!
702 975 814 1004 nimius
828 984 913 1004 umor
930 975 960 1004 in
978 975 1125 1004 consulem
1147 973 1358 1004 Theodorum
1375 975 1505 1014 impellit
1521 984 1586 1005 me.

131 1015 270 1054 Jupiter,
280 1019 313 1045 ut
332 1015 430 1051 aiunt,
443 1026 510 1047 cum
530 1017 619 1047 vellet
641 1026 818 1055 cognoscere
832 1017 1011 1047 vastitatem
1029 1017 1134 1054 orbis,
1148 1026 1205 1046 non
1219 1026 1399 1055 cognoscens
1413 1018 1478 1056 ipse
1494 1017 1589 1056 impe-

129 1057 213 1088 rium
234 1067 343 1093 suum,·
374 1059 475 1088 emisit
499 1059 569 1088 hinc
593 1059 664 1089 inde
687 1069 704 1088 ιι
721 1059 840 1099 finibus
859 1059 1000 1089 Orientis
1015 1062 1044 1089 et
1064 1060 1240 1089 Occidentis
1254 1061 1330 1089 «luas
1344 1059 1460 1098 aquilus
1481 1060 1590 1099 pennis

129 1099 289 1131 similibus.
335 1101 510 1131 Parnassus
524 1101 641 1132 dicitur
655 1101 847 1139 conjunxisse
862 1102 995 1132 rolatum
1012 1102 1180 1142 utriusque.
1229 1103 1295 1131 Ora
1307 1101 1462 1142 Apollinis
1478 1102 1590 1142 Pythii

742 1208 975 1220 aeaeaeaeaeaeaeaeaeaeae

133 1280 230 1320 Reip.
247 1281 361 1312 vivere
380 1282 552 1320 volebam;
587 1287 637 1314 tot
654 1284 862 1321 consulares,
879 1287 929 1314 tot
947 1284 1137 1323 praetorios,
1154 1287 1205 1314 tot
1221 1283 1472 1314 honestissimos
1487 1283 1589 1314 Sena-

134 1323 246 1354 toreS.’
295 1324 389 1354 Idem
406 1324 525 1355 eadem
541 1325 640 1357 Orat.
657 1336 689 1365 p.
707 1329 760 1356 21.
779 1326 810 1356 b.
828 1326 882 1356 ed.
901 1326 1021 1357 Faiirn.
1039 1330 1073 1356 et
1091 1336 1122 1365 p.
1137 1328 1188 1356 22.
1206 1336 1235 1355 a.
1254 1325 1312 1356 sed
1329 1325 1459 1356 culmina
1477 1329 1589 1356 tamen

133 1364 213 1396 ferri
230 1376 328 1406 posse
345 1372 536 1407 notaverat,
552 1367 831 1408 quemadmodum
848 1369 949 1409 apices
972 1369 1058 1399 dixit
1084 1368 1280 1398 Ammianus
1308 1368 1329 1398 l.
1345 1376 1452 1398 xxlx.
1477 1368 1485 1383 ‘
1504 1367 1593 1398 Hor-

133 1413 186 1438 ret
204 1408 334 1440 animus
351 1410 532 1450 reminisci,
556 1420 621 1451 qno
642 1411 780 1451 justitio
808 1411 973 1441 humiliati
995 1416 1046 1442 tot
1063 1420 1173 1441 reruni
1200 1411 1314 1450 apices
1331 1410 1539 1448 visebantur,
1559 1415 1594 1441 et

131 1451 307 1491 praecipue
325 1452 617 1483 Consulares.'—0
640 1453 766 1483 auditus
783 1453 877 1484 Med.
897 1458 977 1484 tert.
1022 1454 1122 1483 auditi
1149 1453 1213 1492 leg.
1234 1453 1354 1483 Heius.
1397 1452 1494 1483 mistis
1517 1453 1592 1483 Flo-

130 1498 220 1524 rent.
236 1503 280 1525 m.
297 1498 433 1534 pr.-—10
459 1495 578 1525 [vimus
595 1496 707 1526 Oxon.
726 1505 794 1527 sec.
832 1506 867 1527 ac
881 1496 994 1526 nimius
1008 1497 1126 1526 consule
1141 1494 1243 1533 surgit
1260 1496 1339 1525 Vat.
1355 1504 1408 1534 pr.
1425 1504 1469 1525 m.
1487 1505 1539 1535 pr.
1574 1505 1592 1525 α

133 1535 249 1565 nimius
267 1536 388 1567 Petav.
408 1546 459 1577 pr.
500 1548 535 1568 ac
559 1539 639 1569 Vat.
659 1543 739 1568 tert.
785 1539 825 1569 lm
851 1538 919 1569 duo
946 1538 1065 1569 Leidd.
1088 1538 1154 1568 duo
1180 1538 1292 1568 Oxou.
1319 1537 1400 1568 Jnn.
1427 1546 1478 1576 pr.
1505 1538 1593 1575 Reg.

131 1577 262 1608 Thuan.
283 1579 412 1609 Mazar.
430 1580 510 1610 Put.
528 1580 626 1611 ambo
644 1581 770 1611 Moret.
797 1581 863 1611 duo
889 1581 1013 1611 l'etav.
1058 1581 1188 1610 nimium
1203 1580 1283 1611 Jun.
1301 1589 1353 1619 pr.
1371 1579 1466 1609 Med.
1483 1584 1594 1619 quart.

133 1623 222 1658 urget
239 1621 291 1650 vel
307 1622 370 1651 urit
389 1621 476 1661 Reg.
495 1622 607 1653 Oxou.
624 1626 756 1662 [ηπ-11
786 1623 855 1654 vid.
872 1622 1008 1653 Lucian.
1027 1632 1060 1662 p.
1075 1625 1151 1652 511.
1173 1623 1246 1651 dum
1260 1622 1437 1651 Prior—12
1461 1621 1597 1651 conscius

135 1662 229 1693 Rott.
258 1662 366 1694 Oisel.
394 1664 489 1694 Med.
514 1674 581 1694 sec.
608 1674 651 1695 m.
676 1668 814 1703 pia—13
842 1665 1022 1702 Crinigeros
1039 1664 1092 1693 vel
1107 1664 1290 1701 Armiger—os
1308 1664 1393 1701 Reg.
1435 1667 1598 1703 utrumque

133 1704 216 1735 Var.
234 1704 300 1735 LL.
319 1706 371 1735 ed.
389 1705 492 1737 Antv.
525 1716 594 1735 suos
605 1706 739 1737 Tholos.
783 1706 873 1736 annis
889 1706 942 1736 vel
959 1706 1018 1736 alis
1031 1706 1112 1736 Vat.
1130 1705 1238 1745 quint.
1273 1705 1357 1735 horis
1375 1704 1467 1735 Med.
1484 1715 1597 1736 sec.—

137 1749 174 1777 15
210 1746 370 1778 Parnasus
398 1748 482 1788 Reg.
511 1748 591 1780 Put.
613 1748 743 1779 Thuan.
773 1749 903 1779 Mazar.
942 1748 1040 1779 ambo
1065 1748 1194 1780 Moret.
1221 1752 1290 1778 tres
1319 1748 1439 1779 l'etav.
1474 1747 1598 1779 Am.—

795 1854 942 1887 NOTAE

138 1948 202 1970 nec
227 1938 336 1969 male:
375 1938 417 1969 de
445 1938 566 1979 quibus
595 1939 684 1979 Regi
714 1939 844 1980 Pyrrho

136 1991 361 2031 interroganti
378 1991 507 2030 legatos
520 2001 608 2030 suos,
620 1990 701 2031 quid
718 1991 843 2022 dehos-

138 2041 222 2072 tium
237 2040 318 2071 sede
335 2040 516 2079 sentirent,
541 2040 563 2070 ii
585 2039 844 2080 responderunt,

136 2091 146 2108 ‘
164 2090 282 2121 urbem
307 2090 470 2130 templum
506 2090 568 2120 sibi
595 2090 716 2129 visum,
742 2090 843 2120 Sena-

139 2145 209 2172 tum
228 2141 358 2180 Regum
376 2150 448 2170 esse
466 2140 682 2171 consessum.'
711 2141 843 2170 Florus,

182 2193 202 2221 8
228 2190 349 2230 Gallia]
386 2190 615 2221 Mediolanum
635 2190 712 2221 urbs
727 2200 745 2220 a
763 2190 845 2221 Gal-

138 2241 178 2273 lis
194 2240 345 2280 condita,
368 2246 401 2272 et
419 2241 451 2271 in
469 2241 580 2272 Gallia
604 2241 778 2280 Cisalpina
796 2250 845 2271 re-

140 2291 274 2333 posita:
307 2291 353 2322 ibi
380 2296 450 2321 tum
477 2291 624 2331 degebat
655 2291 846 2331 Imperator

141 2340 327 2372 Honorius.
373 2340 472 2371 Hanc
487 2340 604 2371 urbem
619 2341 770 2371 nonnulli
783 2341 848 2371 Im-

139 2394 314 2431 peratores
332 2391 448 2421 Romae
476 2391 712 2430 praetulerunt.
759 2389 847 2421 Atti-

140 2439 304 2480 la,Suida
321 2446 423 2479 teste,
439 2440 557 2471 videns
575 2440 760 2472 Mediolani
784 2441 849 2471 Im-

142 2494 317 2531 peratores
346 2490 379 2520 in
414 2491 524 2520 aureis
560 2491 650 2521 soliis
681 2490 850 2529 sedentes,

141 2540 284 2581 Scythas
301 2550 383 2571 vero
411 2540 453 2572 ad
478 2550 590 2571 eorum
615 2541 719 2581 pedes
737 2541 851 2581 depic-

142 2594 218 2628 tos;
254 2601 290 2622 se
308 2591 342 2621 in
359 2591 441 2621 solio
463 2591 652 2631 sedentem,
680 2592 850 2623 Romanos

144 2650 226 2671 vero
242 2641 472 2681 Imperatores
489 2651 608 2672 saccos
630 2642 776 2672 humeris
801 2641 850 2672 fe-

145 2693 273 2728 rentes,
290 2696 324 2720 et
341 2696 419 2721 ante
438 2690 542 2730 pedes
567 2701 644 2722 suos
669 2701 785 2722 aurum
802 2690 851 2721 ef-

144 2739 341 2778 fundentes,
355 2740 447 2779 pingi
465 2740 581 2770 voluit.

188 2792 210 2821 9
230 2788 401 2830 Διιάἱηιιιν]
425 2789 512 2822 Haec
527 2789 606 2821 urbs
620 2794 690 2822 tam
702 2789 847 2822 celebris

898 1943 963 1978 est,
985 1943 1024 1970 ut
1039 1939 1209 1980 quicquid
1223 1938 1255 1968 in
1277 1947 1317 1968 ea
1339 1938 1468 1968 dictum
1495 1936 1599 1970 fuerit

898 1995 1020 2031 putare
1044 1990 1117 2030 quis
1143 1988 1268 2020 debeat
1293 1988 1420 2019 dictum
1442 1987 1513 2018 orbi
1528 1989 1599 2019 uni-

898 2049 1009 2070 verso.
1054 2038 1154 2070 Unde
1179 2038 1286 2078 major
1312 2041 1365 2068 est
1392 2036 1598 2068 difficultas:

898 2089 1000 2128 unde,
1012 2099 1030 2119 ο
1043 2090 1154 2125 Musa,
1165 2093 1198 2119 te
1211 2093 1328 2119 tenere
1339 2087 1443 2118 debes
1456 2098 1464 2125 ;
1477 2087 1536 2118 sed
1551 2088 1600 2118 ni·

898 2141 985 2171 mins
999 2149 1092 2170 amor
1103 2138 1272 2169 Theodori
1285 2138 1430 2178 impellit
1442 2142 1488 2175 te,
1500 2146 1600 2178 quam

899 2195 937 2221 ut
954 2190 1052 2219 silere
1070 2189 1188 2229 possis.

946 2242 982 2269 13
1008 2237 1201 2278 AEqualibus]
1218 2238 1258 2268 Id
1274 2242 1338 2276 est,
1353 2237 1487 2278 Aquilae
1504 2242 1602 2269 eraut

901 2289 1046 2330 aequales
1062 2293 1164 2319 aetate
1183 2293 1217 2318 et
1234 2288 1365 2318 robore.

946 2341 985 2370 14
1011 2337 1102 2377 Eois]
1114 2336 1192 2368 “Ews
1208 2339 1259 2368 vel
1276 2337 1346 2376 ἠὼς,
1363 2337 1506 2368 Aurora.-
1523 2335 1601 2367 inde

902 2390 1003 2426 Eous,
1028 2389 1068 2419 ad
1095 2388 1274 2419 Orientem
1300 2386 1508 2418 Auroramve
1526 2395 1602 2426 per-

901 2439 1026 2470 tineus.

946 2492 984 2521 15
1010 2488 1182 2528 Parnasus]
1228 2487 1294 2518 Hic
1312 2496 1404 2518 mons
1421 2486 1532 2518 dictus
1549 2489 1602 2517 est

904 2543 1005 2570 terrae
1022 2539 1210 2577 umbilicus,
1226 2538 1319 2578 quasi
1345 2538 1377 2568 in
1403 2537 1514 2568 medio
1537 2541 1604 2568 ter-

904 2599 1016 2620 rarum
1034 2589 1207 2619 existeret.

949 2642 989 2669 16
1015 2638 1168 2678 Contulit]
1191 2637 1295 2667 Simul
1311 2636 1500 2676 recepit,et
1516 2645 1604 2666 com-

905 2688 1038 2730 paravit
1052 2689 1198 2719 volatum
1216 2687 1401 2727 utriusque.

948 2737 1100 2780 Pythius]
1123 2736 1210 2769 Vide
1226 2734 1329 2769 Praef.
1346 2735 1400 2767 lib.
1417 2743 1443 2767 Ι.
1459 2735 1493 2766 in
1508 2734 1589 2769 Ruf.
