1852 3193
261 176 348 218 162
755 184 832 225 en.
865 182 993 214 anv
1003 182 1148 214 n1AN1
1184 181 1228 211 v,

264 281 528 335 Obstupuit:
560 280 690 322 simul
710 280 774 321 ira
795 280 951 328 virum,
973 275 1102 317 simul
1122 274 1265 315 obruit
1281 273 1438 327 ingens

264 349 456 391 Moeror:
488 352 531 390 et
545 350 702 402 ignavo
722 350 886 388 tantum
904 345 1085 385 licuisse
1102 343 1278 383 nocenti

263 416 477 458 Miratur:
510 416 666 456 dubios
688 425 856 466 anceps
879 411 1098 452 sententia
1117 410 1260 450 volvit

263 484 477 533 Eventus,
497 487 674 537 peragat
698 493 883 534 pugnas,
904 493 961 520 an
980 478 1109 520 fortia
1130 481 1283 531 coepta
1637 474 1725 516 200

266 553 466 593 Deserat.
526 549 719 603 Illyricis
738 547 860 589 ardet
878 559 1127 588 succurrere
1145 545 1316 586 damnis
1334 559 1346 586 ε

264 619 510 673 Praeceptis
529 619 703 658 obstare
725 617 871 656 timet:
901 614 1142 656 reverentia
1162 613 1327 666 frangit

264 687 454 728 Virtutis
475 685 688 726 stimulos.
749 683 869 724 Hinc
889 682 1070 736 publica
1090 680 1322 722 commoda
1342 679 1544 730 suadent,

266 753 387 794 Hinc
407 758 546 794 metus
567 752 758 793 invidiae.
817 750 1020 791 Tandem
1040 750 1293 802 indignatus
1316 747 1372 789 ad
1394 751 1510 788 astra

267 819 454 861 Extollit
471 821 658 873 palmas,
680 822 722 859 et
741 819 797 859 ab
818 819 908 858 imo
926 821 1103 871 pectore
1124 816 1236 856 fatur
1255 829 1263 852 :
1636 811 1724 853 205

321 887 516 928 Numina
535 887 751 927 Romanis
772 885 956 926 necdum
977 885 1135 925 satiata
1151 883 1299 932 ruinis,

266 954 314 995 Si
329 955 460 1009 juvat
476 955 706 1007 imperium
727 954 900 1005 penitus
921 953 975 992 de
997 951 1130 1005 stirpe
1151 950 1315 1000 revelli,

266 1066 365 1096 Ducis
380 1064 571 1095 Stilichonis
586 1063 719 1093 tenentis
734 1072 831 1093 arma.
869 1062 933 1092 Ille
948 1061 1177 1101 obstupefactus
1193 1063 1251 1091 est.
1278 1060 1448 1090 Iracundia
1461 1060 1594 1099 puriter,
1605 1058 1734 1100 pariter

265 1107 400 1138 tristitia
414 1116 527 1144 magna
540 1105 658 1135 invadit
674 1106 787 1143 tirum,
801 1108 831 1134 et
846 1104 1031 1144 obstupescit
1047 1107 1164 1133 sontem
1179 1104 1309 1132 inertem
1324 1105 1444 1132 lantum
1459 1102 1604 1141 potuisse.
1649 1102 1729 1133 Ani-

266 1159 334 1179 mus
349 1149 421 1189 ejus
437 1148 548 1178 dubius
563 1148 680 1178 volutat
696 1147 800 1177 exitus
822 1148 972 1177 incertos.-
996 1156 1037 1176 αη
1057 1145 1201 1186 perficiat
1223 1145 1344 1182 bellum,
1361 1155 1401 1175 an
1423 1145 1580 1184 relinquat
1596 1145 1730 1185 incoepta

261 1188 435 1228 generosa?
448 1192 573 1231 flagrat
588 1191 703 1221 mederi
717 1189 854 1220 cladibus
868 1189 1024 1230 Illyricis:
1050 1192 1171 1219 veretur
1187 1198 1246 1218 uon
1262 1188 1386 1217 obedire
1403 1187 1554 1227 Imperiis,
1596 1187 1733 1217 Venera-

265 1235 311 1265 tz'o
326 1234 389 1273 ejus
403 1234 435 1263 iu
453 1233 636 1264 Arcadium
661 1232 783 1263 hebetat
805 1232 944 1263 stimulos
962 1231 1188 1269 fortitudinis:
1211 1231 1282 1261 hinc
1304 1230 1427 1260 utilitas
1451 1229 1574 1270 publica
1599 1230 1707 1260 suadet
1721 1240 1731 1260 .·

266 1277 337 1307 inde
352 1277 445 1307 timor
465 1276 593 1306 invidia>
617 1275 816 1305 dissuadet:
849 1276 971 1305 tandem
998 1276 1101 1304 iratus
1123 1274 1205 1304 tollit
1232 1283 1338 1303 manus
1363 1275 1404 1303 ad
1425 1274 1546 1310 coelum,
1574 1275 1604 1303 et
1634 1272 1731 1303 velut

266 1319 436 1359 suspirans
452 1319 489 1348 ab
511 1319 573 1348 alto
595 1318 695 1356 corde,
711 1318 757 1348 sic
784 1318 930 1357 loquitur.
977 1317 1007 1348 Ο
1038 1317 1111 1355 Dii,
1136 1317 1268 1347 nondum
1293 1316 1430 1346 saturati
1456 1316 1545 1346 malis
1568 1315 1731 1353 Romanis,

264 1361 291 1392 si
313 1362 414 1403 placet
444 1361 537 1392 vobis
569 1360 738 1401 Imperium
764 1360 953 1391 Romanum
978 1360 1097 1390 destrui
1118 1359 1266 1397 funditus
1287 1358 1325 1389 ab
1347 1358 1430 1399 ipsis
1451 1357 1679 1398 fundamentis,
1700 1358 1730 1388 si

879 1454 1116 1465 eeeeeeeeeeee

270 1522 328 1551 197
356 1519 518 1561 Obstipuit
534 1519 628 1550 Med.
646 1529 712 1550 sec.
734 1520 817 1560 Reg.
842 1520 922 1550 Lov.
947 1520 1031 1550 Exc.
1057 1519 1145 1550 Laeti
1161 1524 1197 1550 et
1214 1520 1358 1551 Lucens.
1374 1528 1424 1559 pr.
1459 1529 1514 1550 ora
1530 1518 1623 1550 Prie.
1661 1517 1730 1558 ipse

267 1562 385 1594 Ambr.
402 1572 450 1602 pr.
484 1562 533 1592 ira
550 1563 603 1592 vel
619 1571 673 1593 ora
690 1562 839 1593 Floreut.
852 1562 945 1593 Med.
962 1572 1028 1593 sec.
1052 1563 1160 1593 dacem
1175 1563 1298 1593 horruit
1314 1563 1504 1594 Pan-198
1526 1561 1648 1592 tonanti
1664 1570 1731 1601 pro

266 1605 389 1636 nocenti
402 1604 497 1635 Leid.
515 1614 583 1636 sec.
610 1606 694 1635 Exc.
720 1605 971 1636 Gevart.-—l99
992 1605 1148 1635 mirantur
1170 1606 1262 1637 Med.
1285 1615 1335 1646 pr.
1379 1604 1516 1636 miratur
1541 1605 1634 1635 Med.
1661 1612 1728 1635 sec.

269 1658 288 1678 a
303 1658 346 1679 ni.
375 1658 424 1688 pr.
461 1647 568 1678 dubios
584 1653 654 1678 tres
666 1648 745 1678 Vat.
763 1648 838 1679 Pal.
856 1649 950 1679 Rott.
966 1648 1074 1679 Oisel.
1106 1648 1272 1688 dubiosque
1291 1648 1383 1679 Pric.
1398 1648 1525 1679 Thuan.
1541 1647 1633 1678 solvit
1648 1646 1731 1677 Vat.

268 1700 318 1731 pr.
335 1695 371 1721 et
386 1690 480 1721 Med.
499 1700 547 1730 pr.
565 1701 583 1720 a
599 1701 641 1721 m.
661 1693 818 1730 piu—200
848 1690 941 1728 sacta
957 1690 1023 1720 duo
1039 1691 1118 1721 vat.
1142 1691 1237 1722 Rott.
1259 1691 1367 1722 Oisel.
1384 1691 1534 1722 Florent.
1553 1689 1618 1720 duo
1634 1689 1732 1721 Med.

269 1733 400 1764 Thuan.
417 1733 543 1763 Mazar.
559 1733 687 1764 Moret.
712 1743 763 1774 pr.
788 1732 906 1764 Amhr.
923 1743 989 1764 sec.
1007 1733 1081 1764 cod.
1098 1734 1214 1764 Barth.
1249 1737 1345 1773 coepta
1360 1739 1430 1764 tres
1445 1734 1525 1764 Vat.
1541 1733 1614 1764 Pal.
1631 1733 1730 1763 Farn-

268 1776 360 1807 Pric.
373 1776 467 1813 facta
483 1777 537 1806 vel
553 1780 649 1817 coepta
665 1777 743 1806 Vat.
756 1782 834 1807 tert.
851 1777 931 1807 Put.
947 1776 1074 1807 Moret.
1094 1779 1267 1807 sem—201
1293 1776 1423 1816 differat
1438 1776 1564 1807 Thuau.
1601 1774 1732 1815 differat

268 1819 324 1849 vel
350 1819 471 1849 desinat
494 1819 588 1848 Rom.
616 1819 742 1849 Iluricis
760 1819 843 1849 Exc.
860 1819 957 1849 Laeti.
997 1818 1123 1849 Illicitis
1138 1819 1215 1849 vat.
1232 1828 1302 1849 sec.
1336 1819 1428 1849 audet
1444 1828 1622 1849 concurrere
1636 1816 1734 1849 Med.

268 1871 336 1892 sec.
356 1871 374 1891 a
390 1871 432 1891 m.
459 1871 507 1900 pr.
531 1861 648 1901 campis
671 1861 855 1892 Pan—203
879 1863 992 1892 damna
1010 1871 1071 1900 pro
1086 1863 1242 1892 commoda
1257 1862 1386 1892 Thuan.
1404 1861 1605 1892 Prie—204
1628 1860 1733 1891 odium

266 1903 396 1934 incidioe
414 1904 564 1934 Florent.
580 1914 623 1934 m.
641 1906 799 1943 pre-‘205
827 1904 981 1934 E.rtendit
995 1905 1076 1935 Vat.
1095 1907 1316 1945 quart—206
1343 1905 1476 1934 Lumina
1488 1904 1623 1934 Tholos.
1663 1912 1734 1934 nec-

269 1947 340 1976 dum
355 1947 436 1976 Vat.
455 1956 505 1986 pr.
524 1946 651 1977 Moret.
670 1956 740 1977 sec.
756 1947 840 1977 Exc.
858 1947 1002 1978 Lucens.
1018 1957 1087 1978 sec.
1111 1949 1244 1977 nondum
1258 1953 1326 1978 tres
1341 1948 1425 1978 Vat.
1443 1947 1545 1978 Farn.
1569 1955 1735 1985 numquam

268 1988 352 2020 Exc.
370 1989 448 2020 Pat.
463 1998 532 2019 rec.
568 1989 701 2020 ηοηάιιηι
718 1989 771 2019 vel
786 1991 914 2020 necdum
927 1990 1010 2021 Exc.
1028 1989 1237 2021 Laeti.-207
1258 1990 1365 2031 penita
1381 1990 1607 2021 Bana-208
1629 1989 1734 2021 sidera

931 2064 1075 2096 NOTAE

313 2129 375 2158 197
387 2127 457 2167 Ira]
475 2127 574 2160 Quod
590 2134 735 2168 cogatur
749 2139 871 2170 parere
884 2139 977 2160 man-

270 2177 360 2208 datis
373 2187 392 2208 a
408 2177 531 2208 Rufino
549 2180 692 2209 extortis
708 2191 714 2210 :
741 2189 864 2211 moeror
885 2179 976 2220 quod

269 2236 337 2257 non
364 2226 491 2257 audeat
513 2237 711 2260 succurrere
737 2229 881 2260 miseris.
927 2229 976 2260 Si-

269 2278 338 2308 mul
354 2278 496 2309 Stilicho
518 2279 662 2309 miratur
690 2285 822 2311 tantum
838 2280 976 2311 licuisse

270 2328 411 2358 nocenti
442 2327 575 2367 Rufino,
608 2335 644 2360 ut
682 2330 870 2361 obtinuerit
906 2335 975 2361 tam

274 2378 466 2419 perniciosa
482 2380 653 2411 mandata.

315 2431 376 2459 201
402 2429 555 2471 Illyricis]
581 2430 695 2471 Illyria
720 2430 800 2461 olim
827 2431 975 2462 vastissi-

272 2488 328 2508 ma
357 2479 557 2510 continebat
587 2479 806 2520 Dalmatiam,
846 2482 976 2512 Panno-

271 2528 376 2569 niam,
407 2529 592 2569 Valeriam,
619 2530 797 2569 Noricum,
825 2531 976 2570 Cretam,

271 2577 452 2621 Achaiam,
472 2579 727 2620 Macedoniam,
753 2580 975 2620 Thessaliam,

272 2628 428 2669 Epirum,
444 2632 507 2660 &c.
554 2630 654 2662 Unde
666 2641 727 2671 per
744 2632 875 2672 Illyrica
892 2634 976 2662 dam-

1028 2129 1174 2170 lyricum
1187 2129 1248 2160 sub
1261 2129 1391 2160 ditione
1408 2127 1523 2160 Rufini
1538 2128 1580 2159 ab
1595 2127 1736 2159 Alarico

1029 2180 1175 2220 positum
1192 2188 1397 2219 recuperare
1414 2179 1586 2210 voluisset.

1071 2233 1135 2260 202
1159 2228 1361 2268 Reverentia]
1385 2228 1427 2258 In
1453 2228 1643 2270 principem
1667 2227 1737 2260 Ar·

1029 2279 1174 2310 cadium„

1071 2332 1134 2360 204
1157 2331 1208 2361 Aa
1236 2333 1322 2360 astra
1350 2329 1473 2359 extollit
1499 2329 1634 2370 palmas]
1664 2328 1733 2360 Ve-

1029 2380 1214 2411 tustissima
1242 2379 1359 2410 orandi
1386 2379 1619 2423 consuetudo:
1655 2379 1733 2410 Vir-

1031 2431 1141 2470 gilius,
1155 2432 1163 2446 ‘
1181 2431 1344 2472 Ingemit,
1361 2435 1397 2461 et
1411 2420 1567 2470 duplices
1585 2428 1736 2461 tendens

1029 2481 1069 2511 ad
1089 2481 1201 2511 sidera
1218 2480 1370 2521 palmas!

1072 2534 1136 2562 206
1159 2531 1298 2571 Satalka]
1322 2532 1381 2562 Dii
1410 2531 1559 2562 nondum
1579 2530 1733 2562 contenti

1031 2582 1126 2612 malis
1144 2583 1386 2614 Romanorum.
1419 2582 1583 2622 Virgilius
1609 2581 1652 2613 de
1670 2582 1734 2614 Ju-

1031 2641 1140 2663 none:
1167 2633 1175 2648 ‘
1194 2633 1275 2664 Mea
1296 2633 1434 2663 numina
1459 2632 1598 2663 tandem
1628 2632 1735 2663 Fessa.

271 2689 313 2708 -ιια
324 2678 493 2720 intelliges
506 2685 673 2712 vastatam
688 2681 870 2713 Graeciam.
894 2682 979 2713 Por·
1025 2683 1158 2727 jacent,
1172 2685 1260 2717 odiis
1275 2689 1333 2717 aut
1347 2688 1547 2717 exsaturata
1562 2682 1699 2727 quievi!

273 2737 309 2758 ro
335 2729 479 2761 Houorii
502 2739 600 2762 socer
621 2730 756 2763 futurus
772 2731 916 2764 Stilicho
934 2732 978 2764 11-
