1842 3193
255 220 284 262 8
797 229 1172 264 PRoLEGOMENA

247 325 421 368 tribuat.
489 327 602 378 Quae
637 328 813 381 quidem
848 341 932 369 non
965 328 1008 367 in
1041 341 1144 368 eam.
1171 327 1437 367 sementiam
1472 326 1705 382 disputata

250 397 463 448 accipiaS,
497 398 627 448 quasi
661 396 825 445 omnia,
858 408 958 449 quae
994 394 1206 435 laudibus
1244 393 1381 443 effert,
1413 394 1588 447 ingenio
1615 397 1712 450 ejus

248 462 506 511 debeantur,
537 476 679 516 neque
718 464 953 517 quicquam
986 463 1029 502 in
1069 462 1164 515 ejus
1197 462 1462 502 carminibus
1501 463 1711 513 invenias,

250 543 336 583 quo
358 533 422 571 uti
457 532 608 584 possis
641 531 696 571 ad
730 530 959 571 historiam
991 529 1168 570 illorum
1190 534 1438 582 temporum
1459 530 1711 571 accuratius

251 598 579 651 exponendam.
641 597 829 638 Etiamsi
851 598 966 638 enim
988 599 1031 638 in
1054 597 1244 638 Honorii
1266 601 1308 637 et
1335 596 1594 637 Stilichonis
1615 609 1712 649 gra-

250 666 355 706 tiam
373 666 521 706 omnia
540 670 660 706 erant
677 665 993 719 componenda,
1017 677 1118 718 quae
1140 665 1185 704 in
1205 664 1487 718 panegyricis
1507 664 1710 717 protulit:

249 736 410 782 tamen,
445 733 660 786 siquidem
697 733 982 787 impudentiae
1017 738 1059 774 et
1087 745 1271 773 summae
1303 732 1513 772 vanitatis
1550 732 1713 772 crimen

248 801 320 841 vel
340 801 383 841 in
405 800 626 842 laudando
646 801 934 855 effugiendum
956 806 1038 851 est,
1070 814 1122 842 ne
1142 801 1195 850 is,
1230 813 1360 853 quem
1381 799 1584 849 extollas,
1605 801 1712 840 risui

249 867 518 920 propinetur,
549 868 685 909 fundo
722 870 872 922 aliquo
907 869 1127 923 probabili
1163 868 1372 908 destituta
1403 880 1504 907 esse
1535 867 1711 907 omnino

247 947 332 975 non
367 939 585 988 poterant,
618 949 717 990 quae
755 937 1044 990 praedicanda
1073 937 1284 990 suscepit.
1346 934 1497 988 Atque
1517 935 1603 976 hoc
1623 948 1711 976 non

247 1004 337 1042 tam
358 1004 475 1045 valet
494 1005 538 1044 in
558 1005 793 1046 virtutibus
816 1006 1104 1055 celebrandis,
1135 1005 1181 1045 in
1202 1003 1402 1056 corporis
1421 1002 1712 1056 pulchritudi-

246 1081 301 1108 ne
323 1073 366 1110 et
387 1070 538 1122 specie
561 1071 795 1123 laudanda,
829 1085 1081 1125 quanquam
1102 1072 1235 1112 etiam
1256 1071 1301 1110 in
1321 1070 1406 1119 his,
1438 1084 1537 1123 quae
1578 1070 1711 1111 fidem

249 1135 441 1189 aliquam
464 1137 594 1177 dictis
626 1138 771 1179 facere
792 1140 980 1192 possint,
1011 1151 1098 1177 non
1134 1137 1310 1177 omnino
1343 1136 1506 1177 debent
1537 1136 1712 1179 deside-

245 1203 347 1252 rari,
377 1216 508 1255 quam
541 1205 585 1244 in
611 1205 742 1245 rebus
773 1205 907 1257 gestis
940 1203 1255 1258 praedicandis,
1287 1204 1332 1243 in
1353 1204 1515 1257 quibus
1539 1217 1712 1258 semper

248 1268 417 1322 aliquid
452 1271 640 1311 subesse
670 1271 815 1320 debet,
848 1270 965 1324 quod
995 1284 1096 1312 vere
1118 1273 1284 1323 gestum
1305 1271 1413 1311 inter
1435 1283 1584 1311 omnes
1607 1285 1711 1313 con-

247 1338 346 1385 stet,
378 1337 554 1378 etiamsi
575 1337 621 1377 id
643 1338 808 1379 artibus
834 1337 1063 1379 rhetoricis
1086 1341 1325 1391 ornatuque
1346 1338 1526 1391 poetico
1547 1338 1710 1380 faciem

247 1408 474 1444 externam
495 1405 552 1445 sit
572 1409 748 1446 nactum
772 1419 799 1446 a
819 1406 881 1447 rei
904 1406 1083 1447 veritate
1105 1405 1421 1447 abhorrentem.
1472 1406 1565 1447 Res
1587 1408 1711 1461 ipsas

248 1471 525 1512 comminisci
545 1485 597 1512 ne
615 1472 944 1526 abjectissimus
966 1472 1140 1526 quidem
1161 1473 1365 1514 adulator
1381 1477 1538 1515 temere
1557 1474 1708 1527 audet;

248 1538 353 1592 quia
375 1541 446 1580 vel
475 1540 621 1594 ipsius
641 1555 907 1596 magnopere
943 1542 1135 1591 interest,
1169 1555 1271 1583 cum
1292 1542 1486 1582 maxime
1504 1541 1710 1584 blandia-

246 1609 328 1655 tur,
360 1608 416 1648 ab
437 1609 686 1650 assentandi
719 1610 972 1664 suspicione
999 1610 1185 1651 liberum
1205 1609 1357 1659 videri,
1389 1622 1442 1650 ne
1462 1610 1602 1652 oratio
1623 1610 1709 1652 iro-

244 1674 330 1714 niae
354 1676 547 1729 speciem
560 1677 736 1728 induam
757 1677 836 1718 sed
858 1678 903 1718 in
922 1678 978 1718 iis
999 1676 1291 1731 explicandis,
1311 1676 1538 1730 augendis,
1560 1677 1707 1731 depri-

245 1742 428 1792 mendis,
451 1744 733 1796 exornandis,
756 1748 798 1786 et
815 1744 1137 1800 amplificandis
1158 1744 1340 1786 consilio
1355 1757 1438 1786 suo
1458 1757 1709 1789 accommo—

251 1808 354 1849 date
373 1812 536 1852 versari
560 1813 688 1855 solet.
751 1813 909 1868 Neque
929 1813 970 1854 ei
994 1813 1176 1862 idcirco,
1201 1826 1300 1853 cum
1322 1812 1430 1853 nihil
1449 1812 1539 1853 fere
1558 1813 1631 1863 sit,
1654 1813 1708 1855 de

246 1889 337 1929 quo
373 1878 417 1918 in
452 1882 676 1934 utramque
709 1884 876 1935 partem
914 1881 1127 1935 disputari
1160 1884 1363 1933 nequeat,
1395 1881 1637 1934 praesertim
1667 1881 1708 1923 si

245 1945 355 1998 ejus,
396 1948 512 1999 quod
546 1949 616 1989 vel
649 1948 918 1990 laudandum
951 1949 1022 1990 vel
1055 1948 1394 2002 vituperandum
1437 1948 1706 2002 susceperis,

243 2012 358 2052 ratio
379 2013 576 2066 pluribus
599 2021 804 2058 accurate
825 2018 1002 2071 cognita
1022 2030 1108 2058 non
1129 2017 1203 2067 sit,
1234 2015 1517 2057 manifestum
1538 2016 1706 2058 vanita-

243 2078 301 2119 tis
322 2081 483 2122 crimen
503 2086 650 2135 potest
679 2084 861 2126 intendi.
923 2083 1218 2138 Quapropter,
1241 2084 1433 2125 carmina
1458 2082 1706 2134 Claudiani,

245 2159 498 2201 quanquam
534 2150 591 2188 ad
625 2151 822 2192 historiae
858 2152 989 2192 fidem
1025 2166 1080 2192 ea
1114 2151 1346 2203 scripsisse
1381 2150 1704 2191 existimandus

243 2226 329 2254 non
350 2218 429 2262 est,
453 2215 809 2267 quandoquidem
826 2229 953 2256 nemo
974 2228 1106 2255 sanus
1125 2216 1179 2265 ei,
1212 2215 1288 2268 qui
1307 2215 1377 2255 vel
1398 2215 1704 2269 praedicatoris

244 2280 317 2320 vel
338 2281 646 2334 vituperatoris
666 2282 786 2323 vices
809 2282 992 2323 tuendas
1014 2282 1273 2336 susceperit,
1293 2282 1519 2336 injungere
1541 2287 1703 2337 potest,

243 2351 294 2388 ut
315 2348 407 2388 sine
428 2348 572 2389 studio
607 2352 649 2390 et
684 2350 750 2390 ira
781 2363 850 2391 res
875 2352 1208 2391 commemoret:
1241 2354 1385 2391 tamen
1411 2351 1453 2391 in
1474 2351 1530 2391 iis
1551 2364 1704 2392 monu-

243 2416 419 2465 mentis,
441 2429 496 2456 ex
513 2417 670 2470 quibus
691 2421 939 2471 temporum
958 2419 1084 2468 ratio,
1102 2418 1246 2472 qualis
1267 2419 1348 2459 sub
1366 2417 1620 2460 Theodosio
1636 2419 1702 2460 Μ.

243 2482 425 2537 ejusque
459 2483 562 2525 filiis
595 2484 740 2534 fuerit,
771 2486 916 2539 possit
945 2486 1171 2535 constitui,
1209 2487 1279 2527 vel
1308 2486 1570 2540 gravissima
1602 2491 1704 2530 sunt

244 2551 553 2594 existimanda.
615 2552 714 2594 Nec
735 2567 872 2608 parva
892 2567 998 2595 sane
1033 2557 1099 2595 est
1130 2554 1308 2604 utilitas,
1341 2568 1440 2608 quae
1472 2568 1531 2595 ex
1551 2567 1701 2596 eorum

242 2617 430 2660 lectione
450 2619 507 2660 ad
539 2619 763 2662 historiam
785 2621 903 2662 illius
938 2620 1024 2663 aevi
1059 2621 1332 2680 condendam
1366 2623 1513 2676 possit
1543 2621 1700 2663 redun-

244 2683 371 2736 dare3
401 2687 533 2728 modo
553 2688 770 2742 intelligas
804 2692 1012 2730 ornatum.
1032 2687 1256 2743 poeticum
1278 2689 1505 2730 detrahere
1527 2688 1700 2730 fucum-

245 2765 328 2808 que
348 2755 582 2797 oratorium
604 2756 864 2812 abstergere,
894 2761 944 2798 ut
970 2756 1088 2798 nuda
1108 2756 1271 2798 veritas
1293 2757 1438 2811 possit
1469 2769 1697 2813 appare-re.
