1852 3193
216 197 301 239 362
684 204 758 233 cn.
792 196 1072 231 CLAUDIAM
1109 195 1194 225 xv.

216 302 477 350 Transtulit,
501 305 545 341 et
565 300 679 354 lapsi
701 308 860 344 mores,
885 294 1158 346 desuetaque
1179 291 1338 346 priscis

217 369 400 410 Artibus
422 370 465 408 in
486 368 693 419 gremium
717 363 845 417 pacis
867 361 1027 402 servile
1049 361 1224 409 recessi,

216 438 302 478 Tot
323 437 424 476 mihi
446 449 525 488 pro
546 432 710 473 meritis
735 432 922 484 Libyam
945 429 1184 481 Nilumque
1204 427 1376 474 dedere,

218 505 280 545 Ut
302 504 519 544 dominam
542 501 728 554 plebem,
750 498 1093 548 bellatoremque
1118 494 1324 534 Senatum

218 572 444 611 Classibus
468 568 632 610 aestivis
656 568 836 615 alerent,
861 565 1119 617 geminoque
1142 560 1342 602 vicissim

216 638 380 678 Littore
404 636 564 676 diversi
585 635 853 688 complerent
871 633 1027 673 horrea
1049 629 1181 672 venti.

218 705 375 745 Stabat
397 708 516 744 certa
538 703 659 744 salus
677 716 686 743 ι
721 701 944 754 Memphis
967 700 1004 740 si
1026 699 1134 739 forte
1156 698 1378 750 negasset,

218 818 308 851 sunt,
344 817 436 852 atque
477 812 573 842 oblita
613 812 750 850 antiquae
788 809 962 850 disciplina>
1004 808 1068 839 abii
1104 807 1137 838 in
1165 807 1268 837 sinum
1297 805 1398 846 turpis
1430 803 1530 845 pacis,
1567 802 1681 843 Impe-

217 862 347 887 ratores
372 866 428 895 pro
459 856 557 885 tantis
587 855 662 885 meis
685 853 839 895 beneficiis
877 854 1068 883 donaverunt
1102 850 1179 880 mihi
1216 849 1346 889 Libyam
1376 851 1406 879 et
1434 848 1619 887 AEgyptum,
1648 848 1683 875 ut

216 899 370 929 nutrirent
386 898 514 928 naribus
529 901 638 928 a‘state
655 897 764 927 missis
780 897 933 936 populum,
947 894 1138 933 Principem,
1149 895 1179 923 et
1196 892 1346 923 Senatum
1362 891 1506 921 bellorum
1518 888 1682 927 arbitrum,

215 945 246 971 et
263 951 304 971 ex
321 940 436 971 duobus
450 940 608 970 littoribus
624 940 708 969 venti
735 938 915 969 alternatim
941 938 1093 976 replerent
1117 935 1271 974 granaria
1298 934 1434 974 publica
1458 932 1552 962 urbis.
1596 930 1681 962 Tum

217 984 316 1014 rictus
330 986 432 1013 certus
454 982 617 1012 manebat:
641 981 668 1011 si
684 980 797 1018 forsan
814 981 972 1019 AEgyptus
988 977 1147 1008 recusabat
1166 976 1385 1016 frumentum,
1400 974 1601 1016 rependebant
1615 983 1683 1013 pro-

832 1059 1070 1072 eeeeeeeeeeee

216 1121 361 1160 urbesque
377 1120 464 1159 Reg.
482 1120 594 1150 Oxon.
612 1128 662 1158 pr.
685 1118 779 1149 Leid.
802 1127 853 1157 pr.
880 1127 925 1148 m.
954 1126 1022 1147 sec.
1045 1125 1204 1156 omnesque
1219 1116 1297 1146 Vat.
1310 1124 1359 1154 pr.
1382 1113 1541 1153 orbemque
1555 1112 1683 1143 Moret.

216 1173 282 1194 sec.
311 1163 387 1193 Ald.
424 1162 571 1202 urbesque
597 1161 730 1192 Tholos.
748 1160 911 1191 Heinsius
936 1159 1143 1199 ascripserat
1166 1167 1220 1189 111.
1245 1158 1376 1198 Paneg.
1402 1156 1514 1187 stilic.
1535 1157 1610 1187 284.
1633 1154 1685 1184 1ιο-

217 1207 371 1246 minesque
387 1211 454 1236 tres
479 1206 572 1236 Vatt.
600 1205 697 1235 Farn.
722 1204 811 1235 Pric.
837 1204 931 1233 Rott.
950 1202 1057 1233 Oisel.
1094 1202 1305 1241 hominemque
1321 1201 1395 1232 Pal.
1412 1198 1508 1230 Med.
1527 1208 1576 1238 pr.
1601 1206 1685 1228 unus

218 1249 338 1280 Heius.
364 1248 510 1288 urbesque
528 1248 581 1278 vel
607 1248 800 1287 hominesque
816 1246 938 1276 Petav.
957 1247 1094 1285 pr.—-49
1117 1254 1192 1275 rura
1210 1244 1406 1274 Oisel.-50
1430 1241 1525 1282 elapsi
1539 1241 1619 1272 Vat.
1634 1249 1683 1280 pr.

217 1296 253 1321 et
282 1295 360 1322 tert.
390 1291 485 1321 Prie.
512 1290 618 1321 Oisel.
643 1290 760 1321 Ambr.
782 1293 863 1320 tert.
882 1289 967 1318 Exc.
997 1288 1094 1318 Laeti.
1111 1291 1141 1318 et
1157 1287 1235 1327 lapsi
1250 1286 1344 1317 Leid.
1363 1296 1413 1326 pr.
1431 1288 1466 1315 et
1491 1283 1683 1315 octodecim

219 1334 288 1372 alii,
305 1333 358 1364 ed.
373 1334 486 1364 Vicet.
504 1333 589 1363 Exc.
604 1330 751 1364 Gevai·t.
780 1332 862 1362 item
888 1331 967 1361 Var.
985 1331 1051 1361 LL.
1076 1329 1129 1360 ed.
1156 1328 1259 1360 Antv.
1282 1332 1313 1360 et
1328 1330 1406 1369 lapsi
1422 1328 1475 1357 vel
1491 1326 1588 1367 elapsi
1602 1326 1683 1356 Vat.

217 1379 414 1416 quart—51
440 1375 574 1406 Arcibus
588 1375 682 1407 Med.
700 1385 749 1414 pr.
766 1374 884 1405 Ambr.
902 1383 972 1405 sec,
990 1382 1073 1404 unus
1089 1372 1214 1403 Heins.
1240 1372 1334 1402 senile
1350 1372 1403 1402 ed.
1420 1370 1533 1400 Vicet.
1568 1368 1685 1399 servire

216 1418 425 1459 conjiciebat
444 1415 651 1449 Heins.—52
676 1419 784 1449 Nilum
800 1417 988 1457 Libyamque
1007 1416 1134 1446 Moret.
1157 1425 1207 1455 pr.
1221 1415 1301 1446 Vat.
1318 1424 1386 1445 sec.
1410 1412 1544 1454 Libyam
1561 1411 1686 1442 Nilum·

217 1471 274 1501 que
291 1462 374 1492 Exc.
391 1461 521 1492 Schott.
540 1461 731 1492 Gronovius
749 1460 957 1500 ascripserat
973 1459 1082 1489 locum
1100 1458 1213 1489 Tacit.
1239 1467 1280 1488 11.
1305 1457 1396 1488 Ann.
1413 1466 1442 1487 c.
1460 1459 1513 1487 59.
1536 1455 1685 1485 dederunt

217 1504 398 1534 Pria—54
420 1505 534 1534 alerem
550 1504 644 1534 Prie.
670 1504 734 1534 inc.
760 1502 880 1534 Heius.
905 1502 947 1532 ad
975 1502 1034 1532 illa
1053 1501 1209 1532 elassibus
1223 1501 1341 1531 <estivis
1357 1499 1566 1538 ascripserat
1581 1496 1688 1528 Hein-

218 1546 285 1577 sius
302 1547 412 1576 locum
429 1547 603 1586 Spartiani
630 1546 664 1576 in
683 1545 880 1577 Commodo.
906 1546 914 1561 ‘
933 1545 1076 1576 classem
1094 1543 1292 1575 Africanam
1309 1542 1498 1579 constituit,
1514 1550 1590 1581 quae
1610 1538 1686 1570 sub-

218 1588 305 1618 sidio
322 1593 426 1628 esset,
452 1589 480 1619 si
506 1588 597 1620 forte
614 1588 846 1619 Alexandrina
867 1587 1041 1618 frumenta
1057 1586 1272 1618 cessassent!
1292 1586 1335 1616 de
1362 1586 1410 1616 his
1427 1584 1592 1615 classibus
1610 1581 1686 1612 vide

218 1631 327 1671 Lipsii
345 1631 465 1661 Electa
479 1636 515 1662 et
539 1632 767 1662 Contarenum
784 1631 827 1661 de
841 1640 876 1660 re
893 1629 1215 1660 frumentaria.—55
1232 1628 1325 1659 divisi
1342 1628 1440 1658 Leid.
1454 1637 1506 1667 pr,
1521 1631 1556 1656 et
1571 1625 1684 1656 vicet.

216 1674 404 1714 complerant
426 1673 608 1704 Pric.—56
633 1673 781 1713 Nimphz's
799 1673 982 1704 Rom—57
1004 1672 1140 1711 parilem
1153 1672 1234 1701 Vat.
1259 1680 1312 1711 pr.
1329 1670 1438 1701 Oisel.
1464 1669 1613 1700 Florent.
1640 1676 1684 1697 ιιι.

882 1756 1029 1788 NOTAE

264 1835 306 1863 50
332 1831 452 1863 Priscis
466 1830 603 1870 artibus]
637 1831 800 1871 Antiqnae
818 1829 925 1860 oblita
979 1830 1048 1860 late
1064 1839 1178 1870 regem
1194 1840 1203 1868 3
1227 1830 1390 1860 Senatum
1404 1829 1617 1869 bellatorem,
1630 1837 1686 1860 cu-

222 1883 426 1923 disciplinae,
439 1893 514 1924 quae
526 1882 665 1913 fovebat
678 1882 925 1922 frugalitatem,
973 1880 1030 1921 jus
1044 1885 1130 1911 nutu
1148 1880 1236 1911 bella
1251 1885 1469 1921 gererentur.

219 1933 419 1964 removebat
437 1933 633 1973 luxum‚qui
659 1933 733 1973 paci
751 1931 926 1962 successit.
1025 1935 1065 1962 54
1092 1932 1225 1961 Gemino
1255 1930 1376 1970 littore]
1428 1931 1480 1961 Ex
1507 1930 1625 1961 littore
1650 1935 1686 1961 et

218 1988 227 2000 t
244 1984 380 2024 Quippe
414 1989 545 2014 remoto
586 1983 802 2023 Carthaginis
832 1986 927 2013 metu

220 2035 420 2076 sublataque
436 2034 570 2075 imperii
584 2034 716 2073 aemula,
730 2043 795 2064 non
807 2032 928 2073 gradu,

221 2085 278 2116 sed
304 2084 477 2126 praecipiti
506 2094 607 2116 cursu
629 2094 647 2114 a
675 2084 803 2115 virtute
829 2082 926 2113 disci-

220 2140 303 2173 tum,
320 2134 362 2165 ad
377 2135 459 2165 vitia
479 2133 732 2164 transcursum)
762 2133 925 2164 Velleius.

220 2185 330 2226 quue
372 2183 521 2216 futurum
555 2184 765 2224 praedixerat
808 2184 927 2223 Scipio

220 2235 360 2273 Nasica,
377 2233 455 2264 dum
480 2238 601 2264 contra
616 2234 780 2264 Catonem
804 2233 927 2273 proba-

223 2286 280 2317 bat
298 2284 538 2325 Carthaginem
561 2293 626 2314 non
644 2293 717 2313 esse
735 2282 925 2314 delendam.

265 2338 305 2366 51
330 2334 466 2375 Servile]
504 2334 628 2365 Servili
651 2333 762 2371 modo,
778 2334 926 2373 turpiter

222 2388 464 2427 elanguescere
478 2385 566 2426 coepi
584 2384 617 2415 in
633 2384 707 2415 sinu
731 2384 826 2424 pacis
845 2388 927 2414 tutae

224 2446 263 2467 ac
279 2435 468 2476 profundae.

264 2490 304 2517 52
329 2486 476 2527 Libyam]
500 2484 610 2516 Aucto
627 2485 750 2525 populo
767 2485 929 2523 Romano,

222 2537 337 2578 fruges
362 2537 459 2567 Italae
486 2536 680 2577 Siculaeque
701 2545 766 2566 non
784 2534 928 2566 sufficie-

223 2589 324 2620 bant:
351 2587 478 2618 additae
495 2587 629 2625 classes,
645 2597 718 2627 quae
732 2596 773 2617 ex
793 2585 924 2624 Africa,

222 2644 258 2670 et
274 2640 437 2679 AEgypto,
453 2638 511 2669 ubi
527 2642 579 2668 est
593 2637 704 2677 Nilus,
720 2636 925 2668 frumentum

225 2693 452 2729 asportarent.

268 2741 307 2769 53
325 2738 493 2770 Dominam
505 2737 636 2779 plebem]
660 2737 831 2778 Populum
845 2737 927 2768 alias

983 1982 1102 2022 Libyae
1119 1986 1156 2012 et
1169 1981 1320 2022 AEgypti.

1026 2037 1067 2064 55
1095 2031 1305 2073 Complerent]
1337 2032 1415 2063 Non
1434 2031 1527 2062 venti
1552 2030 1687 2072 quidem

981 2084 1046 2124 ipsi
1083 2083 1237 2114 afflantes
1272 2093 1314 2113 ex
1344 2082 1445 2113 variis
1478 2081 1686 2123 regionibus,

982 2135 1090 2176 Libya
1105 2135 1238 2166 scilicet
1269 2139 1305 2165 et
1330 2135 1494 2175 AEgypto,
1511 2134 1689 2173 replerent

981 2186 1114 2226 horrea,
1130 2185 1188 2216 sed
1217 2185 1432 2225 impellerent
1447 2185 1572 2216 classes
1589 2193 1687 2215 onus-

981 2241 1033 2267 tas
1051 2235 1235 2275 frumento,
1261 2235 1350 2277 quod
1373 2235 1524 2275 repleret
1547 2234 1684 2273 horrea,

980 2297 1054 2327 quae
1072 2287 1106 2316 in
1123 2286 1205 2317 urbe
1222 2290 1399 2316 numerata
1416 2289 1494 2316 sunt
1506 2286 1685 2326 plusquam

980 2342 1149 2369 trecenta.

1026 2391 1067 2419 56
1091 2387 1218 2427 Stabat]
1241 2387 1354 2417 Firma
1369 2389 1454 2425 erat,
1480 2389 1515 2416 et
1541 2385 1609 2416 fixa
1633 2392 1685 2414 re-

981 2438 1143 2469 manebat
1155 2438 1256 2476 salus,
1272 2446 1332 2468 seu
1345 2441 1459 2467 certus
1473 2435 1599 2472 victus,
1612 2444 1686 2466 cer-

983 2494 1054 2520 tum
1085 2489 1294 2526 alimentum,
1321 2496 1386 2527 quo
1413 2486 1483 2517 vita
1510 2495 1570 2516 seu
1597 2487 1686 2518 salus

982 2539 1132 2570 fovetur.

1025 2587 1197 2628 Memphis]
1221 2587 1312 2618 Urbs
1338 2586 1491 2627 AEgypss,
1516 2587 1617 2628 vulgo
1640 2587 1686 2618 Le

978 2640 1082 2680 grand
1099 2637 1203 2677 Caire,
1217 2637 1354 2678 ponitur
1366 2647 1428 2677 pro
1443 2641 1515 2668 tota
1525 2637 1686 2678 AEgypto,

980 2699 1057 2730 pars
1074 2699 1135 2731 pro
1152 2693 1238 2721 toto.
1263 2687 1353 2719 Vide
1369 2696 1418 2719 ιν.
1435 2688 1535 2720 Cons.
1550 2688 1682 2720 Honor.

978 2742 1053 2772 5⁷0.
