1842 3193
255 232 282 269 (ἶ
795 238 1164 268 PROLEGOMENA

262 337 538 380 alexandri-fu
560 340 705 377 natum
728 339 860 388 atque
890 335 1125 375 educatum
1146 334 1296 374 fuisse.
1360 332 1527 382 Quales
1557 347 1716 387 paren-

257 411 320 447 tcs
341 405 551 452 habuerit,
569 403 813 452 ilcscilntlS3
844 416 871 442 a
892 403 1053 455 quibus
1074 406 1232 449 tamen,
1255 401 1519 454 quicumque
1540 401 1717 442 tandem

258 475 316 515 illi
341 475 513 520 fuerint,
547 472 781 513 liberaliter
812 475 876 511 est
898 471 1137 511 institutus.
1202 468 1336 518 Nam,
1368 474 1417 509 ut
1439 482 1495 508 ex
1518 470 1717 510 carmini-

258 543 340 582 bus
361 542 453 595 ejus
474 544 669 593 apparet,
702 539 819 579 nulla
853 538 940 578 scre
971 551 1037 578 res
1060 541 1142 586 est,
1175 551 1273 590 quae
1297 536 1471 590 quidem
1492 536 1547 576 ad
1566 536 1717 577 huma-

263 611 441 650 nitatem
474 608 701 661 pertineat,
742 619 874 659 quani
907 605 979 645 ille
1014 605 1196 645 scientia
1229 617 1314 645 non
1344 604 1402 645 sit
1425 604 1717 657 complexus3

260 677 587 730 lnythorumque
618 674 910 726 antiquitatis,
933 672 1132 725 inprimis
1156 672 1389 721 Rornanae,
1425 672 1719 712 diversarum-

263 757 346 796 quc
366 745 577 784 rationum
605 741 1011 795 philosophicarum
1035 740 1241 792 cognitio,
1274 741 1436 792 ubique
1458 739 1545 780 fere
1578 744 1722 781 osten-

262 815 370 860 tata,
393 810 600 859 declarat,
633 822 730 849 eum
753 813 793 848 ct
824 809 952 849 bonis
981 807 1203 860 magistris
1226 820 1323 847 esse
1342 820 1485 856 usum,
1518 812 1560 848 et
1592 808 1638 847 in
1669 821 1723 848 ea.

263 879 440 919 civitate
474 878 546 918 diu
569 882 801 926 versatum,
830 877 906 917 ubi
938 876 1161 916 literarum
1198 875 1343 914 studia
1375 874 1568 914 maxime
1601 875 1722 928 vige-

264 949 374 986 rent.

321 1012 529 1062 Quando,
562 1026 648 1065 quo
672 1013 813 1053 aetatis
834 1025 965 1062 anno,
985 1015 1027 1052 et
1047 1024 1232 1064 quonam
1254 1011 1343 1050 fato
1364 1012 1407 1050 in
1429 1010 1604 1050 ItalIam
1628 1023 1725 1063 per-

262 1081 440 1128 venerit,
473 1094 629 1133 parum
664 1082 828 1132 liquet;
860 1093 1000 1132 neque
1036 1080 1177 1131 magis
1212 1082 1401 1126 constat,
1434 1091 1523 1131 qua
1557 1078 1724 1118 ratione-

265 1160 311 1186 se
332 1148 584 1187 Stilichonis
607 1148 752 1187 tutelae
775 1147 1103 1194 commendarit,
1133 1146 1565 1197 benevolentiamque
1601 1144 1728 1185 Sere-

264 1227 331 1254 nae
355 1214 439 1254 sibi
461 1213 795 1267 comparaverit.
855 1212 1015 1253 Romae
1036 1213 1158 1253 illum
1184 1212 1277 1265 Jam
1308 1212 1446 1253 fuisse
1480 1211 1532 1252 A.
1554 1212 1606 1254 C.
1624 1210 1726 1254 394.

264 1280 363 1321 inde
396 1281 525 1321 facile
557 1281 790 1332 colligitur,
823 1280 941 1332 quod
965 1293 1077 1336 anno
1100 1280 1301 1333 sequenti
1337 1281 1651 1334 panegyricum
1681 1280 1728 1320 in

268 1348 508 1389 Probinum
539 1352 581 1388 et
613 1347 845 1401 Olybrium
867 1340 1068 1387 consules
1090 1347 1319 1399 recitavit3
1351 1360 1438 1400 quo
1467 1348 1511 1388 in
1533 1348 1727 1389 carmine
1750 1399 1752 1405 Ι

271 1428 370 1455 611111
390 1415 697 1455 liberalitatem
720 1413 868 1464 Probi,
900 1415 1039 1467 patris
1061 1414 1232 1455 illorum
1254 1414 1483 1468 juvenum,
1504 1417 1728 1469 praecipue

269 1482 473 1523 laudibus
511 1482 675 1532 efferat,
707 1482 799 1523 fieri
831 1485 990 1535 potest,
1022 1486 1069 1523 ut
1102 1483 1198 1534 ipse
1220 1495 1391 1536 quoque
1423 1483 1541 1523 illam
1564 1484 1621 1524 sit
1653 1497 1731 1525 ex-

269 1553 434 1603 pertus,
467 1550 522 1590 ab
543 1550 704 1603 illoque
730 1551 822 1590 viro
845 1549 1076 1590 Stilichoni
1097 1549 1293 1590 traditus.
1354 1548 1495 1603 Cujus
1517 1551 1597 1590 viri
1624 1565 1730 1604 quo-

269 1618 389 1658 niam
427 1618 470 1659 in
509 1618 585 1658 illo
623 1617 827 1666 carmine,
860 1618 934 1657 ubi
967 1616 1020 1656 de
1050 1617 1181 1656 rebus
1222 1617 1353 1670 gestis
1386 1616 1628 1658 Theodosii
1664 1618 1730 1660 M.

271 1697 411 1726 sermo
432 1689 512 1733 est,
543 1684 662 1724 nulla
684 1684 845 1724 mentio
875 1684 938 1733 fit,
971 1696 1099 1736 quem
1120 1683 1227 1724 alibi
1248 1683 1422 1724 induxit
1443 1684 1730 1738 profitentem,

273 1765 320 1794 se
339 1752 447 1793 nihil
468 1753 559 1793 51116
580 1752 696 1792 1111115
717 1765 850 1806 opera
865 1753 1052 1805 gessisse
1069 1765 1080 1802 3
1112 1751 1298 1792 fortasse
1319 1756 1417 1792 ante
1435 1752 1566 1805 hujus
1586 1752 1732 1807 Impe-

270 1820 425 1861 ratoris
445 1823 640 1868 mortem,
675 1832 774 1872 quae
796 1819 959 1859 accidit
989 1817 1046 1860 A.
1066 1818 1118 1860 C.
1136 1819 1236 1860 395.
1269 1819 1312 1859 in
1348 1810 1602 1860 Stilichonis
1621 1823 1732 1862 tute-

271 1887 361 1927 lam
382 1900 469 1928 non
495 1891 562 1928 est
595 1891 811 1940 receptus.
871 1886 961 1927 Sed
982 1886 1085 1926 belli
1108 1889 1260 1926 contra
1290 1885 1534 1938 Eugenium
1561 1889 1735 1940 poterat

273 1957 498 2008 spectator
516 1967 630 2004 esse,
665 1955 817 1995 saltem
838 1967 894 1995 ex
913 1955 1188 2008 propinquo;
1219 1966 1319 1994 nam
1346 1954 1468 1994 illum
1500 1954 1545 1994 in
1574 1955 1734 1996 castris

273 2035 450 2076 quoque
485 2035 582 2062 esse
621 2027 856 2071 versatum,
893 2023 1014 2063 nullo
1048 2022 1178 2063 modo
1209 2025 1355 2075 potest
1375 2022 1563 2075 probari.
1624 2020 1736 2062 Post

273 2092 437 2131 obitum
479 2095 622 2132 autem
664 2090 904 2131 Theodosii
952 2090 1018 2131 M.
1061 2090 1362 2130 Mediolanum
1406 2102 1452 2129 se
1501 2089 1736 2130 contulisse

275 2162 404 2211 atque
425 2159 468 2197 in
491 2158 743 2198 Stilichonis
775 2159 950 2197 cohorte
978 2160 1034 2197 ab
1068 2159 1144 2197 illo
1170 2158 1268 2196 inde
1297 2161 1491 2208 tempore
1509 2155 1648 2196 fuisse
1671 2156 1737 2197 vi-

275 2225 424 2275 detur3
456 2236 585 2275 quem
607 2222 762 2271 virum,
792 2225 895 2262 tunc
929 2222 1225 2275 principatum
1241 2222 1502 2261 obtinentem
1536 2222 1581 2262 in
1600 2235 1736 2276 expe-

275 2291 528 2339 ditionibus,
558 2290 705 2330 forsan
734 2292 912 2329 secutus
943 2293 1023 2329 est.
1085 2289 1191 2341 Ipse
1222 2289 1337 2329 enim
1371 2292 1553 2330 testatur
1584 2291 1628 2330 in
1659 2290 1739 2332 illa

276 2358 480 2399 carminis
501 2357 768 2411 prolusione,
800 2369 886 2409 quo
908 2356 1160 2396 consulatus
1195 2354 1453 2396 Stilichonis
1480 2356 1736 2407 celebratur,

276 2439 325 2468 se
346 2439 424 2480 per
445 2425 787 2478 quinquennium
809 2423 957 2464 Roma
977 2423 1188 2463 abfuisse.
1250 2422 1361 2463 Cum
1387 2424 1518 2475 igitur
1551 2424 1737 2465 Stilicho

277 2493 430 2535 consul
450 2494 578 2533 fuerit
599 2491 652 2532 A.
675 2491 726 2532 C.
749 2493 872 2533 400.:
905 2491 1117 2544 sequitur,
1149 2495 1196 2531 ut
1215 2489 1288 2531 ille
1308 2503 1355 2530 se
1388 2491 1534 2532 Roma
1566 2492 1738 2532 Medio-

260 2562 424 2602 ›lanum
445 2560 671 2600 contulerit
693 2558 749 2599 A.
768 2558 818 2600 C.
835 2559 960 2609 3953
993 2571 1081 2611 quo
1103 2571 1228 2608 anno,
1251 2562 1298 2599 ut
1320 2571 1452 2612 supra
1472 2560 1737 2609 monuimus,

277 2628 499 2669 Probinus
532 2631 575 2667 et
595 2626 802 2680 Olybrius
833 2627 1039 2667 consules
1074 2625 1264 2675 fuerunt,
1284 2631 1328 2667 et
1358 2626 1635 2668 Theodosius
1668 2625 1736 2667 M:

279 2702 475 2736 mortuus
508 2699 586 2735 est.
647 2694 853 2735 Honores
876 2707 1065 2748 quoque,
1097 2694 1260 2747 quibus
1282 2699 1458 2735 ornatus
1481 2698 1560 2744 est,
1592 2698 1737 2749 osteu-

273 2763 400 2813 edunt,
431 2775 564 2816 quam
595 2775 722 2804 carus
756 2763 883 2804 fuerit
910 2762 1157 2805 fautoribus
1190 2763 1297 2805 suis.
1355 2762 1464 2816 *Fuit
1493 2763 1610 2803 enim
1637 2761 1739 2807 Tri.-
