1857 3177
602 216 652 246 lN
688 215 920 247 RUFINUM
958 216 1054 246 LIB.
1086 215 1118 245 1.

133 313 333 355 Abstulit
354 313 466 353 hunc
488 311 662 353 tandem
684 310 833 351 Rufini
856 323 990 363 poena
1010 308 1260 356 tumultum,

133 380 428 433 Absolvitque
451 379 587 419 Deos.

133 447 328 500 Injustos
351 447 541 486 crevisse
564 458 734 497 queror.

135 513 197 554 Ut
213 514 343 567 lapsu
364 514 560 565 graviore
582 518 720 553 ruant.

1530 205 1588 246 95

136 580 349 628 Pierides,
371 592 457 634 quo
478 584 596 619 tanta
617 580 710 619 lucs
733 579 924 631 eruperit
945 584 1060 618 ortu.

192 647 379 687 Invidiae
402 646 622 699 quondum
645 646 832 685 stimulis
852 644 1073 684 incanduit
1095 648 1222 684 atrox

1532 309 1587 349 ‘20

647 379 674 419 J
681 393 749 419 am
771 392 857 419 non
880 378 936 418 ad
958 377 1147 418 culmina
1170 388 1313 416 rerum

794 446 1025 485 Tolluntur
1046 444 1088 483 in
1113 444 1251 483 altum

783 512 878 552 Vos
902 511 1076 564 paudite
1099 510 1192 551 vati

1537 643 1593 682 25

135 713 306 762 Alecto,
324 713 525 766 placidas
546 714 631 752 late
652 726 752 752 cum
773 715 963 751 cci-neret
984 711 1114 749 urbes
1133 724 1143 761 ;

135 780 341 821 Protinus
362 780 552 820 infernas
575 779 631 819 ad
653 780 805 819 limina
826 783 935 818 tetra
956 790 1147 825 sorores,

135 846 379 887 Concilium
400 846 588 886 deforme
608 841 737 886 vccat
754 859 762 886 z
795 845 1084 897 glomerantur
1103 844 1147 883 in
1165 857 1305 884 unum

136 913 384 954 Innumerae
406 916 557 966 pestes
579 912 727 961 Erebi,
750 924 1052 965 quascumque
1074 911 1253 951 sinistro

136 1043 218 1074 ravit
234 1053 286 1074 me
301 1043 342 1074 ab
358 1043 414 1074 hac
427 1043 604 1081 confusione
620 1043 755 1082 mentis,
770 1046 798 1074 et
814 1043 942 1074 absolvit
963 1043 1053 1073 Deos.
1091 1043 1183 1073 Nunc
1208 1052 1268 1072 non
1293 1051 1460 1081 conqueror
1484 1042 1595 1082 impro-

134 1086 186 1116 bos
214 1087 385 1117 ascendisse
411 1087 449 1116 ad
473 1086 644 1123 dignitates
672 1087 799 1116 mundi:
834 1086 882 1115 illi
909 1086 1078 1115 evelluntur
1105 1085 1136 1114 in
1161 1085 1268 1120 ultum,
1294 1087 1324 1114 ul
1365 1085 1476 1115 malunt
1503 1085 1596 1114 ruina

137 1129 261 1166 majore.
312 1129 372 1159 Vos
389 1138 407 1159 o
426 1128 811 1167 Mns‹1¹‚‹111ei·ite1'oi³toe‚
836 1138 878 1157 ex
906 1138 962 1167 quo
988 1129 1052 1157 Ioco
1074 1130 1161 1156 touta
1184 1127 1281 1166 pestis
1296 1127 1465 1157 emerserit.
1511 1127 1597 1156 Olim

138 1170 247 1201 Alecto
259 1172 392 1202 crudelis
406 1170 645 1206 erursitsurore
662 1170 833 1209 zclMypioe,
850 1180 916 1199 cum
932 1170 1083 1208 aspiceret
1100 1169 1232 1207 undique
1248 1169 1335 1198 urbes
1348 1172 1485 1207 pacatos.
1523 1168 1595 1198 Sta-

138 1213 197 1242 tim
220 1214 276 1243 ilia
298 1215 425 1243 advocat
450 1217 559 1243 catum
583 1216 703 1250 turpem
728 1221 865 1242 sororum
897 1212 1114 1241 Tortarearum
1143 1211 1174 1240 in
1199 1213 1303 1240 aulum
1327 1211 1470 1248 nigram.-
1497 1210 1597 1248 suriae

136 1255 375 1286 innumerabiles
389 1258 620 1294 congregantur
635 1254 750 1289 ainzu&
772 1264 846 1293 qims
865 1254 937 1283 Nox
953 1254 1079 1292 conjux
1101 1253 1194 1282 Erebi
1208 1253 1328 1292 peperit
1351 1257 1443 1292 partu
1459 1252 1597 1290 infelici:

748 1356 984 1368 eeeeeeeeeeee

136 1447 198 1476 guo
212 1437 340 1468 Moret.
370 1445 459 1467 sensu
474 1435 629 1475 Ambiguo
645 1434 765 1476 reliqui
782 1442 908 1464 omnes,
951 1431 1060 1472 probat
1077 1441 1180 1473 marg.
1197 1433 1323 1464 Morin.
1364 1432 1462 1462 nostri
1479 1431 1599 1463 Ambr-

137 1480 269 1510 Tholos.
287 1479 375 1518 Reg.
392 1479 519 1510 Mazar.
537 1478 629 1509 Med.
647 1482 725 1508 tert.
750 1477 878 1507 Incert.
904 1475 1023 1506 Heius.
1049 1475 1170 1505 Pctav.
1189 1475 1267 1513 duo,
1284 1475 1338 1506 cd.
1356 1475 1470 1505 Parm.
1488 1480 1523 1506 et
1540 1476 1599 1505 vi-

138 1526 206 1554 cet.
230 1523 296 1552 veri
313 1522 378 1552 duo
393 1521 488 1552 Med.
508 1521 629 1551 Heins.
648 1521 723 1552 Pal.
743 1519 834 1549 Prie.
849 1519 928 1548 Vat.
947 1527 1014 1548 sec.
1033 1518 1130 1548 Rott.
1147 1517 1253 1548 Oisel.
1275 1518 1368 1548 Leid.
1389 1527 1439 1554 pr.
1464 1518 1528 1548 rari
1545 1518 1600 1547 vel

138 1564 238 1595 nostri
250 1564 328 1595 Vat.
346 1564 426 1602 duo,
443 1564 544 1594 Farn.
562 1564 713 1594 Florent.
743 1561 838 1592 Med.
866 1570 917 1600 pr.
942 1561 1069 1590 Mazar.
1089 1561 1169 1590 Put.
1186 1561 1269 1595 Lov.
1288 1561 1353 1591 duo
1371 1560 1493 1590 Petav.
1514 1561 1597 1590 Exc.

138 1607 369 1638 Lucens.—22
392 1617 502 1646 querar
518 1607 618 1636 Farn.
644 1606 795 1636 Florent.
812 1604 938 1634 Moret.
962 1612 1013 1642 pr.
1039 1603 1133 1633 Med.
1160 1602 1226 1633 duo
1251 1607 1286 1633 et
1311 1604 1393 1633 Exc.
1412 1604 1599 1633 Lucens.--

139 1652 179 1680 23
202 1650 316 1688 majore
334 1651 416 1680 Exc.
435 1659 476 1679 ex
495 1649 573 1679 Pat.
593 1658 660 1679 rec.
678 1648 731 1678 ed.
749 1647 865 1677 Parin.
882 1650 917 1676 et
933 1645 1044 1676 Vicet.
1059 1646 1146 1685 lapsu
1162 1646 1214 1675 vel
1229 1656 1299 1676 cusu
1317 1647 1409 1676 nott.
1440 1644 1599 1675 Heinsius

139 1692 343 1732 ascripserat
359 1693 468 1723 locum
485 1692 615 1722 Minue.
633 1691 705 1721 Pel.
724 1699 799 1729 cap.
817 1691 869 1719 37.
885 1688 919 1718 in
934 1688 988 1718 hoc
1003 1688 1096 1718 altius
1109 1688 1271 1725 tolluntur,
1285 1692 1317 1719 ut
1335 1688 1477 1718 decidant
1493 1688 1598 1718 altius.

139 1744 247 1774 marg.
267 1734 391 1765 Morin.
416 1734 656 1774 plaudam—*24
679 1743 746 1774 ‹111ae
773 1742 832 1771 pro
856 1741 913 1771 qno
930 1731 1095 1761 Pan-25
1118 1731 1320 1762 Pra’canduit
1338 1731 1495 1761 Pulnian.
1514 1729 1599 1760 Cod.

139 1779 226 1808 —26
248 1777 367 1808 Allecto
384 1786 500 1807 omnes
516 1776 588 1807 fere
613 1777 698 1806 Mss.
735 1776 812 1805 tales
829 1784 889 1814 pro
905 1774 967 1804 Iole
984 1773 1122 1803 Farncs.
1138 1773 1358 1804 'r11010s.—-27
1383 1774 1498 1803 lumina
1516 1781 1601 1802 unus

140 1819 262 1850 Heius.
279 1823 315 1850 et
330 1820 414 1850 Exc.
429 1819 574 1850 anens.
600 1819 733 1849 culmina
751 1818 848 1848 Farn.
873 1826 955 1846 sceva
968 1816 1090 1855 lsingr.
1103 1825 1207 1855 marg.
1222 1819 1275 1846 28.
1298 1815 1600 1847 consiliumTholos.

140 1864 225 1894 —29
248 1862 421 1894 Innamerae
441 1865 555 1904 postes,
572 1861 668 1892 Erebi
684 1861 767 1892 Mss.
785 1861 999 1890 omnes—30
1013 1859 1107 1899 flexu
1123 1859 1201 1890 Var.
1224 1859 1293 1889 LL.
1321 1858 1374 1890 ed.
1393 1857 1497 1889 Antv.
1532 1856 1602 1887 belli

804 1967 949 1998 NOTAE

142 2053 304 2086 credebat
320 2056 414 2085 Deos
432 2064 497 2085 non
521 2063 641 2085 curare
659 2063 713 2084 res
728 2053 844 2083 huma-

142 2114 214 2135 nas.

183 2157 225 2184 20
252 2153 443 2193 Tumultmn]
488 2153 699 2193 Supplicium
733 2151 844 2182 Rufini

142 2203 270 2235 obstulit
296 2204 376 2234 hunc
402 2203 580 2241 tumultum,
607 2202 640 2232 id
667 2207 732 2240 cst,
757 2202 844 2231 hanc

142 2263 291 2294 pugnam
325 2253 557 2283 dissidentium
587 2251 845 2291 cogitationum,

143 2303 264 2345 quibus
301 2303 402 2334 modo
439 2303 599 2344 putabam
623 2303 719 2332 Deos
757 2309 844 2339 esse,

142 2363 231 2384 nunc
248 2362 313 2383 non
330 2361 415 2383 esse.
816 2392 819 2395 Ι

185 2407 225 2436 21
263 2404 465 2444 Absolvitque
493 2402 595 2442 Deos]
651 2393 760 2434 Quos¹
782 2412 844 2441 ego

142 2464 217 2486 meo
249 2455 381 2495 judicio
411 2454 702 2491 condemnassem,
739 2452 846 2482 veluti

141 2506 287 2536 humana
313 2515 379 2537 non
406 2510 575 2543 curantes,
593 2504 654 2534 nisi
684 2503 844 2534 Rufinum

144 2556 345 2596 puniissent.

187 2609 229 2638 24
251 2607 408 2646 Pierides]
431 2607 539 2637 Musae
556 2605 603 2636 sic
621 2605 737 2643 dictae,
753 2605 807 2635 vel
826 2614 845 2634 a

143 2656 259 2688 Pieria
296 2659 433 2698 r1·gi0ne
476 2658 702 2697 Macedoniae,
738 2657 792 2687 vel
826 2666 845 2686 a

144 2709 260 2736 monte
276 2707 390 2739 Pierio
407 2707 645 2747 amoenissimo,
662 2716 760 2748 quem
777 2707 845 2738 iuae

143 2755 356 2788 habitabant.

943 2050 1036 2090 Lues]
1062 2049 1197 2081 Pestis:
1223 2059 1297 2079 nam
1314 2049 1413 2079 homo
1430 2046 1601 2088 improbus

900 2101 997 2131 saevit
1013 2101 1118 2130 instar
1134 2099 1240 2130 morbi
1259 2098 1453 2139 perniciosi.

945 2151 1110 2191 Eruperit]
1154 2150 1267 2180 Instar
1285 2149 1439 2188 vomicae,
1467 2157 1542 2188 quae
1560 2156 1602 2178 ex

900 2210 1041 2240 corpore
1059 2205 1188 2238 a‘groto
1205 2199 1362 2238 erumpit.

943 2254 982 2281 25
1013 2250 1157 2280 Stimulis
1181 2247 1356 2287 incanduit]
1404 2247 1452 2278 Ut
1477 2245 1605 2277 furiosa

899 2300 1009 2332 bestia
1025 2300 1214 2329 calcaribus
1232 2308 1388 2328 accensa.

942 2354 984 2382 26
1006 2350 1132 2389 Alecto]
1172 2350 1247 2380 Una
1265 2359 1305 2379 ex
1320 2347 1428 2387 furiis,
1444 2347 1492 2378 sic
1510 2346 1604 2378 dicta

899 2405 954 2443 ab,
983 2405 1013 2444 ἆ,
1037 2405 1113 2443 sine,
1140 2407 1176 2433 et
1201 2401 1300 2441 λήγω,
1326 2411 1420 2438 cesso,
1444 2399 1534 2440 quod
1558 2399 1604 2430 sit

900 2456 972 2486 sine
988 2455 1117 2496 quiete,
1134 2453 1290 2494 quodque
1307 2460 1371 2481 non
1389 2453 1502 2481 cesset
1525 2458 1603 2480 vex-

900 2515 957 2536 are
974 2504 1135 2535 homines.

942 2553 1104 2593 Placidus]
1152 2553 1238 2583 Nam
1270 2549 1412 2591 placidis
1444 2557 1482 2579 ac
1513 2547 1603 2578 laetis

900 2605 1107 2636 successibus
1140 2603 1261 2634 Alecto
1292 2599 1488 2638 offenditur,
1523 2607 1603 2638 gau-

901 2656 1027 2696 detque
1044 2653 1205 2685 adversis.

943 2707 986 2735 29
1011 2703 1122 2742 Erebi]
1167 2700 1309 2739 Erebum,
1325 2698 1498 2730 obscurior
1517 2695 1602 2728 infe-

902 2763 1014 2785 rorum
1030 2754 1135 2793 loeu5‚
1151 2755 1203 2782 est
1219 2750 1293 2791 conj
1301 2760 1342 2780 ux
1358 2748 1491 2781 Noctis.
1514 2748 1602 2788 Dig-
