1852 3193
222 182 307 224 :330
718 183 791 214 CL.
824 174 1102 211 CLAUnrAm
1140 173 1190 203 x.

225 283 489 326 AEdificetur
511 294 622 335 apex
642 294 651 321 :
684 277 858 331 qualem
877 283 962 311 non
982 268 1127 322 Lydia
1142 267 1264 308 dives
1606 259 1691 299 215

226 353 382 394 Erexit
407 350 561 401 Pelopi
581 364 589 389 ;
622 360 702 387 nec
727 353 854 394 quem
877 344 1075 379 struxere
1099 336 1236 389 Lyaeo

228 419 435 462 Indorum
460 416 611 468 spoliis
632 418 675 453 et
696 420 842 462 opaco
863 405 1042 459 palmite
1064 402 1274 443 Bacchae.

229 488 327 528 Illic
351 484 537 526 exuvias
558 492 704 521 omnes
726 476 943 517 cumulate
965 476 1218 525 parentum:

232 551 458 605 Quicquid
481 562 589 590 avus
612 547 755 588 senior
774 543 936 584 Mauro
960 540 1028 580 vel
1051 539 1226 579 Saxone
1243 533 1389 582 victis,

234 619 459 672 Quicquid
483 619 537 658 ab
558 613 808 660 innumeris,
832 610 954 650 socio
978 606 1224 648 Stilichone
1245 599 1506 648 tremendus,
1609 596 1694 638 220

235 686 457 737 Quaesivit
479 685 643 737 genitor
666 681 793 722 bellis
812 693 821 720 ε
858 676 1167 731 quodcumque
1190 672 1386 713 Gelonus

235 753 523 796 Armeniusve
547 750 688 791 dedit:
720 750 931 801 quantum
953 744 1105 784 crinita
1125 739 1298 793 sagittis

236 820 398 861 Attulit
417 824 613 860 extremo
633 814 784 857 Meroe
808 810 1067 854 circumflua
1088 808 1219 849 Nilo:

240 888 367 928 Misit
387 886 672 928 Achaemenio
694 880 907 936 quicquid
931 880 983 919 de
1003 877 1182 929 Tigride
1205 873 1381 922 Medus,

239 954 353 994 Cum
375 953 561 1005 supplex
581 954 743 991 emeret
762 948 1014 988 Romanam
1032 943 1215 984 Parthia
1235 953 1410 995 pacem.
1619 936 1705 976 225

240 1020 481 1060 Nobilibus
502 1018 624 1069 gazis
646 1016 892 1068 opibusque
915 1012 1078 1052 cubilia
1098 1015 1278 1061 surgant

242 1085 520 1128 Barbaricis:
554 1094 706 1122 omnes
728 1080 920 1121 thalamo
944 1077 1132 1117 conferte
1154 1075 1413 1129 triumphos.

244 1215 392 1247 columnis
417 1213 587 1254 picturatis
597 1223 607 1249 ‚·
630 1212 750 1252 qualem
780 1219 840 1240 non
867 1208 971 1249 Lydia
1003 1208 1148 1247 opulenta
1173 1206 1333 1237 exstruxit
1367 1204 1496 1244 Pelopi,·
1518 1203 1638 1243 qualem
1652 1212 1712 1233 non

246 1259 443 1291 Bacchanles
458 1257 661 1287 condiderunt
678 1253 803 1284 Baccho
820 1262 859 1282 ex
872 1252 981 1292 proeda
995 1251 1155 1289 Indorum,
1181 1252 1211 1280 et
1238 1260 1278 1280 ex
1301 1248 1488 1279 umbraculis
1511 1246 1596 1277 ritis.
1644 1246 1712 1276 Illic

245 1302 404 1340 congerite
417 1299 514 1339 spolia
530 1298 632 1328 onmia
642 1299 772 1337 par-enta
779 1306 806 1325 m
820 1305 829 1329 ,·
844 1294 986 1334 quicquid
1003 1303 1078 1323 avus
1091 1292 1301 1323 Theodosius
1314 1291 1418 1322 senior
1430 1287 1620 1329 comparavit
1634 1289 1714 1319 dele-

247 1345 288 1375 tis
298 1343 422 1374 Mauris
433 1343 480 1372 rel
492 1340 683 1371 Saxonibas:
698 1338 840 1378 quicquic!
852 1338 1028 1367 metuendas
1037 1339 1127 1376 pater
1136 1334 1355 1369 Theodosius,
1364 1333 1530 1364 Stilichone
1537 1332 1714 1369 comitante,

247 1386 372 1425 collegit
386 1396 403 1415 α
421 1385 506 1415 bellis
516 1381 799 1420 innumerabilibus,
813 1381 1016 1420 quodcumque
1035 1378 1159 1414 Geloni,
1170 1380 1216 1409 rel
1227 1377 1372 1408 Armenii
1384 1377 1553 1410 dederant5
1568 1377 1715 1414 quantum

249 1429 359 1461 Mer-02³
374 1428 520 1467 capillata
537 1426 620 1465 telis,
632 1425 823 1456 circumdata
837 1423 911 1454 Nilo
928 1423 1036 1453 ultimo
1052 1422 1249 1461 apportatit;
1264 1419 1409 1461 quicquid
1421 1418 1508 1449 Medi
1516 1417 1665 1448 miserunt
1678 1417 1716 1446 de

253 1472 384 1510 Tigride
401 1469 611 1506 Achaemenio,
627 1478 693 1498 cam
711 1466 843 1497 Parthia
861 1466 987 1496 humilis
1003 1468 1116 1495 emeret
1135 1474 1243 1504 pacem
1258 1464 1483 1494 Romanorum:
1509 1461 1604 1490 lectus
1629 1460 1720 1489 attol-

251 1516 335 1546 latur
361 1513 452 1554 gazis
468 1511 651 1552 Regalibus,
675 1513 705 1541 et
731 1509 855 1540 divitiis
877 1508 1092 1546 barbarorum,
1115 1507 1258 1547 aggerite
1278 1515 1380 1537 omnes
1405 1503 1551 1535 victorias
1573 1502 1608 1533 in
1631 1503 1718 1533 lecto.

865 1603 1102 1615 eeeeeeeeeeee

252 1674 353 1705 Voss.
382 1683 402 1703 a
431 1682 476 1702 m.
505 1681 530 1702 s.
561 1669 655 1701 Leid.
685 1673 719 1700 et
745 1668 859 1699 Oxon.
885 1670 1046 1707 pin—218
1081 1667 1235 1697 cumulare
1257 1666 1468 1696 Farn.—219
1491 1663 1629 1694 Santone
1642 1663 1722 1693 victo

256 1716 380 1748 Ambr.
395 1716 584 1746 tert-220
608 1713 641 1742 in
656 1711 828 1742 innumeris
844 1711 898 1740 vel
914 1709 952 1740 ab
968 1709 1140 1740 innumeris
1155 1710 1236 1741 Jun.
1255 1718 1306 1749 pr.
1331 1718 1349 1738 a
1376 1718 1418 1738 ni.
1447 1717 1471 1737 s.
1501 1715 1603 1745 socero
1626 1705 1723 1736 Med.

260 1764 370 1801 quart.
406 1757 557 1788 Stilicone
574 1755 653 1785 Vat.
671 1764 737 1785 sec.
761 1753 930 1784 tremendis
950 1752 1036 1792 Reg.
1063 1753 1190 1782 Mazar.
1216 1751 1340 1781 Petav.
1369 1759 1437 1781 sec.
1469 1749 1537 1780 duo
1560 1747 1724 1779 Ambu—

255 1805 317 1833 221
360 1801 429 1831 Hic
448 1809 564 1830 versus
596 1797 738 1837 margini
770 1796 939 1835 ascriptus
960 1800 1012 1825 est
1043 1795 1076 1824 in
1108 1795 1231 1824 Petav.
1264 1803 1315 1833 pr.
1348 1798 1383 1823 et
1411 1793 1444 1822 in
1474 1793 1607 1823 Bonon.
1638 1790 1724 1821 desi-

259 1844 411 1875 deratur.
457 1842 662 1882 quodcumque
701 1838 821 1878 viginti
860 1836 970 1868 Codd.
1010 1838 1094 1867 Exc.
1125 1837 1269 1867 Gevart.
1298 1836 1382 1865 Var.
1417 1845 1436 1865 e
1474 1843 1582 1873 marg.
1608 1833 1725 1864 Parni.

259 1894 457 1926 qaoecamqae
494 1884 609 1914 Vicet.
647 1881 725 1912 Ald.
764 1885 798 1912 et
838 1880 894 1910 alii
935 1880 1014 1910 olim
1051 1879 1259 1910 editi.-2·22
1282 1878 1511 1916 Armeniusque
1535 1876 1649 1907 Oxou.
1678 1885 1729 1915 pr.

259 1928 346 1960 «labit
376 1928 430 1958 vel
455 1927 542 1957 dedit
583 1926 705 1955 Petav.
742 1927 821 1954 tert.
853 1923 1002 1963 quidquid
1036 1923 1090 1952 vel
1127 1925 1275 1962 quantam
1314 1921 1398 1960 Reg.
1438 1922 1551 1950 Oxon.
1580 1928 1631 1958 pr.
1668 1919 1728 1949 cri-

259 1974 335 2002 nata
384 1970 468 2000 Lov.
524 1968 660 2007 sagittas
713 1967 840 1997 Moret.
879 1967 1036 2006 pr.—224
1073 1965 1165 1995 Misit
1185 1964 1280 1994 Med.
1305 1973 1373 1994 sec.
1412 1963 1521 1993 Mittit
1542 1962 1623 1992 Vat.
1646 1965 1727 1992 tert.

262 2014 336 2045 Pal.
356 2012 449 2043 Prie.
467 2012 574 2043 Oisel.
593 2011 748 2041 Florent.
777 2008 873 2039 Med.
898 2018 948 2047 pr.
972 2007 1168 2038 Achoemem'o
1195 2008 1280 2037 Exc.
1296 2007 1440 2037 anens.
1461 2015 1512 2046 pr.
1545 2003 1730 2035 Achimenia

262 2056 361 2088 Leid.
384 2065 436 2096 pr.
460 2055 527 2086 duo
551 2055 647 2084 Vatt.
674 2053 754 2083 Pnt.
779 2052 864 2091 Reg.
883 2051 1017 2081 Thuan.
1042 2051 1172 2081 Moret.
1202 2059 1251 2090 pr.
1276 2049 1397 2081 Petav.
1415 2050 1575 2089 pr.———227
1599 2047 1730 2078 thalami

263 2099 384 2130 Ambr.
441 2107 510 2128 sec.
564 2096 710 2127 thalamis
755 2095 834 2125 Vat.
874 2103 942 2125 sec.
984 2093 1070 2125 Cod.
1110 2093 1226 2125 Ursiu.
1269 2093 1369 2124 Voss.
1425 2090 1566 2129 conferre
1609 2089 1729 2120 Pal.—

923 2191 1070 2223 NOTAE

308 2271 370 2299 215
411 2267 515 2307 Lydia
549 2266 648 2306 clives]
692 2265 799 2304 Regio
830 2265 970 2295 minoris
1070 2267 1135 2296 222
1158 2263 1342 2304 Armenias]
1386 2262 1552 2294 Armenia
1571 2261 1666 2303 regio
1680 2264 1733 2293 est

270 2319 375 2357 Asiae,
391 2318 509 2349 Croeso
525 2321 561 2347 et
587 2314 733 2346 aurifero
760 2315 903 2345 Pactolo
926 2314 974 2345 in-
1028 2314 1131 2346 Asiae.

269 2370 384 2410 signiS.
1074 2368 1136 2396 223
1175 2364 1299 2404 IlIeroe]
1344 2364 1460 2395 Insula
1487 2362 1582 2393 faeta
1613 2360 1735 2400 aNilo,

312 2423 377 2451 216
401 2419 524 2459 Pelopi]
561 2417 696 2449 Tantali
717 2416 800 2447 filio.
1030 2417 1133 2457 vulgo
1145 2417 1334 2456 Guegaeres,
1351 2416 1446 2455 cnjus
1463 2413 1579 2454 populi
1591 2412 1734 2452 sagittas

314 2471 423 2511 Lyceo]
454 2469 610 2506 Bacc1103
642 2468 701 2498 ἀπὸ
728 2468 784 2497 τοῦ
798 2465 895 2505 λύειν,
919 2468 977 2497 sol·
1032 2467 1100 2498 suis
1115 2467 1268 2498 crinibus
1285 2465 1463 2496 indebant.

276 2531 358 2559 vere,
376 2519 465 2561 quod
483 2520 590 2550 solvat
608 2519 694 2549 curis
710 2517 848 2548 animos.
1075 2520 1137 2548 224
1162 2516 1374 2556 Achoemenio]
1420 2515 1559 2545 Persico
1575 2524 1582 2544 :
1614 2513 1737 2545 Achae-

317 2573 381 2602 219
427 2568 559 2607 Mauro]
597 2568 709 2599 Mauri
741 2571 820 2598 sunt
852 2566 977 2597 Africae
1033 2567 1145 2598 menia
1159 2568 1248 2598 enim
1264 2572 1318 2597 est
1333 2576 1410 2606 pars
1428 2565 1596 2604 Persidis,
1608 2574 1627 2595 a
1643 2565 1738 2605 Rege

273 2620 395 2661 populi
410 2631 416 2650 :
442 2620 595 2650 Saxones
609 2618 814 2649 Germanice.
1035 2617 1253 2649 Achaemene.

318 2674 381 2703 221
411 2670 561 2711 Gelonus]
603 2669 728 2702 Geloni
757 2674 837 2700 sunt
866 2669 982 2710 populi
1077 2670 1139 2698 227
1167 2667 1281 2698 Omnes
1304 2666 1491 2707 triumphos]
1528 2665 1657 2697 Omnes
1683 2674 1740 2696 cu-

279 2722 439 2764 Scythiae.
1037 2719 1167 2750 mulate
1178 2717 1309 2750 fructus
1321 2718 1468 2750 omnium
1481 2716 1740 2758 triumphorum.
