1852 3193
263 212 322 253 96
745 221 820 251 cL.
854 218 1132 250 CLAnmANi
1167 218 1242 247 111.

266 314 375 356 Nox
395 314 540 368 genuit
558 314 670 356 foetu
689 327 699 356 ε
732 314 874 355 nutrix
900 310 1137 353 Discordia
1156 308 1278 358 belli,
1668 308 1725 349 30

265 382 514 436 Imperiosa
539 382 714 431 Fames,
736 382 826 422 leto
846 381 994 420 vicina
1017 379 1249 426 Senectus,

266 449 599 504 Impatiensque
620 450 689 489 sui
714 448 912 496 Morbus,
932 447 1152 498 Livorque
1175 443 1381 485 secundis

264 516 455 566 Anxius,
477 521 517 557 et
539 517 681 556 scisso
703 527 892 556 moerens
914 513 1130 554 velamine
1156 512 1337 561 Luctus,

265 583 322 625 Et
341 584 507 632 Timor,
527 588 569 624 et
586 595 708 623 caeco
729 594 935 635 praeceps
954 580 1162 621 Audacia
1182 579 1320 628 wiltu,

266 651 326 692 Et
348 651 501 693 Luxus
519 650 753 704 populator
774 662 922 703 opum,
947 661 1078 702 quem
1099 660 1273 700 semper
1294 645 1523 687 adhaerens
1666 643 1724 686 35

267 717 429 758 Infelix
452 718 606 758 humili
627 729 775 770 gressu
798 716 1028 757 comitatur
1048 715 1248 767 Egestas,

267 784 493 838 Foedaque
513 784 726 825 Avaritiae
748 784 996 837 complexae
1018 786 1198 836 pectora
1214 780 1366 822 matris

267 851 495 894 Insomnes
516 853 643 904 longo
665 852 846 892 veniunt
866 851 1069 892 examine
1091 850 1237 891 Curae.

267 917 551 973 Complentur
570 920 695 960 vario
715 919 880 959 ferrata
900 918 1058 958 sedilia
1079 921 1212 966 coetu,

265 986 502 1040 Torvaque
526 986 722 1027 collectis
744 986 931 1038 stipatur
953 984 1086 1025 Curia
1107 982 1328 1023 monstris.
1671 979 1728 1019 40

265 1051 423 1094 Alecto
444 1052 566 1094 stetit
585 1053 631 1092 in
650 1051 831 1101 mediis3
862 1051 1107 1103 vulgusque
1127 1054 1268 1090 tacere

266 1171 439 1202 Discordia
454 1170 554 1201 altrix
569 1169 651 1209 belli,
666 1169 776 1200 Fames
791 1167 998 1206 dominatrix,
1015 1167 1163 1198 Senectus
1177 1167 1349 1207 propinqua
1365 1167 1472 1206 morti,
1488 1165 1618 1198 BIorbus
1633 1176 1731 1198 moro-

266 1223 316 1244 sus
333 1213 365 1243 in
382 1223 427 1252 se,
444 1213 567 1244 Invidia
582 1212 710 1243 inimica
730 1211 957 1252 prosperitatis,
972 1214 1002 1241 et
1016 1211 1132 1241 Luctus
1143 1211 1246 1241 tristis
1257 1211 1391 1241 restibus
1405 1210 1561 1249 laceratis,
1571 1213 1601 1240 et
1615 1210 1733 1249 Timor,

266 1259 296 1286 et
313 1256 453 1287 Audacia
469 1256 645 1294 temeraria,
661 1254 749 1293 facie
764 1257 889 1292 caecuta,
906 1257 935 1284 et
961 1254 1071 1284 Luxus
1092 1254 1252 1293 proedutor
1274 1253 1471 1291 divitiarum,
1496 1262 1584 1293 quem
1596 1253 1733 1292 Egestas

266 1298 405 1336 infausta
429 1301 577 1338 perpetuo
593 1298 656 1338 ipsi
683 1298 780 1338 affixa
795 1296 933 1336 sequitur
954 1296 1081 1336 pedibus
1105 1296 1303 1336 supplicibus,
1318 1299 1348 1326 et
1365 1296 1459 1326 Curre
1483 1295 1654 1336 pervigiles
1668 1304 1732 1325 am-

264 1342 433 1381 plectentes
446 1341 547 1371 sinum
562 1343 682 1380 turpem
703 1340 859 1370 Avaritia»
882 1339 1024 1378 parentis
1051 1348 1132 1378 suae,
1153 1338 1334 1369 conveniunt
1350 1339 1440 1377 longa
1455 1341 1591 1369 caterva.
1636 1336 1733 1368 Sedes

259 1383 377 1422 serreoe
392 1384 551 1424 replentur
563 1386 689 1413 caterva
703 1383 837 1419 diversa,
854 1385 883 1411 et
900 1382 970 1412 aula
984 1382 1133 1411 densatur
1148 1381 1348 1419 congregatis
1369 1380 1525 1420 portentis
1546 1379 1732 1411 crudelibus.

267 1426 377 1458 Alecto
392 1425 494 1457 media
509 1425 611 1466 stetit,
622 1428 653 1456 et
679 1424 842 1465 imperavit
867 1423 985 1464 plebem
1008 1424 1111 1463 silere,
1124 1427 1216 1464 atque
1238 1423 1343 1461 rejecit
1355 1426 1423 1463 post
1439 1424 1564 1453 dorsum
1577 1425 1734 1464 serpentes

883 1522 1117 1534 eeeeeeeeeeee

268 1593 323 1624 vel
342 1592 424 1623 rixae
445 1591 558 1623 Oxon.
587 1600 639 1632 pr.
673 1590 789 1622 nutriit
805 1590 925 1630 Cujac.
942 1589 983 1620 ad
1000 1589 1208 1629 bingin—31
1234 1590 1310 1620 lecto
1326 1588 1446 1621 Ambr.
1461 1598 1531 1620 sec.
1546 1588 1733 1620 Fames.—

269 1638 311 1667 32
333 1634 458 1666 secundi
479 1635 705 1666 Fames—34
730 1633 893 1664 Heinsius
919 1633 1115 1673 conjecerat
1143 1633 1270 1663 Tumor.
1304 1633 1408 1663 vultus
1434 1634 1658 1664 Fames—35
1681 1631 1734 1662 cui

269 1678 398 1709 Moret.
415 1687 466 1717 pr.
485 1677 566 1708 Vat.
587 1676 696 1708 Livin.
713 1677 796 1707 Exc.
814 1676 959 1706 Lucens.
984 1685 1054 1706 sec.
1078 1678 1147 1705 vet.
1164 1675 1218 1705 ed.
1235 1675 1350 1705 Parni.
1384 1675 1454 1715 quoi
1470 1674 1523 1706 ed.
1537 1674 1651 1706 Vicet.
1682 1673 1735 1705 cui

268 1721 322 1752 vel
336 1730 424 1760 quem
440 1720 528 1751 alter
545 1720 675 1751 Moret.
708 1729 796 1759 quem
810 1718 931 1759 reliqui
949 1727 1078 1755 omnes,
1095 1721 1132 1748 ut
1156 1723 1191 1748 et
1217 1718 1298 1748 Var.
1315 1717 1383 1748 LL.
1405 1717 1460 1748 ed.
1477 1717 1583 1748 Autv.
1600 1717 1633 1748 in
1650 1716 1733 1750 Pat.

269 1767 368 1794 extat
389 1763 398 1779 ‘
417 1772 517 1803 quem
531 1772 665 1802 semper
680 1762 824 1801 Egestas
840 1759 968 1791 Infelix
982 1760 1097 1791 humili
1112 1770 1226 1799 gressu
1240 1761 1424 1791 comitatur
1440 1759 1603 1792 euntem.’
1625 1759 1734 1791 Hein-

269 1806 335 1837 sius
351 1805 559 1846 ascripserat
576 1806 686 1835 locum
709 1804 813 1835 Ovid.
832 1804 920 1834 Met.
937 1812 1004 1834 ΧΠ.
1021 1803 1055 1833 in
1072 1803 1154 1833 Fab.
1173 1804 1282 1843 Cygni
1297 1814 1305 1834 ε
1330 1804 1338 1820 ‘
1355 1803 1571 1844 Cedentique
1587 1811 1734 1843 sequens

270 1847 399 1879 instat.’
423 1848 471 1879 sic
486 1848 519 1878 in
536 1848 665 1888 optimo
681 1847 766 1878 Cod.
783 1847 922 1886 legitur.
959 1846 1058 1886 vulgo
1077 1847 1313 1886 Cedentemqne.
1347 1846 1425 1876 dein
1442 1846 1508 1877 alia
1523 1855 1625 1876 manu
1639 1849 1734 1877 nota-

270 1895 342 1922 tum
369 1895 454 1930 erat,
476 1891 633 1921 adhoerere
657 1889 801 1930 aliquem.
834 1889 902 1919 vid.
920 1889 1067 1929 Giphan.
1087 1888 1163 1918 Ind.
1182 1889 1320 1919 Lucret.
1339 1890 1504 1928 populator
1520 1889 1574 1919 vel
1588 1888 1736 1928 spoliator

269 1933 443 1974 Reg.—37
468 1933 585 1964 viscera
601 1933 694 1963 Med.
720 1942 770 1972 pr.
797 1932 874 1962 Pal.
891 1941 975 1962 unus
1002 1931 1125 1962 Heius.
1156 1934 1282 1970 pectora
1296 1932 1349 1961 vel
1365 1932 1481 1962 viscera
1497 1931 1590 1962 Prie.
1604 1930 1736 1961 Moret.

270 1978 423 2006 sec—38
446 1976 572 2006 veniunt
588 1976 676 2014 longo
691 1974 860 2005 certamine
874 1974 966 2005 Prie.
1002 1984 1041 2004 ex
1056 1974 1164 2003 ordine
1183 1974 1223 2003 ad
1248 1974 1369 2012 Isingr.
1385 1973 1591 2014 Cujac.—39
1605 1972 1736 2010 ferrata

269 2019 324 2049 vel
339 2020 455 2048 secreta
467 2018 549 2048 Vat.
566 2022 638 2058 opt.
654 2017 767 2048 cubilia
785 2017 910 2048 Incert.
928 2016 1048 2047 Heius.
1062 2025 1081 2046 a
1094 2026 1137 2046 m.
1151 2019 1289 2055 pr.—40
1305 2019 1429 2056 totaque
1448 2017 1524 2047 Pat.
1541 2016 1670 2047 Moret.
1683 2024 1735 2056 pr.

269 2060 364 2091 Leid.
381 2070 401 2090 a
416 2069 460 2090 m.
478 2069 546 2091 sec.
563 2060 618 2091 ed.
634 2060 770 2091 Claver.
787 2069 895 2100 marg.
911 2059 1031 2099 Isingr.
1054 2062 1200 2098 tori-aque
1213 2059 1333 2099 rquui
1348 2068 1478 2097 omnes,
1490 2059 1575 2090 Exc.
1588 2058 1736 2089 Lucens.

270 2103 324 2135 ed.
339 2103 452 2134 Parni.
468 2108 504 2134 et
519 2102 633 2134 Vicet.
663 2106 808 2142 torvaque
825 2103 877 2133 vel
894 2105 1018 2142 totaque
1034 2102 1122 2132 alter
1138 2101 1235 2132 Leid.
1258 2104 1399 2142 tetraque
1414 2101 1533 2141 Cujac.
1549 2100 1592 2132 ad
1608 2100 1734 2140 Isingr.

270 2148 353 2176 —41
378 2146 500 2175 Allecto
517 2155 633 2176 omnes
650 2146 771 2184 scripti
787 2144 872 2175 fere.
905 2145 1004 2175 medio
1021 2145 1097 2175 Pat.
1114 2144 1209 2174 Pric.
1227 2144 1354 2174 Moret.
1372 2153 1423 2184 pr.
1441 2143 1496 2175 ed.
1508 2143 1623 2174 Vicet.
1654 2143 1736 2173 sedit

269 2187 303 2218 in
318 2187 418 2218 medio
434 2187 573 2217 Fames.
598 2188 707 2218 mediis
722 2188 860 2218 Tholos.
879 2188 962 2219 Exc.
979 2187 1125 2218 Luceus.
1158 2187 1274 2216 medios
1288 2187 1368 2216 Vat.
1385 2195 1439 2226 pr.
1462 2186 1606 2226 vultuque
1618 2185 1736 2226 Cujac.

929 2287 1069 2319 NOTAE

272 2374 351 2396 num
367 2364 495 2405 patella
510 2364 720 2404 operculum.
756 2364 809 2394 Ex
825 2363 887 2395 hoc
900 2373 978 2394 con·
1030 2361 1229 2393 lacerabant
1245 2366 1370 2393 vestes.

264 2416 362 2457 jugio
388 2420 478 2446 natae
502 2415 629 2454 Furiae,
645 2419 681 2445 et
707 2419 823 2455 pestes
849 2423 977 2453 omnes,
1074 2415 1115 2444 39
1138 2413 1289 2453 Ferrato]
1333 2412 1526 2445 Inferni-um
1541 2412 1737 2446 habitacula

272 2476 348 2508 quae
366 2475 470 2506 genus
486 2466 668 2496 humanum
684 2463 861 2495 infestant.
1030 2461 1143 2494 ferrea
1166 2467 1256 2494 sunt.
1311 2463 1496 2504 Virgilius:
1522 2465 1531 2482 ‘
1551 2464 1735 2506 Ferreique

316 2519 358 2547 32
394 2517 623 2556 Impatiensque
646 2516 695 2546 sui
720 2515 864 2555 Morbus]
910 2516 977 2548 Qui
1032 2513 1258 2544 Eumenidum
1283 2513 1445 2546 thalami!
1489 2513 1531 2545 Id
1560 2514 1652 2555 quod
1677 2514 1739 2546 fin-

273 2570 343 2598 tam
356 2576 506 2597 morosos
521 2576 560 2597 ac
577 2564 732 2597 difficiles
744 2565 857 2597 reddit
871 2576 978 2606 aegro-
1031 2563 1136 2603 gitur,
1146 2564 1226 2604 quia
1241 2564 1324 2594 nihil
1337 2573 1404 2594 non
1418 2563 1537 2594 durum
1554 2563 1587 2594 in
1602 2562 1735 2596 inferis.

274 2622 400 2657 tames,
413 2622 452 2648 ut
468 2627 504 2648 se
519 2618 577 2648 vix
593 2617 664 2658 pati
682 2617 821 2657 possint.
1073 2618 1115 2646 40
1134 2615 1233 2645 Torva
1246 2614 1359 2654 Cum'a]
1377 2614 1455 2645 Non
1472 2613 1562 2655 quod
1579 2618 1678 2645 torva
1692 2614 1738 2645 sit

315 2670 356 2698 33
384 2666 520 2706 Anxius]
546 2668 632 2699 Nam
657 2668 665 2683 ‘
683 2667 825 2698 Invidus
839 2666 978 2698 alterius
1032 2665 1136 2704 Aula,
1151 2665 1210 2695 sed
1227 2665 1304 2706 quia
1321 2664 1475 2695 continet
1499 2668 1650 2695 monstra
1664 2668 1737 2696 tor·

274 2717 455 2748 marcescit
470 2718 571 2748 rebus
588 2716 729 2758 opimis?
1031 2726 1074 2748 va
1090 2720 1194 2758 atque
1208 2716 1371 2748 crudelia.

317 2766 420 2798 Scissa
442 2768 608 2808 velamine]
652 2766 795 2809 Antiqui
821 2766 855 2797 in
882 2766 979 2798 luctu
1074 2768 1114 2797 41
1143 2765 1275 2807 Vulgus]
1318 2766 1448 2799 Parvas
1464 2770 1592 2808 pestes,
1607 2769 1645 2798 et
1664 2765 1738 2808 ple-
