1852 3193
955 498 1046 547 IV.

658 660 795 719 CL.
832 658 1342 718 CLAUDIANI

344 866 552 954 IN
691 859 1639 956 RUFINUM

816 1065 1064 1111 LIBER
1102 1065 1181 1111 Il.

827 1355 1184 1397 PRAEFATIO.

777 1467 1227 1500 ARGUMENTUM.

314 1540 459 1572 Rurmo
487 1539 653 1579 extincto,
670 1538 757 1569 liber
790 1538 949 1578 Helicon,
980 1537 1141 1568 Castaliae
1174 1546 1267 1578 aquae
1299 1545 1318 1567 a
1347 1535 1509 1567 Barbaris
1542 1534 1730 1575 impollutae

273 1597 462 1633 agnoscunt
490 1592 707 1623 Stilichonem
735 1590 918 1628 vindicem,
946 1591 1125 1631 Mnsaeque
1155 1599 1232 1621 eum
1259 1590 1405 1620 invitant
1435 1589 1477 1620 ad
1504 1597 1580 1620 suos
1603 1593 1734 1627 canum,

272 1646 429 1686 exemplo
445 1645 580 1686 Martis,
596 1643 794 1675 audiendos.

274 1831 330 1887 P
334 1860 524 1889 ANDl'rE
544 1848 764 1889 defensum
783 1848 968 1890 reduces
991 1849 1214 1890 Helicona
1236 1862 1427 1902 sorores3

332 1915 541 1957 Pandite:
573 1916 798 1970 permissis
815 1916 910 1969 jam
929 1917 1032 1958 licet
1052 1918 1113 1958 ire
1137 1917 1295 1959 choris.

314 2026 445 2066 Aperite
469 2036 488 2058 o
506 2026 609 2057 Musa>
631 2026 794 2057 redeuntes
809 2026 1009 2064 Heliconetm
1031 2027 1171 2067 aperite:
1193 2030 1288 2058 coetus
1311 2036 1389 2058 nunc
1409 2029 1539 2068 possunt
1555 2026 1680 2068 ingredi
1701 2026 1736 2058 in

890 2122 1125 2134 eeeeeeeeeeee

318 2191 359 2222 In
384 2191 594 2229 Florentino,
621 2190 781 2222 Mediceo
808 2195 941 2232 quarto,
966 2196 1001 2222 et
1027 2197 1172 2232 utroque
1190 2192 1335 2223 anensi
1351 2192 1427 2223 huic
1443 2191 1530 2222 libro
1548 2190 1739 2231 praefigitur

276 2232 454 2271 Praefatio,
481 2242 554 2272 quae
582 2233 615 2262 in
647 2233 720 2262 aliis
747 2238 827 2263 ante
849 2234 982 2264 Bellum
1001 2234 1217 2265 Gildonicum
1243 2234 1381 2274 legitur,
1405 2244 1481 2265 cum
1507 2234 1570 2265 hac
1594 2234 1740 2274 inscrip-

276 2277 382 2314 tione,
397 2275 500 2306 Flavz‘z'
518 2274 684 2304 Claudiani
699 2275 768 2306 Lib.
786 2285 825 2305 11.
840 2277 878 2306 de
894 2276 999 2306 Morte
1015 2276 1136 2317 Rufini.
1161 2277 1194 2307 in
1207 2276 1377 2307 Vaticano
1400 2276 1541 2317 optimo,
1556 2276 1739 2307 veterrimo

277 2317 431 2358 Gyraldi,
454 2321 491 2347 ut
508 2321 541 2347 et
562 2317 729 2347 Vaticano
745 2318 877 2348 Livinei
893 2318 1050 2349 similiter
1065 2318 1120 2349 hic
1143 2318 1313 2350 inseritur.
1360 2319 1401 2350 In
1428 2319 1551 2351 Petav.
1578 2328 1647 2350 sec.
1673 2328 1740 2350 non

279 2367 331 2392 est
349 2359 523 2391 distinctio
541 2359 619 2389 novi
643 2359 735 2390 libri.

322 2406 337 2434 l
356 2402 520 2442 Defessam
545 2402 644 2433 Farn.
659 2403 741 2433 Var.
770 2402 841 2433 LL.
868 2402 922 2433 ed.
950 2401 1122 2434 Antv.—2
1144 2403 1286 2435 demissis
1303 2403 1426 2435 Heius.
1443 2403 1559 2436 Oxon.
1575 2413 1629 2445 pr.
1644 2402 1741 2436 Leid.

940 2494 1079 2526 NOTAE

323 2560 338 2588 1
364 2556 535 2595 Defensum
559 2556 726 2596 Helicona]
758 2555 901 2587 Helicon
929 2562 982 2588 est
1037 2557 1211 2597 Rufinum,
1228 2557 1324 2599 quasi
1339 2561 1527 2589 monstrum
1541 2557 1623 2588 illud
1637 2557 1741 2588 etiam

278 2617 372 2638 mons
389 2606 550 2638 Phocidis
564 2606 598 2636 in
616 2606 764 2645 Graecia,
787 2615 884 2637 sacer
906 2607 982 2637 Mu-
1038 2607 1147 2638 Musis
1183 2608 1308 2639 bellum
1351 2607 1524 2647 indixerit,
1561 2610 1741 2648 coetusque

279 2658 336 2697 sis,
353 2667 428 2697 quae
455 2661 535 2687 sunt
562 2666 684 2687 novem
710 2656 823 2687 doctae
842 2667 983 2697 sororem,
1038 2658 1215 2690 doctorum
1232 2658 1457 2699 prohibuerit.

280 2706 359 2737 filiae
373 2707 469 2739 Jovis
497 2711 532 2737 et
555 2707 796 2747 Mnemosynes
824 2717 884 2738 seu
913 2707 985 2738 Me-
1082 2711 1102 2739 2
1126 2709 1294 2739 Permissis
1306 2708 1421 2749 choris]
1445 2709 1566 2740 Nullus
1581 2714 1635 2742 est
1651 2706 1742 2741 Rufi-

277 2757 403 2789 moriae.
470 2756 662 2789 Defensum
708 2761 823 2789 autem
869 2762 988 2790 contra
1041 2767 1104 2789 nus
1121 2759 1177 2800 qui
1193 2759 1384 2800 prohibeat.
