1842 3193
239 199 266 239 2
843 191 1096 225 EPISTOLA.

239 303 413 356 plicent,
454 298 795 339 SrinENJssiME
838 291 1122 335 Dmmnmn,
1171 284 1336 338 quippe
1378 280 1454 334 qui
1494 279 1700 320 fiduciam

240 370 414 416 habeat,
445 378 530 406 nou
551 377 577 405 a
598 361 809 415 superbia
840 358 1074 403 inductam,
1097 353 1174 393 sed
1206 353 1262 392 ab
1297 351 1396 404 ipsa
1415 347 1701 395 conscientia,

242 441 283 479 et
304 434 474 477 virtutis
495 446 604 480 suae,
634 433 676 469 ct
710 425 961 480 praestantis
996 423 1056 461 tui
1091 420 1264 472 ingenii,
1299 431 1351 458 ac
1384 416 1541 468 Regiae
1574 414 1704 466 plane

244 503 417 549 indolis,
446 501 601 553 quibus
623 496 730 536 mire
760 493 975 533 excitatus
1000 487 1436 542 praeclarissimarum
1458 494 1596 522 rerum
1617 482 1707 520 stu-

246 572 319 612 dio
352 573 439 609 tam
475 564 664 612 duceris,
703 573 835 615 quam
870 559 945 611 qni
972 556 1182 597 maxime.
1242 552 1436 593 Excelso
1474 560 1632 600 nempe
1666 548 1710 587 et

246 637 399 680 illustri
425 636 524 676 loco
556 633 642 673 sita
677 630 731 669 de
761 633 803 668 te
836 626 968 674 sarna,
997 637 1098 677 quae
1134 634 1214 661 nec
1250 620 1438 660 obscuro
1471 629 1550 657 nec
1585 613 1707 655 vario

248 716 457 751 sermone,
500 699 577 740 scd
611 695 857 738 clarissima
888 695 929 732 et
960 704 1049 732 una
1081 688 1272 731 omnium
1305 698 1416 726 voce
1449 680 1710 737 percrebuit,

249 772 408 814 nemini
428 769 605 809 dubiam
625 763 830 816 relinquit
848 760 1044 801 nobilem
1071 758 1190 798 illam
1221 754 1354 796 animi
1375 751 1712 797 contentionem,

251 852 385 895 quain
418 837 473 877 ad
521 831 841 887 assequendam
881 829 1145 881 optimarum
1191 824 1347 864 artium
1386 817 1715 870 intelligentiam

251 908 315 949 ita
345 905 552 953 adhibes3
598 904 660 950 ut,
682 899 798 953 quod
830 898 875 937 in
906 896 985 937 tali
1013 894 1187 934 fortuna
1218 903 1379 931 novum
1400 890 1465 928 est
1485 890 1618 938 atque
1639 882 1716 924 ad-

253 973 466 1021 mirabile,
488 972 696 1023 quantum
714 966 881 1019 generis
902 968 945 1004 et
964 961 1186 1015 dignitatis
1209 956 1436 1012 splendore
1456 954 1544 995 tuis
1567 962 1719 1005 aequa-

254 1042 384 1088 libus,
406 1041 571 1079 tantum
592 1034 751 1088 ingenii
772 1036 813 1073 et
839 1031 1044 1072 doctrinae
1066 1027 1329 1069 ornamentis
1350 1021 1601 1064 antecellas.

315 1107 371 1147 Et
409 1103 599 1157 quidem,
630 1100 803 1141 etiamsi
834 1098 992 1138 mentis
1028 1100 1117 1136 tuae
1152 1106 1296 1133 reruni
1324 1090 1517 1131 omnium
1540 1085 1721 1140 capacis

258 1173 446 1214 facilitas
481 1172 523 1209 et
554 1164 810 1220 magnitudo
837 1176 925 1204 non
959 1175 1011 1202 ea
1043 1163 1175 1209 esset,
1202 1163 1249 1198 ut
1279 1170 1366 1198 non
1400 1160 1491 1195 tam
1521 1154 1721 1201 feliciter,

259 1239 389 1281 sicuti
405 1238 529 1285 facis,
545 1234 783 1288 proficeres
801 1245 811 1283 3
834 1230 952 1271 curis
974 1233 1119 1269 tamen
1136 1230 1178 1266 et
1191 1224 1387 1265 consiliis
1409 1219 1725 1275 sapientissimi

260 1308 324 1348 tui
345 1303 567 1351 Rectoris,
591 1301 667 1353 qui
696 1299 802 1339 nihil
821 1297 954 1337 habet
976 1293 1212 1346 antiquius,
1245 1303 1375 1344 quain
1397 1293 1442 1328 ut
1467 1287 1524 1328 ad
1543 1287 1726 1328 virtutes

260 1373 478 1415 maximas
510 1373 551 1410 te
584 1368 696 1407 ultro
732 1366 884 1406 altiora
918 1365 1130 1416 petentem
1163 1358 1394 1413 provehat,
1427 1355 1609 1409 provehi
1646 1366 1727 1406 po-

262 1441 441 1483 tuisses.
502 1436 564 1477 At
585 1447 688 1476 vero
710 1433 858 1473 divina
884 1428 1183 1476 Providentia,
1206 1438 1305 1479 quae
1328 1428 1369 1465 te
1387 1423 1441 1463 ad
1463 1419 1727 1473 regnandum

264 1508 379 1556 tulit,
400 1504 544 1559 ipsius
566 1514 692 1544 curas
715 1499 885 1554 adjuvit
912 1496 1106 1545 mirifice,
1138 1494 1290 1543 erexit,
1311 1491 1540 1538 recreavit,
1563 1500 1666 1529 cum
1686 1490 1730 1528 te

266 1574 439 1615 eximiis
460 1572 663 1612 omnibus
683 1566 880 1621 corporis
917 1570 962 1604 et
995 1563 1127 1603 animi
1148 1561 1340 1610 dotibus,
1367 1571 1467 1612 quae
1489 1557 1612 1597 firma
1632 1566 1732 1595 esse

267 1640 439 1695 possint
476 1639 726 1693 adjumenta
758 1632 1024 1675 sustinendae
1059 1631 1162 1671 olim
1197 1627 1489 1681 imperatoriae
1512 1633 1730 1677 personae,

267 1713 359 1749 tam
391 1707 651 1748 instructum
683 1715 781 1744 esse
812 1700 967 1748 voluit,
988 1701 1038 1739 ut
1068 1698 1113 1737 in
1142 1700 1232 1737 toto
1267 1695 1371 1735 orbe
1392 1692 1561 1732 habeas
1579 1700 1733 1742 parem

267 1774 497 1815 neminem.
1537 1796 1540 1802 .

327 1839 397 1882 Ac
417 1854 462 1881 re
482 1838 658 1892 quidem
693 1837 808 1889 ipsa,
835 1836 963 1875 natus
991 1844 1038 1872 es
1070 1844 1123 1871 ea
1144 1831 1296 1871 forniae
1320 1827 1548 1880 dignitate,
1570 1826 1618 1865 ut
1638 1833 1742 1864 cor-·

270 1922 354 1963 pus
372 1921 452 1948 nec
474 1908 584 1961 ipsae
619 1903 816 1945 Charites
852 1901 1075 1956 pulchrius
1098 1899 1153 1939 ad
1186 1900 1492 1945 venustatem3
1530 1905 1624 1942 nec,
1655 1902 1737 1944 pro

269 1982 346 2017 tua
378 1978 523 2023 aetate,
557 1973 680 2013 Mars
715 1971 813 2023 ipse
840 1968 1036 2020 vegetius
1071 1966 1127 2006 ad
1158 1965 1421 2012 firmitatem,
1456 1965 1499 2002 et
1519 1960 1575 2000 ad
1596 1959 1738 2000 susci-

271 2042 432 2097 pienda
452 2053 504 2080 ac
522 2037 749 2081 toleranda
768 2036 873 2077 belli
894 2036 1041 2074 munia
1062 2034 1219 2084 tingere
1240 2031 1448 2084 potuerit.
1512 2026 1603 2077 Qui
1623 2026 1739 2066 enim

272 2110 420 2151 vultus
442 2108 606 2148 decor?
649 2117 749 2157 qnae
772 2103 928 2143 frontis
950 2102 1092 2154 gratia
1120 2099 1248 2139 simul
1269 2102 1312 2138 et
1333 2095 1576 2149 majestas?
1609 2105 1741 2144 quam

272 2175 451 2218 vividus
472 2172 748 2223 Martiusque
766 2170 884 2208 color
901 2169 918 2206 ‘l
967 2168 1041 2218 qni
1062 2167 1178 2205 nitor
1201 2165 1410 2215 vigorque
1433 2161 1673 2208 oculorum,
1695 2162 1741 2199 et

277 2255 409 2296 quarn
431 2240 632 2280 animosa
650 2236 894 2287 regalisque
922 2233 1113 2285 species,
1151 2230 1342 2270 omnium
1378 2227 1539 2267 amoris
1559 2239 1647 2266 non
1669 2238 1742 2266 so-

274 2311 367 2351 lum
389 2305 676 2352 conciliatrix,
698 2302 776 2342 sed
797 2301 928 2341 etiam
947 2297 1242 2339 venerationis
1263 2297 1280 2336 ‘l
1316 2295 1404 2335 His
1426 2293 1599 2334 accedit
1619 2292 1744 2333 firma

278 2375 500 2423 valetudo,
520 2376 563 2414 et
594 2372 707 2412 mira
737 2372 904 2409 naturae
944 2366 1133 2417 agilitas,
1155 2377 1206 2404 ac
1236 2363 1422 2415 denique
1444 2360 1626 2415 pulchro
1649 2372 1745 2401 cor-

279 2456 387 2497 pore
404 2443 530 2493 longe
551 2438 770 2493 pulchrior
803 2448 854 2476 ac
883 2432 1135 2486 generosior
1156 2431 1343 2479 animus,
1372 2440 1581 2481 mensque
1614 2427 1742 2467 rebus

281 2515 413 2564 atque
432 2509 616 2556 artibus,
640 2514 945 2560 quascumque
967 2499 1357 2554 expetix⁷e1·is,tam
1373 2502 1495 2550 apta,
1514 2500 1604 2536 tam
1620 2494 1744 2534 habi-

281 2578 352 2628 lis,
374 2578 430 2617 iis
452 2580 499 2616 ut
515 2579 642 2615 natus
663 2586 760 2613 esse
782 2570 986 2611 videaris.

339 2644 458 2685 Nam
491 2643 529 2683 si
561 2641 618 2682 ad
656 2638 934 2681 avocandum
975 2649 1002 2677 a
1036 2634 1192 2676 studiis
1224 2632 1498 2686 gravioribus
1534 2631 1754 2678 animum,

285 2711 460 2753 venatui
498 2707 806 2765 indulgendum
838 2709 918 2756 est,
947 2705 1045 2760 quis
1083 2707 1125 2744 te
1160 2701 1406 2756 expeditior
1438 2700 1482 2740 in
1514 2711 1626 2752 equo
1663 2709 1745 2751 per
