1852 3193
206 221 294 263 214
687 231 763 261 οι.
797 229 1079 260 οιΛυοιΑΝι
1116 227 1201 256 v11.

1586 318 1672 359 120

209 327 467 369 Dalmatiae:
499 327 679 381 Phrygii
702 326 974 365 numerantur
995 325 1148 373 stagna
1170 319 1363 360 Timavi.

210 395 416 437 Gaudent
438 394 582 435 Italiae
606 393 863 433 sublimibus
887 388 1058 442 oppida
1076 389 1212 428 muris

208 461 415 504 Adventu
439 465 612 502 saci-ata
633 467 730 500 tuo:
764 457 1011 497 submissus
1033 456 1189 497 adorat

208 529 440 577 Eridanus,
464 528 739 580 blandosque
753 525 888 578 jubet
908 524 1138 564 mitescere
1158 523 1313 563 fluctus
1331 537 1340 564 :

208 597 268 637 Et
293 596 612 637 Phaethonteas
636 594 781 634 solitae
799 592 958 633 deflere
979 592 1129 631 ruinas

207 663 409 704 Roscida
430 663 649 703 frondosae
671 667 883 702 revocant
904 661 1068 701 electra
1091 672 1281 700 sorores.

268 731 436 782 Quanti
459 736 549 772 tum
566 730 769 783 juvenes,
792 731 966 782 quantae
985 740 1190 780 sprevere
1211 725 1422 780 pudorem

1588 655 1676 696 125

209 847 280 886 agri
307 847 479 876 Dalmatiae
506 846 680 875 calcantur:
704 847 900 875 recensentur
925 844 1004 875 alvei
1036 842 1157 872 Timavi
1187 841 1334 879 Trojam’:
1357 839 1447 870 urbes
1473 838 1578 869 Italioe
1604 836 1679 867 altis

209 889 356 920 moenibus
385 892 531 927 evectae,
562 890 747 918 conset-rane
780 897 900 917 accessu
927 891 978 916 luo
1005 888 1172 916 [arantur.-
1212 885 1317 914 Pauus
1350 883 1475 912 humilis
1512 883 1678 911 veneratur

209 937 258 970 te,
274 935 303 962 et
320 932 453 971 imperat
475 932 572 961 undas
594 932 673 960 lenes
698 939 905 960 mansuescere
920 940 929 959 :
946 940 981 959 uc
1007 938 1123 958 sorores
1149 936 1277 957 ramosa*
1293 925 1513 960 Phaethontis,
1527 926 1679 954 consnetae

210 976 316 1014 lugere
331 974 463 1005 exitium
479 974 562 1013 ejus,
578 973 716 1003 cohibent
731 973 844 1002 electra
857 972 1027 1002 ηιαηαηέὶα.
1060 972 1142 1005 Quot
1160 974 1232 1000 tunc
1246 970 1461 1007 adolescentes,
1476 970 1547 1007 quot
1564 969 1680 996 matres

828 1063 999 1075 ροοιιιοῳο
1005 1063 1060 1073 ’.κο

209 1130 304 1161 Med.
321 1140 389 1160 sec,
406 1139 450 1159 m.
468 1138 520 1168 pr.
534 1128 634 1165 Stigz'z'
646 1128 739 1157 Rott.
752 1126 861 1156 Oisel.
875 1124 990 1154 Oxou.
1008 1133 1059 1163 pr.
1071 1124 1205 1153 claustra
1223 1123 1348 1153 Moret.
1364 1121 1680 1162 sec.-—12lsulgen-

209 1172 290 1202 tibus
307 1171 404 1203 Med.
424 1173 612 1201 tent—1:22
637 1171 744 1199 adoret
761 1169 840 1198 Vat.
859 1177 909 1207 pr.
929 1168 1029 1197 Farn.
1047 1175 1090 1196 m.
1109 1175 1156 1204 pr.
1174 1166 1305 1195 adornat
1330 1165 1424 1195 Leid.
1443 1174 1493 1204 pr.
1520 1174 1540 1194 a
1563 1175 1607 1194 m.
1625 1175 1679 1205 pr.

208 1217 315 1245 ——123
342 1215 523 1245 Euridanus
538 1214 621 1243 Var.
648 1213 716 1242 LL.
746 1212 798 1242 cd.
826 1210 930 1241 Antv.
960 1209 1054 1247 jurat
1070 1208 1150 1240 Jun.
1178 1218 1231 1248 pr.
1268 1208 1450 1247 rapidosque
1467 1207 1560 1244 jubet
1584 1207 1680 1238 Med.

209 1262 288 1288 tert.
306 1267 349 1288 m.
367 1259 544 1287 sem—124
570 1256 759 1286 l’hetonteas
781 1255 863 1285 Lov.
882 1253 980 1283 ambo
1008 1251 1254 1282 Moreti.—125
1282 1251 1401 1281 Rosida
1423 1251 1508 1281 Exc.
1534 1250 1680 1281 Lucens.

209 1309 279 1331 sec.
296 1301 350 1331 ed.
365 1300 479 1330 Vicet.
507 1299 656 1337 formosae
671 1298 751 1329 Jnn.
769 1307 819 1337 pr.
855 1298 1002 1327 renovant
1017 1295 1139 1325 Petav.
1158 1304 1208 1334 pr.
1222 1304 1265 1325 m.
1282 1303 1332 1334 pr.
1363 1296 1510 1324 renovant
1524 1292 1619 1324 Leid.
1637 1301 1682 1324 m.

208 1345 389 1373 sem—126
415 1342 535 1377 Quanti
564 1345 630 1371 tum
647 1341 778 1378 juvenes
802 1340 929 1370 Moret.
962 1347 1030 1368 sec.
1069 1348 1149 1368 nunc
1173 1338 1251 1367 Vat.
1270 1337 1381 1377 quint.
1418 1340 1492 1367 tunc
1518 1335 1585 1366 duo
1598 1335 1681 1366 vat.

209 1385 305 1417 Med.
323 1389 437 1427 quart.
453 1385 534 1416 Jun.
552 1394 604 1425 pr.
621 1384 759 1414 Tholos.
776 1383 904 1413 Mazar.
922 1382 1046 1412 Petav.
1075 1390 1128 1421 pr.
1147 1379 1265 1411 Ambr.
1289 1390 1356 1411 sec.
1385 1379 1439 1410 ed.
1470 1380 1583 1410 Parni.
1608 1381 1681 1409 tunc

873 1495 1015 1528 NOTAE

255 1578 317 1607 120
340 1575 496 1616 Phrygii]
524 1575 687 1617 Phrygius
713 1574 840 1605 dicitur
867 1574 916 1604 Τι’-

211 1626 411 1667 maws,quia
422 1626 486 1657 huc
497 1627 630 1666 appulit
642 1625 797 1657 Antenor
814 1624 917 1665 Phry-

209 1677 297 1719 giuS‚
312 1688 371 1709 seu
385 1678 565 1718 Trojanus.

973 1572 1030 1611 tis,
1045 1570 1224 1602 fluviorum
1241 1571 1370 1603 Genios
1387 1570 1433 1601 sic
1449 1569 1612 1600 inducere
1627 1576 1684 1598 ve-

971 1622 1202 1653 nerabundos.
1253 1622 1412 1651 Eridanus
1426 1629 1484 1650 seu
1500 1619 1607 1649 Padus
1622 1616 1684 1648 flu-

972 1673 1045 1703 vius
1065 1672 1229 1702 maximus
1244 1671 1373 1701 ltaliae:
1399 1670 1497 1709 Virg.
1522 1670 1530 1685 ‘
1551 1667 1684 1698 Fluvio-

254 1728 392 1769 Stagna]
416 1729 481 1759 Vel
508 1728 551 1759 ob
577 1737 699 1758 novem
722 1726 834 1757 fontes
860 1729 917 1756 ant

210 1779 296 1810 ostia
310 1777 454 1816 Timavi,
481 1779 534 1808 vel
562 1778 604 1808 ob
636 1777 759 1807 insulas
778 1785 916 1817 quarum

212 1829 352 1869 objectu
369 1833 532 1868 stagnant
549 1837 658 1868 aqnae.

258 1879 395 1918 Timavi]
420 1879 481 1909 Est
498 1877 618 1908 fluvius
634 1876 792 1907 Venetiae
811 1885 918 1917 prope

212 1929 420 1970 Aquileiam,
435 1930 534 1968 vulgo
552 1929 685 1959 Brenta.
733 1927 855 1957 Oritur
875 1936 918 1957 ex

211 1989 271 2011 sex
288 1978 462 2010 fontibus:
485 1978 560 2009 fons
582 1978 746 2017 septimus
764 1977 919 2017 adjungi-

213 2030 317 2061 turin
334 2029 459 2070 palude
485 2035 598 2060 ortus:
636 2029 701 2058 duo
727 2027 837 2059 adhuc
862 2027 919 2058 alii

213 2081 326 2113 fontes
343 2091 385 2112 ex
402 2081 546 2122 Virgilio
563 2086 598 2112 et
615 2080 806 2121 Pomponio
826 2080 920 2110 Mela

213 2133 558 2173 a<ljiciuntnr,sicque
570 2136 647 2162 sunt
660 2141 782 2162 novem
797 2130 920 2162 fontes.

214 2183 278 2214 Ille
293 2181 413 2213 fluvius
427 2191 489 2222 per
505 2182 680 2212 cuniculos
699 2182 861 2222 quosdam
877 2181 920 2212 ab

215 2236 300 2263 aestu
327 2232 427 2262 maris
453 2231 577 2271 recipit
605 2232 863 2271 incrementum,
886 2236 921 2262 et

215 2283 272 2314 ubi
302 2292 395 2313 mare
426 2282 600 2320 intumuit,
628 2282 756 2322 ingenti
787 2281 920 2321 fragore

216 2333 311 2363 saxei
329 2332 464 2372 montis,
481 2342 523 2363 ex
540 2342 605 2373 quo
622 2332 733 2364 fontes
757 2333 922 2372 oriuntur,

215 2391 280 2423 per
295 2382 472 2423 complura
488 2382 546 2412 illa
562 2383 651 2413 ostia
668 2383 870 2423 prorumpit,
887 2388 921 2413 et

215 2433 391 2464 exundans
418 2434 426 2448 ‘
446 2433 570 2473 pelago
604 2434 729 2473 premit
759 2443 839 2464 arva
870 2444 920 2464 so-

216 2483 336 2514 nanti!

262 2536 324 2565 122
339 2533 485 2565 Adventu
498 2538 621 2566 sacrata
636 2534 703 2574 tuo]
726 2534 837 2565 Urbes
855 2544 922 2565 om-

217 2594 276 2616 nes
304 2591 447 2615 sacratae
476 2585 626 2617 adventu
653 2585 809 2625 Honorii,
829 2586 922 2616 velut

218 2636 393 2677 cujusdam
426 2637 600 2667 Numinis:
640 2642 674 2667 et
702 2637 794 2678 qnasi
823 2636 923 2667 urbes

218 2686 341 2718 fierent
357 2687 501 2718 totidem
520 2689 659 2728 templa,
680 2688 714 2719 in
732 2689 853 2729 quibus
870 2698 924 2719 ne-

219 2746 273 2767 mo
288 2747 354 2768 nou
370 2738 562 2769 Houorinm
579 2739 681 2769 colat.

263 2787 384 2818 Adorat
401 2788 575 2830 Eridanus]
598 2788 641 2820 Id
655 2788 820 2822 familiare
836 2788 925 2821 Poe'-

974 1732 1046 1753 rum
1064 1731 1123 1752 rex
1139 1720 1327 1752 Eridanus?

1017 1782 1078 1811 124
1121 1779 1352 1810 Phaethonteas
1382 1776 1504 1815 minas]
1542 1776 1682 1808 Ruinas

973 1831 1213 1868 Phaethontis,
1241 1830 1299 1870 qui
1326 1839 1403 1860 eum
1429 1829 1517 1858 male
1544 1831 1684 1869 regeret

974 1891 1106 1912 currum
1124 1881 1225 1918 Solis,
1244 1890 1263 1910 a
1277 1880 1376 1919 Jove,
1391 1879 1505 1909 Terrae
1524 1878 1683 1918 precibus

974 1932 1100 1970 evicto,
1116 1932 1150 1962 in
1167 1931 1300 1961 Padum
1315 1929 1464 1961 fulminis
1481 1930 1553 1962 ictu
1570 1928 1683 1969 dejec-

976 1988 1029 2014 tus
1047 1988 1110 2014 est.

1012 2036 1072 2064 125
1090 2034 1256 2064 Frondosoe
1268 2032 1401 2072 sorores]
1418 2033 1559 2063 Sorores
1575 2030 1686 2062 Phae·-

975 2083 1103 2115 thomis
1130 2085 1177 2115 ita
1213 2093 1328 2114 casnm
1357 2084 1428 2123 ejus
1458 2081 1686 2122 defleverunt,

976 2138 1013 2164 ut
1037 2134 1070 2164 in
1096 2135 1190 2165 alnos
1214 2138 1352 2165 niutatae
1371 2134 1450 2173 sint,
1465 2133 1573 2164 autin
1589 2133 1684 2164 arbo-

977 2194 1043 2222 res,
1059 2184 1148 2214 unde
1165 2184 1271 2214 stillat
1287 2185 1465 2221 electrum,
1489 2192 1550 2213 seu
1575 2182 1685 2213 succi-

976 2243 1075 2271 num3
1101 2233 1190 2273 quod
1207 2234 1385 2273 appellant
1406 2233 1557 2272 lacrymas
1574 2231 1684 2263 Helia-

976 2284 1059 2321 dum,
1076 2293 1152 2313 nani
1173 2283 1332 2320 Heliades,
1357 2282 1416 2312 ἀπὸ
1439 2281 1538 2322 ἡλίου,
1562 2293 1580 2312 α
1603 2283 1686 2321 Sole,

978 2333 1138 2364 dicuntur
1154 2343 1286 2364 sorores
1306 2333 1532 2364 Phaethontis
1547 2344 1555 2372 ς
1582 2332 1684 2364 Phae*-

977 2385 1082 2421 tlmsa,
1098 2384 1273 2424 Lampetie,
1290 2390 1324 2415 et
1341 2384 1540 2424 Lampetusa.

1020 2434 1194 2474 Revocavit]
1223 2435 1391 2466 Cohibent
1407 2436 1537 2465 electra
1553 2433 1684 2464 stillare

976 2486 1144 2527 parantia,
1161 2490 1198 2516 ut
1224 2485 1359 2516 facilius
1383 2485 1549 2516 mirentur
1566 2484 1684 2515 Houo-

977 2537 1075 2568 rium.

1020 2588 1148 2618 Electra
1164 2586 1298 2627 roscida]
1316 2586 1492 2617 Mauantia
1509 2592 1544 2617 et
1560 2585 1682 2617 sudan-

978 2639 1026 2669 tia
1042 2638 1148 2669 instar
1165 2639 1257 2668 roris.

1023 2691 1085 2719 1:26
1110 2688 1260 2728 Sprrcere
1269 2686 1432 2727 pudorem]
1457 2687 1602 2726 Matres,
1613 2686 1685 2717 vel-

977 2744 1015 2771 ut
1031 2745 1148 2780 spreto
1161 2739 1305 2780 pudore,
1319 2738 1492 2769 turmatim
1504 2738 1684 2768 evolarunt

977 2790 1096 2823 mixtae
1119 2788 1407 2830 adolescentibus,
1432 2787 1546 2821 studio
1567 2787 1685 2819 viden-
