1857 3177
425 607 1235 689 CONsPECTUS

219 810 525 858 EORUM
577 807 759 864 QUAE
806 805 964 853 HAC
1012 802 1437 852 EDITIONE

591 962 1059 1005 CONTINENTUR
1069 994 1078 1003 .

1483 1299 1557 1339 Pag

106 1349 387 1407 Gumfflmu
430 1364 668 1418 Pyrrhonis
710 1363 914 1417 Epistola
955 1362 1246 1403 Serenissimo
1288 1360 1397 1402 Del-

216 1433 353 1486 phino
586 1462 595 1470 .
787 1460 796 1469 .
987 1460 996 1469 .
1203 1459 1212 1467 .
1388 1457 1397 1467 .
1541 1426 1568 1466 1

106 1500 425 1553 prolegomena
452 1499 497 1539 in
529 1498 597 1540 Cl.
618 1497 932 1547 Claudianum,
962 1498 1005 1538 in
1027 1498 1187 1550 quibus
1219 1496 1272 1536 de
1301 1494 1398 1548 ejus

214 1569 322 1618 vita,
346 1569 585 1609 carminum
607 1567 853 1619 generibus,
877 1578 1031 1619 eoque,
1056 1563 1162 1617 quid
1187 1564 1230 1605 in
1250 1563 1397 1615 singu-

215 1636 270 1676 lis
291 1636 540 1689 praestitum
563 1635 634 1684 sit,
668 1634 721 1675 de
752 1633 972 1674 scribendi
1006 1645 1162 1684 genere
1189 1631 1398 1671 universo

216 1716 303 1756 quo
324 1716 432 1744 usus
452 1708 534 1752 est,
569 1708 615 1743 et
641 1702 693 1742 dc
715 1702 820 1743 fatis
844 1715 943 1755 quae
965 1704 1101 1741 nacta
1123 1703 1222 1740 sunt
1241 1696 1398 1739 carmi-

215 1784 287 1821 na,
310 1771 573 1825 disputatur,
594 1783 621 1810 a
641 1769 698 1811 G.
724 1770 774 1810 L.
800 1769 967 1821 Koenig
1141 1796 1149 1806 .
1386 1796 1396 1805 .
1542 1763 1570 1804 5

103 1837 378 1880 Testimonia
399 1839 452 1879 de
475 1838 542 1879 Cl.
564 1838 817 1879 Claudiano
1053 1864 1062 1872 .
1213 1863 1222 1872 .
1388 1861 1397 1870 .
1514 1830 1571 1871 52

107 1916 137 1946 1.
171 1905 224 1947 In
250 1906 358 1947 Sex.
391 1906 543 1947 Anicii
576 1906 763 1946 Probini
785 1908 827 1945 et
849 1904 955 1944 Sex.
976 1901 1127 1943 Anicii
1150 1900 1400 1952 Hermoge-

215 1974 337 2015 niani
359 1973 529 2028 Olybrii
552 1974 753 2014 Fratrum
776 1971 1065 2013 Consulatum
1087 1960 1334 2022 Panegyris
1388 1996 1398 2005 .
1514 1964 1570 2005 61

150 2040 241 2080 .In
265 2040 477 2081 Rufinum
498 2041 598 2082 Lib.
621 2052 654 2082 1.
674 2039 891 2080 Praefatio
1142 2067 1151 2075 .
1387 2062 1396 2071 ·
1514 2031 1571 2072 89

107 2117 179 2147 111.
212 2105 265 2146 In
288 2105 497 2145 Rufinum
524 2107 624 2146 Lib.
649 2118 678 2146 1.
1043 2133 1051 2141 .
1228 2130 1238 2141 .
1388 2131 1396 2139 .
1513 2098 1571 2139 92

161 2173 258 2214 .In
280 2173 490 2213 Rufinum
510 2171 610 2212 Lib
633 2183 686 2213 11.
706 2170 922 2213 Praefatio
1158 2197 1167 2207 .
1389 2195 1398 2205 .
1486 2165 1572 2207 138

129 2185 237 2281 VIn
258 2239 468 2280 Rufinum
490 2238 589 2280 Lib.
611 2250 664 2280 11.
900 2267 910 2277 .
1143 2265 1154 2275 .
1390 2263 1398 2272 .
1487 2234 1572 2275 140

106 2318 170 2349 v1.
202 2306 418 2348 Praefatio
439 2308 484 2348 in
504 2305 768 2360 panegyrim
790 2304 846 2346 de
868 2302 997 2345 tertio
1029 2301 1274 2344 Consulatu
1297 2301 1398 2342 Ho-

215 2374 325 2416 norii
346 2373 536 2427 Augusti
775 2402 785 2411 .
1022 2400 1031 2409 .
1213 2399 1222 2408 .
1389 2397 1399 2406 .
1488 2369 1573 2410 197

107 2454 191 2483 vu.
225 2442 294 2483 De
314 2443 442 2483 tertio
464 2441 704 2483 Consulatu
727 2439 915 2481 Honorii
933 2438 1130 2492 Augusti
1151 2437 1396 2491 Panegyris
1486 2436 1572 2477 200

108 2521 132 2548 x
143 2520 215 2550 111.
248 2510 317 2550 De
344 2513 499 2564 quarto
526 2509 771 2551 Consulatu
804 2507 997 2549 Honorii
1029 2505 1226 2559 Augusti
1255 2504 1399 2545 Pane-

221 2576 338 2631 gyris
1384 2601 1394 2610 .
1484 2568 1571 2610 225

108 2643 525 2697 1x.Epithalamii
513 2657 558 2684 m
575 2644 777 2698 Nuptias
799 2643 992 2685 Honorii
1013 2640 1206 2695 Augusti
1224 2643 1268 2680 et
1300 2637 1398 2680 Ma-

217 2711 296 2751 riae
319 2711 531 2753 Praefatio
657 2741 666 2752 .
901 2741 910 2751 .
1147 2740 1154 2747 .
1386 2735 1394 2745 .
1481 2705 1569 2747 302
