1852 3193
218 192 303 234 334
738 205 813 234 CL.
848 201 1128 233 CLAUDIAM
1164 202 1214 233 x.

217 297 382 339 Vultus
404 300 529 339 erat?
553 311 638 339 non
659 299 782 338 labra
800 310 929 348 rosae,
950 310 1038 338 non
1060 298 1174 339 colla
1196 299 1377 351 pruinae,
1598 297 1686 339 265

219 365 325 406 Non
348 368 492 407 crines
515 371 689 419 aequant
709 365 857 415 violae,
879 378 964 405 non
985 365 1148 406 lumina
1168 366 1372 406 flammae.

221 433 368 483 Quam
385 434 540 487 juncto
563 433 716 472 leviter
738 445 836 472 sese
856 431 1110 472 discrimine
1133 433 1306 473 confert

220 501 390 542 Umbra
412 500 664 553 supercilii!
700 500 856 541 miscet
878 512 1007 553 quam
1027 499 1151 553 justa
1170 500 1370 540 ruborem

219 568 502 620 Temperies!
544 567 680 607 nimio
703 581 787 608 nec
810 567 1020 619 sanguine
1045 567 1213 608 candor
1235 566 1445 608 abundat.

221 633 405 675 Aurorae
429 634 573 675 vincis
597 634 774 686 digitos,
797 634 1091 687 humerosque
1123 635 1302 676 Dianae.
1604 633 1689 674 270

222 701 378 755 Ipsam
391 702 485 755 jam
505 714 687 756 superas
709 706 904 742 matrem.
966 701 1013 742 Si
1036 702 1240 743 Bacchus
1265 705 1432 743 amator

225 769 379 811 Dotali
400 771 544 824 potuit
567 769 729 811 coelum
751 770 921 822 signare
944 769 1137 820 Corona,

227 837 315 879 Cur
336 838 470 878 nullis
493 839 612 890 virgo
633 837 859 878 redimitur
880 837 1102 890 pulchrior
1119 838 1250 878 astris
1268 839 1286 877 ’.Ρ

224 904 253 945 J
259 918 328 945 am
349 906 429 945 tibi
450 905 626 945 molitur
648 904 875 945 stellantia
896 908 1008 945 serta
1030 904 1214 953 Bootes,

225 972 363 1025 Inque
386 971 525 1012 decus
548 971 707 1012 Mariae
724 971 817 1024 jam
839 970 985 1010 sidera
1002 971 1190 1022 parturit
1213 970 1359 1011 aether.
1607 969 1694 1010 275

221 1091 289 1121 (μα’
297 1080 399 1118 facies
413 1080 539 1118 dignior
561 1077 688 1116 Regia?
716 1088 793 1108 rosoe
818 1088 878 1109 non
893 1080 1057 1118 adoequant
1073 1078 1172 1118 labra,
1201 1089 1260 1109 non
1278 1079 1365 1109 nives
1387 1079 1508 1118 collum,
1524 1088 1584 1109 non
1603 1078 1691 1110 violae

222 1123 357 1163 capillos,
375 1132 434 1152 non
449 1122 534 1161 ignis
549 1124 659 1152 oculos.
709 1120 825 1151 Umbra
839 1122 996 1160 supercilii
1024 1131 1115 1161 quam
1141 1121 1250 1152 leniter
1274 1122 1419 1162 producit
1432 1131 1497 1152 sese
1512 1120 1695 1161 differentia

221 1166 382 1203 conjuncta
393 1164 406 1195 !
421 1175 512 1204 quam
527 1165 656 1205 oeqzmlis
670 1164 833 1204 temperies
847 1163 985 1204 [ffmdit
1001 1165 1144 1195 ruborem
1157 1164 1171 1195 ,Ι
1187 1174 1281 1204 neque
1294 1165 1407 1195 candor
1422 1164 1521 1206 affluit
1544 1163 1696 1203 sanguine

222 1207 339 1239 nimio!
353 1217 480 1248 superas
500 1208 619 1247 digitos
634 1208 777 1246 Auroroe,
794 1208 941 1237 cervicem
959 1207 1091 1238 Dianae.
1135 1208 1211 1238 dam
1236 1208 1335 1238 vincis
1350 1210 1481 1238 matrem
1497 1207 1608 1247 ipsam.
1655 1205 1695 1237 Si

223 1251 368 1282 Bacchus
398 1261 505 1281 amans
524 1253 628 1290 potuit
652 1251 757 1281 coelum
783 1250 936 1287 insignire
964 1260 1074 1281 corona
1101 1250 1270 1289 conjugali,
1296 1260 1390 1290 quare
1403 1251 1504 1291 puella
1524 1249 1695 1288 formosior·

225 1294 377 1325 Ariadne
395 1293 490 1325 nullis
504 1298 634 1325 ornatur
645 1291 824 1325 sideribus?
841 1292 907 1331 jam
924 1293 1040 1323 Bootes
1051 1295 1213 1333 praeparat
1231 1293 1290 1324 tibi
1302 1297 1386 1324 serta
1401 1294 1534 1333 siderea,
1546 1295 1575 1324 et
1591 1292 1699 1323 coelum

845 1373 1083 1383 eeeeeeeeeeee

226 1426 352 1465 dignior
369 1427 453 1458 Exc.
470 1428 615 1458 Lucens.
640 1429 814 1458 δρα-265
839 1426 900 1457 erit
930 1426 1035 1457 Gesn.
1060 1426 1115 1457 ed.
1140 1426 1280 1467 Bipont.
1299 1429 1335 1458 et
1358 1427 1400 1458 al.
1430 1429 1496 1457 erat
1512 1425 1588 1457 Pal.
1604 1424 1699 1457 Med.

226 1479 277 1509 pr.
292 1469 421 1501 Thuan.
440 1470 669 1501 Heius.—266
691 1473 810 1509 sequent
834 1469 930 1500 malit
956 1469 1183 1501 Heius—267
1208 1469 1317 1500 leviter
1342 1469 1443 1500 vincto
1472 1469 1554 1500 Put.
1591 1468 1702 1498 leviter

227 1512 281 1542 vel
293 1512 413 1552 pariter
429 1513 513 1553 Reg.
528 1513 640 1545 Oxou.
659 1523 709 1553 pr.
727 1513 837 1551 juncto
855 1511 950 1543 Leid.
969 1522 1019 1552 pr.
1037 1517 1072 1543 et
1088 1512 1266 1543 duodecim
1297 1513 1366 1552 alii,
1397 1517 1433 1543 et
1458 1512 1542 1543 Exc.
1569 1511 1701 1542 Schott.

220 1554 328 1592 juncta·
345 1560 476 1595 septem
505 1556 575 1594 alii,
602 1557 685 1586 Var.
705 1557 773 1586 LL.
792 1565 810 1586 e
827 1565 933 1595 marg.
952 1555 1066 1585 Pan-m.
1098 1556 1198 1586 vincto
1224 1556 1310 1586 Exc.
1334 1556 1432 1587 Laeti.
1448 1555 1563 1586 Vicet.
1586 1554 1702 1585 Parm.

231 1596 310 1628 Ald.
346 1598 427 1628 victo
458 1599 551 1629 Med.
583 1603 695 1638 quart.
727 1599 795 1628 inc.
821 1598 943 1628 Heius.
974 1599 1072 1628 vincti
1089 1598 1174 1629 Cod.
1197 1598 1312 1629 Ursin.
1330 1599 1415 1630 Exc.
1433 1599 1579 1629 Lucens.
1598 1606 1650 1636 pr.
1666 1601 1703 1627 et

231 1640 286 1670 ed.
298 1639 412 1671 Vicet.
444 1640 548 1679 juncti
564 1641 618 1670 vel
633 1641 729 1671 vincti
746 1641 859 1671 Oxon.
878 1649 930 1680 pr.
953 1639 1064 1677 juncto
1078 1640 1244 1678 veljuncti
1259 1640 1365 1670 Oisel.
1396 1640 1471 1679 Jugi
1489 1641 1615 1670 Moret.
1632 1647 1703 1670 sec.

230 1681 341 1723 differt
372 1682 560 1714 Pan—268
583 1683 725 1713 ruborem
755 1683 838 1714 Jun.
866 1692 918 1721 pr.
948 1681 1028 1712 Ald.
1058 1684 1207 1722 pudorem
1236 1683 1290 1713 vel
1320 1682 1462 1712 ruborem
1491 1682 1571 1712 Vat.
1596 1691 1649 1721 pr.
1667 1685 1704 1712 et

231 1730 344 1765 quart.
371 1725 513 1756 ruborem
528 1736 568 1756 ex
578 1727 693 1765 pudore
712 1726 963 1764 interpretatur
974 1725 1055 1755 Vat.
1071 1728 1292 1765 quarn—269
1316 1725 1475 1755 abundans
1491 1725 1557 1755 inc.
1580 1724 1702 1755 Heius.

231 1767 354 1798 Petav.
386 1771 564 1799 δρα-’270
587 1768 705 1806 digitos
727 1768 825 1798 vincis
850 1768 1051 1798 Pric.--271
1076 1768 1151 1797 ιῙωη
1166 1777 1293 1807 superas
1308 1767 1408 1807 ipsam
1424 1771 1556 1798 matrem
1571 1767 1704 1799 Mazar.

229 1811 283 1840 sed
309 1811 452 1841 Bacchus
482 1811 565 1842 Cod.
592 1811 710 1850 Epigr.
738 1809 856 1840 Ambr.
891 1810 920 1840 si
937 1810 989 1839 vel
1006 1810 1051 1839 sic
1065 1811 1144 1840 Vat.
1163 1820 1214 1849 pr.
1249 1810 1393 1840 Bacchus
1419 1820 1564 1849 amorque
1589 1809 1705 1842 Oxou.

232 1862 301 1883 sec.
328 1863 371 1883 m.
401 1855 562 1892 piu—272
598 1854 712 1883 donare
742 1852 837 1883 Med.
870 1861 936 1882 sec.
966 1851 1089 1882 Petav.
1122 1856 1201 1883 tert.
1233 1853 1358 1882 Moret.
1386 1862 1438 1892 pr.
1473 1853 1575 1883 ditare
1606 1851 1704 1885 Med.

234 1899 314 1926 tert.
357 1895 472 1928 Ursin.
515 1895 598 1926 Cod.
640 1896 724 1935 Reg.
767 1895 900 1925 Tholos.
942 1894 1008 1925 duo
1051 1895 1164 1926 Oxou.
1207 1895 1345 1926 Movet..
1374 1904 1442 1926 sec.
1472 1894 1592 1925 Ambr.
1622 1899 1706 1928 tert.

233 1937 317 1968 Cod.
365 1938 483 1978 Epigr.
510 1937 630 1968 Ambr.
659 1939 743 1969 Exc.
773 1938 916 1968 Gevart.
950 1938 1029 1967 Var.
1064 1938 1132 1968 LL.
1163 1947 1180 1968 e
1210 1948 1318 1978 marg.
1360 1937 1476 1968 Parm.
1509 1937 1561 1968 ed.
1589 1937 1706 1970 Vicet.

232 1980 359 2019 signare
374 1981 440 2011 inc.
460 1981 579 2011 Heius.
598 1981 685 2012 Exc.
705 1981 803 2011 Laeti.
822 1985 855 2010 et
868 1981 1014 2011 Lucens.
1033 1990 1083 2020 pr.
1114 1981 1228 2011 ‹Ionare
1242 1980 1435 2020 velsignare
1447 1981 1526 2012 Vat.
1540 1984 1622 2011 tert.
1640 1980 1708 2020 sig-

236 2033 312 2053 nare
332 2024 384 2054 vel
402 2024 549 2054 redimire
563 2024 643 2054 Vat.
676 2028 785 2063 quart.
809 2023 939 2062 dignare
956 2023 1009 2053 vel
1031 2024 1159 2061 signare
1176 2024 1298 2055 Petav.
1312 2033 1379 2055 sec.
1392 2023 1495 2054 ditare
1512 2024 1565 2054 vel
1581 2023 1708 2062 signare

236 2067 317 2097 Lov.
341 2066 466 2105 signare
493 2067 546 2097 vel
575 2067 694 2105 signire
709 2067 789 2097 Vat.
809 2076 859 2106 pr.
877 2066 966 2096 uude
981 2066 1133 2104 insignire
1150 2066 1241 2107 conj.
1268 2066 1492 2097 Heius—273
1519 2068 1600 2097 Cum
1614 2066 1708 2097 nullis

236 2109 367 2139 Mazar.
398 2109 518 2140 Petav.
543 2114 622 2140 tert.
648 2109 729 2140 Var.
755 2109 824 2140 LL.
843 2108 895 2139 ed.
913 2108 1017 2139 Antv.
1042 2109 1148 2139 rutilis
1178 2109 1291 2140 Oxon.
1317 2119 1384 2140 sec.
1409 2119 1452 2140 m.
1479 2119 1530 2150 pr.
1571 2109 1636 2140 Cur
1652 2109 1707 2139 vel

242 2152 322 2181 Cum
352 2151 432 2181 Vat.
461 2154 619 2191 pru—274
641 2152 735 2190 signa
750 2153 830 2183 Vat.
847 2152 1063 2192 quirin—“275
1087 2152 1222 2193 Jamque
1237 2153 1328 2183 decus
1345 2151 1464 2184 Ambr.
1490 2161 1542 2193 pr.
1568 2155 1604 2182 et
1621 2150 1708 2183 Cod.

904 2236 1043 2267 NOTAE

285 2312 349 2340 266
377 2309 488 2350 Violoe]
507 2310 582 2340 Non
598 2314 734 2351 aeqnant
746 2310 857 2341 crines
871 2311 947 2342 sub·
1000 2311 1126 2343 habens.

243 2359 370 2400 nigros,
388 2364 422 2389 et
441 2360 539 2391 violis
553 2360 690 2391 similes.
1046 2362 1203 2393 Humeros
1218 2361 1348 2402 Dianae]
1361 2362 1538 2393 Cei-vicem
1551 2361 1708 2392 lacteam.

286 2412 348 2440 268
372 2409 554 2450 Superoilii]
582 2410 856 2450 Super-ciliasesc
872 2420 948 2449 pro·
1045 2414 1106 2442 271
1131 2412 1267 2452 Superas
1283 2412 1429 2451 matrem]
1464 2412 1646 2443 Pulchrior
1662 2421 1711 2453 es,

241 2461 385 2498 ducunt,
400 2470 474 2491 sese
492 2460 690 2499 conferunt,
702 2465 865 2500 separata
881 2471 900 2491 a
914 2470 948 2491 se
1005 2471 1104 2502 quam
1115 2461 1179 2492 fuit
1195 2467 1252 2492 tua
1266 2467 1385 2493 mater.

241 2511 387 2542 invicem
402 2512 545 2552 quodam
560 2512 765 2550 discrimine,
777 2511 864 2552 quod
880 2516 947 2542 tam
1045 2515 1108 2543 272
1135 2513 1271 2552 Corona]
1296 2512 1484 2543 Ariadnem
1509 2512 1634 2543 Minois
1649 2511 1712 2544 fili-

242 2562 318 2592 leve
333 2566 385 2592 est
403 2562 568 2602 utjuncta
585 2572 659 2592 esse
677 2562 867 2593 videantur.
1004 2572 1055 2593 am
1074 2563 1197 2593 amavit
1212 2564 1382 2602 Bacchus,
1395 2562 1533 2603 ejusque
1550 2572 1711 2594 coronam

285 2616 348 2644 269
375 2613 515 2653 Candor]
555 2613 609 2644 Ita
644 2619 852 2653 temperatus
884 2618 948 2652 est,
1004 2614 1092 2643 inter
1105 2617 1198 2642 astra
1214 2612 1342 2643 retulit.

243 2663 320 2694 huic
338 2668 374 2693 ut
388 2664 508 2694 nimius
527 2665 662 2703 sanguis
680 2674 746 2694 non
763 2663 904 2694 officiat.
1048 2665 1110 2694 274
1131 2661 1261 2702 Bootes]
1299 2662 1412 2703 Supra
1449 2661 1484 2693 in
1515 2670 1571 2693 111.
1612 2661 1710 2694 Cous.

287 2716 350 2743 270
375 2714 520 2753 Digitus]
557 2714 708 2744 Roseos:
741 2714 876 2744 Aurora
904 2713 952 2743 di·
1007 2714 1099 2746 Hon.
1114 2723 1164 2745 vs.
1181 2715 1253 2745 170.

246 2762 336 2793 citur
351 2762 585 2805 ῥοδοδάκτυλος,
598 2763 632 2799 id
643 2768 705 2803 est,
720 2763 837 2803 digitos
852 2772 952 2794 roseos
