1857 3177
552 217 616 246 nu
650 215 722 245 111.
755 214 892 244 coss.
928 213 1110 243 noNOR.
1475 203 1558 244 209

101 313 246 355 Ardor
268 313 390 353 erat?
424 316 585 365 quanto
609 311 849 363 flagrabant
870 312 1050 362 pectora
1070 310 1189 355 vom,

102 381 294 434 Optatas
316 379 464 420 audire
483 380 626 427 tubas,
649 379 883 431 campique
906 380 1086 418 cruenta
1505 374 1562 414 75

100 448 385 501 Tempestate
406 447 504 494 frui,
528 448 776 498 truncisque
800 446 1046 496 immergere
1066 442 1240 496 plantas
1255 441 1273 478 T

102 515 165 556 Ut
185 515 291 563 Leo,
315 528 443 568 quom
464 515 596 554 fulvae
619 514 768 553 matris
791 512 998 564 spelunca
1019 510 1194 562 tegebat

101 582 325 623 Uberibus
347 583 521 622 solitum
543 583 684 635 pasci,
708 593 807 620 cum
828 591 1021 619 crescere
1044 577 1179 617 sensit

104 650 258 702 Ungue
281 650 430 702 pedes,
453 654 493 689 ot
514 654 633 696 terga
659 648 796 701 jubis,
818 649 859 685 et
879 644 1082 684 dentibus
1105 655 1205 693 ora3

99 717 203 758 Jam
224 722 351 770 negat
370 717 565 757 imbelles
585 715 755 768 opulas,
778 717 822 752 et
840 723 948 764 rupe
970 710 1125 750 relicta
1512 706 1566 746 80

102 784 284 825 Gaetulo
306 797 454 823 comos
475 784 534 822 ire
555 782 682 834 patri,
705 779 978 830 stabulisque
999 776 1155 816 minari

104 852 300 899 [Estuat‚
323 854 365 891 et
386 850 494 890 celsi
515 848 622 888 tabo
645 845 818 886 sordere
844 844 1037 898 juvenci.

101 917 183 960 Ille
204 920 338 966 vetat,
359 928 590 969 reriunque
611 914 690 954 tibi
712 911 992 953 commendat
1012 911 1222 960 habenas,

100 984 156 1026 Et
175 997 301 1026 sacro
321 984 497 1024 meritos
518 985 641 1023 ornat
662 981 908 1021 diademato
930 980 1084 1020 crines.

103 1117 256 1190 patrem?
279 1117 364 1156 quali
377 1116 528 1146 desiderio
543 1124 594 1144 cor·
611 1118 705 1144 tunm
721 1113 849 1143 ardebat
874 1112 983 1143 audire
1008 1112 1151 1142 buccinas
1167 1111 1333 1151 e.1·1›ctitu8‚
1348 1114 1378 1140 et
1392 1109 1488 1149 potiri
1504 1112 1570 1139 tm·-

124 1161 173 1190 ine
188 1160 423 1198 sanguinolento
442 1159 585 1188 telorum
606 1157 733 1195 Martis,
759 1160 787 1186 et
813 1157 902 1195 pedes
917 1157 1093 1193 demergere
1118 1155 1151 1184 in
1177 1153 1376 1194 corporibus
1392 1151 1571 1183 truncatis?

108 1203 372 1237 Quemadmodum
388 1201 461 1239 Leo,
486 1210 573 1240 quem
589 1203 712 1230 anirum
726 1200 836 1228 nmtrz's
849 1198 947 1237 flatze
963 1197 1089 1234 fovebat
1105 1200 1280 1227 consuetum
1295 1195 1413 1226 nutriri
1429 1194 1571 1224 inanimis

106 1245 190 1285 ejus,
202 1255 269 1276 cum
285 1244 507 1274 animadvertit
521 1243 613 1282 pedes
629 1251 706 1272 suos
722 1241 832 1279 augeri
856 1240 1019 1278 unguibus,
1046 1243 1075 1269 et
1102 1243 1192 1277 terga
1215 1239 1309 1277 fillis,
1325 1241 1353 1268 et
1369 1248 1401 1267 os
1416 1236 1571 1275 dentibus,

97 1286 166 1324 jum
182 1290 300 1317 recusat
318 1295 401 1316 escas
417 1286 543 1322 inertes,
568 1288 597 1314 et
619 1285 739 1314 deserto
755 1293 831 1312 saxo
851 1281 955 1319 ferret
974 1282 1112 1311 incedere
1127 1291 1224 1311 comes
1239 1280 1362 1319 parenti
1381 1280 1518 1316 Gaetulo,
1535 1289 1570 1308 ac

97 1329 271 1366 formidari
286 1328 328 1358 ab
344 1327 557 1363 armcntis,ac
573 1325 693 1362 soeclari
720 1334 826 1355 cruore
853 1323 937 1353 tauri
964 1323 1114 1362 ingentis.
1161 1323 1218 1352 Ille
1245 1327 1342 1362 pater
1365 1321 1521 1360 prohibet,
1537 1330 1572 1349 ac

106 1371 206 1402 tradit
231 1370 290 1401 tibi
317 1369 558 1409 gubernaculum
582 1368 703 1407 mundi,
738 1369 829 1405 atque
856 1366 985 1396 honorat
1010 1368 1100 1405 caput
1127 1368 1224 1395 tuum
1248 1365 1376 1403 dignum
1399 1363 1573 1393 diademate

718 1461 794 1473 ecee
800 1461 956 1473 “enee“

107 1535 193 1564 —76
208 1531 327 1564 truncis
340 1532 512 1570 inmergere
524 1529 590 1560 duo
602 1530 682 1560 Vat.
693 1528 818 1560 Petav.
833 1537 884 1568 pr.
897 1527 978 1559 item
991 1525 1132 1558 Mor-eti.
1144 1524 1305 1564 injungere.
1315 1524 1396 1554 Vat.
1410 1532 1460 1562 pr.
1473 1522 1574 1554 Fam.

106 1575 281 1614 inmingere
312 1575 390 1606 Pal.
421 1573 512 1604 uude
545 1572 708 1603 Heinsius
737 1571 894 1610 intingere
924 1569 1229 1610 conjiciebat—77
1268 1566 1392 1606 tegebat
1423 1565 1573 1596 sedecim

108 1617 241 1658 scripti,
258 1618 343 1649 Exc.
367 1618 512 1647 Lucens.
539 1625 608 1647 sec.
638 1614 691 1646 ed.
709 1614 823 1645 Vicet.
850 1613 971 1653 tepebat
995 1612 1221 1643 Tholos.——-7S
1243 1611 1352 1640 solitus
1368 1609 1448 1639 Vat.
1466 1608 1574 1648 quint.

107 1660 238 1691 Moret.
254 1669 307 1700 pr.
324 1670 392 1690 cum
408 1659 490 1689 Put.
516 1659 601 1699 Reg.
630 1658 761 1689 Mazar.
788 1662 858 1687 tres
883 1656 1005 1687 Petav.
1023 1658 1089 1686 tum
1106 1654 1214 1685 Oisel.
1240 1660 1431 1683 concrescere
1445 1651 1560 1681 Thoan

107 1704 204 1734 sentit
220 1702 316 1733 Prie.
331 1703 428 1733 Rott.
445 1701 540 1733 Med.
557 1710 625 1731 sec.
644 1701 724 1731 Lov.
740 1699 820 1732 Jun.
839 1708 890 1738 pr.
908 1699 1059 1729 Florent.
1077 1707 1122 1727 m.
1138 1699 1279 1736 piu—80
1295 1694 1387 1733 sugit
1405 1703 1464 1734 pro
1480 1695 1574 1731 negat

105 1745 175 1777 duo
199 1745 281 1776 Vat.
306 1745 435 1776 Moret.
462 1754 515 1784 pr.
540 1744 623 1775 item
655 1743 865 1774 Petam-82
889 1741 963 1772 celsi
989 1740 1059 1771 tabo
1086 1741 1208 1770 sordere
1235 1743 1304 1768 vet.
1321 1737 1407 1776 Gyr.
1424 1741 1459 1767 et
1488 1736 1575 1766 Exc.

110 1789 255 1823 Lucens,
274 1797 343 1819 sec.
366 1787 439 1819 ccesz'
461 1790 552 1826 terga
575 1786 735 1817 absorbere
758 1785 909 1825 quinque
926 1784 1007 1815 Vat.
1025 1783 1100 1813 Pal.
1118 1782 1218 1812 Farn.
1237 1781 1330 1810 Prie.
1349 1780 1446 1810 Rott.
1465 1777 1573 1810 Oisei.

108 1830 267 1862 obsorbere
282 1831 366 1871 Reg.
385 1839 429 1860 m.
447 1839 513 1860 sec.
528 1829 609 1859 Var.
628 1829 696 1859 LL.
722 1827 775 1858 ed.
794 1826 900 1858 Antv.
928 1826 1036 1857 celeris
1052 1829 1141 1861 terga
1157 1822 1314 1854 absorbere
1329 1822 1410 1854 Jun.
1434 1830 1487 1861 pr.
1503 1820 1575 1851 celsi

110 1873 231 1906 Petav.
246 1883 298 1915 pr.
314 1873 387 1904 caesi
402 1872 457 1903 vel
482 1872 554 1903 celsi
570 1872 636 1902 duo
654 1871 736 1902 Vat.
763 1875 797 1901 et
823 1869 929 1901 Oisel.
957 1877 1019 1909 pro
1036 1867 1117 1898 Var.
1147 1867 1332 1897 Lect.—-83
1356 1867 1449 1903 negat
1477 1862 1572 1894 Med.

772 1977 918 2009 NOTAE

111 2056 236 2098 piditas
248 2060 322 2086 erat
336 2054 508 2085 Honorio?
533 2054 599 2085 Hic
612 2058 682 2084 tum
696 2062 816 2083 novem
916 2055 954 2082 Sl
981 2051 1061 2082 Tabo
1077 2048 1213 2088 sordere]
1237 2046 1347 2078 Ardet
1364 2054 1486 2086 parvus
1503 2046 1574 2077 Leo

110 2115 215 2137 annos
231 2108 331 2136 natus
352 2109 439 2143 erat,
456 2113 533 2135 cum
558 2103 767 2133 Theodosius
783 2103 817 2132 iu
873 2106 1021 2133 mactare
1052 2104 1183 2131 taurum
1220 2098 1407 2136 ingentem,
1438 2100 1472 2125 et
1504 2095 1575 2134 ejus

112 2155 303 2196 Eugenium
332 2163 424 2185 arma
450 2153 635 2192 convertit,
656 2158 689 2183 et
708 2153 817 2192 ipsum
873 2152 1035 2191 sanguine
1052 2150 1261 2181 sordescere.

111 2206 330 2246 Arbogasten
357 2214 397 2235 eo
422 2203 671 2244 desperationis
691 2201 819 2242 adegit,
917 2205 957 2233 83
992 2201 1064 2240 Ille]
1099 2201 1204 2230 Pater
1226 2197 1438 2228 Theodosius
1468 2200 1576 2236 vetat,

111 2262 151 2289 ut
173 2257 239 2288 sibi
255 2261 398 2287 mortem
413 2254 565 2286 afferret.
873 2262 915 2282 ne
932 2251 1019 2282 filius
1039 2249 1208 2281 Honorius
1225 2257 1259 2277 se
1273 2252 1433 2287 sequatur
1450 2246 1490 2277 ad
1510 2246 1577 2277 bel-

154 2311 197 2339 ⁷6
223 2307 417 2347 Tempestate
436 2306 523 2347 frui]
552 2304 733 2336 Delectari
759 2304 818 2334 im·
873 2302 917 2341 la,
945 2310 1088 2341 eumque
1117 2298 1290 2339 relinquit,
1316 2301 1351 2327 ut
1379 2296 1520 2327 absente
1538 2305 1574 2326 se

111 2358 281 2390 mittenda
298 2357 461 2398 grandine
488 2366 527 2387 ac
543 2359 751 2396 tempestate
769 2358 817 2384 te·
872 2357 969 2393 regat
991 2350 1189 2391 Imperium.

112 2409 233 2447 lorum,
250 2409 283 2438 in
301 2417 443 2448 campo:
470 2406 598 2437 dicitur
625 2405 753 2446 optime
772 2409 819 2435 te·
916 2400 1082 2440 Hebenus]
1120 2399 1319 2439 Imperium,
1350 2396 1439 2437 quod
1476 2401 1575 2436 regat

110 2458 222 2490 lorum
239 2468 346 2498 seges,
371 2457 511 2497 grando,
538 2460 736 2497 tempestas,
753 2454 817 2486 fer·
874 2453 1061 2491 Honorius,
1078 2455 1114 2482 ut
1132 2459 1248 2490 eques,
1263 2457 1398 2488 equum.
1428 2446 1576 2477 Habena

113 2517 191 2540 reus
205 2509 335 2547 horror,
350 2510 416 2539 ὰς.
873 2504 999 2534 dicitur
1016 2502 1059 2533 de
1075 2510 1174 2543 eque,
1189 2500 1231 2531 de
1249 2499 1340 2537 navi,
1362 2498 1404 2528 de
1421 2497 1577 2537 imperio,

157 2561 199 2590 80
222 2559 364 2590 Imbelles
389 2557 509 2597 epulas]
532 2558 625 2590 Quas
646 2556 734 2587 bello
751 2565 817 2586 non
873 2557 936 2586 ἃς.

116 2609 290 2643 meruerit.
918 2608 958 2637 84
982 2601 1150 2642 Diadema]
1180 2599 1255 2631 Ἀπὸ
1281 2599 1336 2629 τοῦ
1361 2599 1433 2636 δεῖν,
1455 2597 1571 2636 ligare.-

160 2659 199 2688 81
225 2658 364 2699 Goetulo]
385 2658 537 2689 Gaetulia
548 2658 644 2699 regio
660 2661 713 2688 est
731 2656 820 2687 Afri-
873 2660 926 2686 est
949 2654 1055 2686 fascia
1081 2652 1236 2691 candida,
1253 2659 1320 2691 qua
1347 2649 1459 2688 Reges
1483 2646 1576 2678 fron-

118 2716 180 2746 cae,
208 2706 378 2739 Leonibus
407 2708 557 2741 famosa:
597 2709 655 2750 qui
687 2709 818 2740 Leones
874 2710 942 2738 tem
959 2705 1139 2737 ornabant.

116 2756 201 2788 fulvi
216 2757 339 2798 saepius
355 2759 526 2791 dicuntur.

202 2810 325 2851 Delph.
341 2813 372 2842 et
391 2811 466 2843 Var.
480 2812 564 2845 Clas.
796 2811 906 2842 Claud.
1456 2803 1487 2835 0
