1842 3193
262 206 320 248 20
806 214 1183 247 PRoLEGOMENA

265 315 361 355 erat
382 311 596 355 orationis
608 312 820 361 varietas,
840 312 988 352 omnia
1002 311 1072 350 vel
1088 310 1132 349 in
1156 320 1329 349 summa
1345 319 1491 348 rerum
1511 307 1726 368 tenuitate

264 382 497 435 splendida
529 385 654 422 erant
690 385 736 421 et
770 378 1029 431 magnifica3
1060 379 1105 417 in
1126 377 1267 416 altero
1301 375 1486 416 lascivia
1501 375 1726 417 interdum

265 456 468 508 gravitati
508 455 696 495 admista
730 457 811 502 est,
849 456 891 492 et
924 451 1118 503 dignitas
1149 450 1341 490 subinde
1364 452 1410 491 in
1434 451 1728 504 petulantiam

265 524 375 573 abit,
398 523 589 575 indeque
620 534 759 561 sermo
792 518 924 560 modo
961 518 1176 558 cothurno
1206 518 1382 568 incedit,
1413 518 1545 558 modo
1579 517 1728 558 soccis

264 591 524 631 inambulat.
587 589 638 629 Iu
659 589 745 629 hoc
770 588 999 628 Furiarum
1022 591 1065 627 et
1087 587 1293 627 Bellonae
1316 587 1530 627 instinctu
1553 591 1597 625 et
1617 596 1729 626 aux-

265 659 342 699 ilio
364 658 580 712 pleraque
601 657 739 706 fiunt3
772 657 816 696 in
848 656 924 696 illo
956 668 1229 708 magnopere
1260 658 1358 695 erat
1380 653 1644 701 cavendum,
1674 664 1729 691 ne

266 725 466 767 Deorum
497 727 747 766 interventu
779 727 820 764 et
849 737 933 777 ope
956 724 1106 775 glorize
1129 723 1244 777 ejus,
1267 735 1399 778 quem
1421 721 1638 770 laudaret,
1657 719 1732 759 de-

265 793 523 835 traheretur.
584 792 787 834 Ceterum
820 793 866 832 in
890 791 1183 844 vituperando
1221 791 1410 831 eandem
1434 791 1552 830 viam
1588 789 1733 841 ingre-

267 860 397 910 ditur,
422 873 555 913 quam
590 860 636 899 in
669 859 917 909 laudando3
951 863 1092 900 totam
1134 858 1301 898 inimici
1338 859 1475 898 vitam
1507 857 1731 910 percurrit,

269 929 504 981 omniaque
538 928 595 968 ad
625 928 788 975 odium,
812 927 1039 976 invidiam,
1079 927 1308 967 infamiam
1330 924 1619 966 excitandam
1639 923 1734 964 ido-

265 1008 351 1035 nea
370 1000 576 1047 occupat,
599 1000 646 1034 et
680 995 920 1047 carpendo,
943 994 1143 1043 ridendo,
1182 992 1491 1034 calumniando
1523 991 1595 1032 vel
1630 1003 1735 1031 vera

266 1063 336 1102 vel
355 1062 461 1102 ficta
480 1062 596 1102 omni
618 1063 851 1101 verborum
872 1062 1144 1114 turpitudine
1164 1061 1382 1112 exagitat.
1426 1058 1577 1111 Magis
1599 1058 1735 1098 etiam

266 1128 445 1180 ingenio
463 1128 657 1178 indulget
679 1129 722 1166 in
744 1127 1029 1174 inveniendo,
1045 1129 1260 1179 epicaque
1273 1128 1447 1167 ratione
1465 1126 1734 1179 frequentius

266 1197 420 1244 utitur,
445 1208 579 1247 quam
602 1195 647 1235 in
670 1195 908 1247 prioribus,
942 1198 991 1235 ut
1027 1193 1270 1234 ostendunt
1306 1194 1502 1234 carmina
1533 1194 1581 1233 in
1606 1191 1736 1233 Rufi-

266 1277 388 1312 num,
411 1275 601 1315 quorum
637 1261 798 1314 prioris
835 1262 979 1314 prima
1011 1273 1133 1313 pars,
1158 1261 1325 1301 omisso
1348 1260 1583 1313 principio,
1615 1258 1738 1313 quod

268 1330 583 1371 declamatoris
605 1334 675 1369 est
696 1341 894 1368 sermone
916 1327 1095 1381 poetico
1117 1328 1304 1377 utentis,
1343 1327 1593 1368 Claudiano
1623 1327 1736 1367 satis

267 1397 455 1438 feliciter
476 1397 626 1437 cessit.
688 1394 853 1436 Alecto
875 1395 1116 1444 felicitatis,
1141 1409 1229 1448 qua
1245 1395 1448 1435 homines
1481 1395 1564 1436 sub
1586 1394 1738 1435 Theo-

270 1465 390 1505 dosii
430 1464 496 1505 M.
538 1464 725 1516 imperio
763 1462 1031 1511 fruebantur,
1070 1463 1239 1503 invidia
1279 1463 1526 1516 corripitur.
1590 1462 1736 1512 Quam

268 1532 530 1573 felicitatem
550 1534 598 1570 ut
628 1530 877 1579 conturbet,
909 1534 1127 1570 convocat
1147 1534 1441 1571 monstrorum
1462 1530 1737 1572 infernorum

270 1599 526 1639 concilium.
588 1597 830 1638 Sententiae
851 1597 1074 1638 dicuntur.
1124 1597 1325 1650 Megaera
1347 1602 1512 1647 censet,
1535 1598 1736 1639 sufficere

270 1665 479 1706 Rufinum
512 1664 944 1718 Constantinopolim
980 1665 1253 1707 mittendum.
1315 1665 1426 1718 Ipsa
1460 1678 1508 1705 se
1545 1665 1740 1719 accingit

271 1734 412 1786 operi,
434 1733 665 1787 illumque,
683 1733 812 1786 cujus
844 1733 1075 1786 pueritiam
1104 1733 1206 1786 ipsa
1224 1732 1428 1782 finxerat,
1462 1733 1576 1773 lucri
1611 1733 1738 1786 cupi-

270 1801 373 1842 dine
392 1805 437 1840 et
459 1814 537 1854 spe
558 1801 770 1853 potentiae
792 1800 951 1841 suturae
975 1801 1188 1841 concitat.
1250 1800 1374 1840 Bene
1397 1800 1592 1841 hominis
1617 1803 1737 1841 astu-

268 1869 330 1909 tia
353 1873 399 1909 et
419 1868 642 1910 calliditas
665 1872 969 1921 exaggeratur,
994 1881 1048 1908 ne
1068 1867 1238 1907 mireris
1260 1867 1568 1908 Theodosium
1602 1868 1737 1909 istius

268 1935 439 1976 insidiis
461 1936 769 1976 succubuisse.
832 1934 1067 1975 Hactenus
1089 1935 1226 1985 bene3
1259 1935 1339 1975 sed
1362 1937 1516 1975 statim
1539 1935 1597 1976 ad
1617 1936 1738 1988 inge-

267 2003 390 2043 nium
431 2007 474 2043 et
513 2003 885 2042 consuetudinem
927 2002 1062 2055 poeta
1100 2002 1230 2051 redit,
1269 2003 1736 2056 declamationemque

267 2069 503 2123 interponit
545 2069 762 2122 frigidam,
796 2070 850 2110 de
893 2070 1136 2123 cupiditate
1178 2070 1388 2119 habendi,
1431 2083 1568 2123 quam
1603 2070 1738 2124 longa

237 2161 241 2165 ·
271 2137 493 2177 scelerum
519 2138 719 2177 recensio
743 2138 915 2190 excipit
951 2138 1007 2177 ab
1041 2137 1118 2177 illo
1150 2137 1358 2189 improbo
1382 2138 1736 2188 commissorum,

270 2205 313 2244 in
336 2216 428 2256 qua
458 2203 567 2243 satis
602 2204 843 2256 prudenter
878 2204 1086 2255 pleraque
1118 2206 1287 2243 tantum
1329 2203 1553 2255 significat
1584 2204 1737 2258 poe‘ta,

271 2270 329 2311 ad
350 2270 558 2324 quaedam
581 2270 756 2320 alludit,
773 2283 829 2310 ne
852 2270 1065 2310 invidiam
1084 2269 1224 2311 faciat
1246 2270 1450 2310 manibus
1473 2271 1737 2324 Theodosii,

271 2338 391 2392 quod
413 2338 623 2378 nebuloni
647 2343 820 2378 tantum
840 2337 1091 2378 indulserit.
1126 2336 1395 2391 Quanquam
1413 2345 1562 2381 autem
1580 2341 1735 2394 poeta,

272 2406 326 2455 si,
351 2419 453 2459 quae
477 2406 748 2459 composuit,
769 2406 826 2447 ad
850 2409 984 2447 artem
1016 2405 1194 2454 referas,
1215 2406 1259 2446 in
1283 2406 1367 2447 hoc
1402 2421 1560 2460 genere
1596 2409 1738 2461 magis

269 2474 481 2527 probatur
499 2488 507 2514 :
539 2473 774 2526 displicere
796 2474 941 2523 debet,
960 2473 999 2513 si
1021 2474 1279 2514 consideres
1302 2475 1372 2514 vel
1394 2475 1623 2516 levitatem
1640 2475 1737 2528 ejus

270 2541 316 2580 in
336 2540 560 2581 laudando
579 2541 654 2582 vel
681 2542 726 2582 in
748 2541 1044 2594 vituperando
1074 2542 1387 2594 cupiditatem.
1450 2543 1541 2585 Sed
1575 2545 1735 2596 patriae

269 2608 390 2649 vitiis
430 2610 706 2662 inquinatus,
741 2609 1022 2662 Romamque
1060 2609 1306 2661 profectus,
1332 2610 1620 2651 Stilichonem
1654 2625 1737 2664 pa-

271 2678 444 2716 tronum
472 2682 632 2717 nactus
664 2680 744 2725 est,
774 2676 1038 2729 prudentem
1060 2676 1238 2729 quidem
1261 2681 1305 2718 et
1323 2677 1552 2728 callidum,
1584 2679 1666 2719 sed
1694 2682 1739 2720 et

272 2755 428 2795 genere
450 2748 497 2785 et
518 2745 719 2787 moribus
738 2745 985 2795 barbarum,
1005 2744 1135 2799 cujus
1149 2744 1375 2788 voluntati
1390 2750 1480 2788 erat
1493 2746 1737 2790 inservien-
1757 2770 1762 2776 -
