1852 3193
245 228 331 270 404

247 331 565 386 Agnoscatque
585 344 730 379 suum,
753 329 934 371 trahitur
954 327 1056 368 dum
1077 329 1271 378 victima,
1293 328 1486 370 fratrem.

305 400 424 440 Haec
446 400 519 440 ubi
542 398 743 439 sederunt
763 408 940 448 genere,
973 395 1202 436 notissima
1225 395 1363 437 Marti

247 467 444 517 Robora,
466 467 724 520 praecipuos
747 465 893 505 electa
912 464 1028 517 pube
1047 464 1265 517 maniplos

246 535 476 588 Disponit,
499 537 714 587 portuque
738 536 856 572 rates
877 532 1089 571 instaurat
1110 530 1311 572 Etrusco.

246 602 522 643 Herculeam
545 614 650 642 suus
672 600 871 649 Alcides,
892 599 920 640 J
925 600 1162 652 oviamque
1184 600 1406 640 cohortem

247 669 350 711 Rex
373 670 492 710 ducit
509 670 754 722 Superum:
777 667 985 721 premitur
1004 679 1085 707 nec
1106 667 1285 719 signifer
1305 667 1396 707 ullo

246 737 468 780 Pondere:
490 738 701 778 festinant
718 736 827 777 adeo
848 735 1018 776 vexilla
1041 736 1223 776 moveri.

247 804 443 846 Nervius
468 806 723 858 insequitur,
746 805 1013 857 meritusque
1033 803 1258 844 vocabula
1278 802 1420 852 Felix,

245 872 470 927 Dictaque
493 874 549 913 ab
571 872 774 926 Augusto
797 872 926 924 legio,
950 884 1194 924 nomenque
1217 872 1456 923 probantes

720 238 796 268 CL.
830 235 1115 267 CLAUDIANI
1148 235 1237 267 XV.

1621 395 1708 436 415

1622 732 1708 775 420

241 988 462 1020 solio:t2·meat
480 998 568 1027 eum,
584 998 672 1027 quem
684 988 791 1024 dejecit
815 991 922 1026 strage
947 987 1091 1018 filiorum
1112 997 1119 1016 :
1145 990 1175 1017 et
1191 990 1355 1025 cognoscat
1379 996 1455 1016 eum
1470 985 1611 1022 fratrem
1633 995 1708 1018 esse

246 1041 347 1067 suum,
364 1031 466 1061 etiam
484 1031 743 1069 ilunzr·apit11r‚ut
761 1030 873 1060 hostia.
901 1030 1065 1069 Postquam
1078 1030 1141 1058 hoec
1156 1031 1277 1058 statuta
1285 1032 1357 1058 sunt
1371 1039 1391 1058 a
1404 1039 1517 1067 genero
1543 1028 1710 1068 Honorio,

244 1072 377 1103 Stilicho
390 1076 547 1112 proeparat
573 1075 712 1102 catervas
738 1072 870 1102 eximias
887 1081 904 1101 e
921 1074 1032 1102 selecta
1040 1072 1218 1108 juventute,
1242 1072 1333 1101 corda
1348 1070 1564 1109 probatissima
1580 1072 1666 1113 bello,
1679 1075 1710 1103 et

242 1115 343 1155 reficit
359 1125 450 1145 nares
475 1115 508 1144 in
528 1119 623 1154 portu
652 1114 825 1145 Helrarz'oe.
875 1114 1026 1145 Hercules
1047 1113 1160 1150 sacrus
1183 1113 1268 1143 ‹im-it
1294 1113 1415 1143 turbam
1449 1114 1650 1154 Herculeam,
1679 1118 1711 1146 et

244 1157 360 1188 Rector
390 1158 525 1188 Deorum
550 1157 697 1187 Jovz'am:
721 1167 817 1196 neque
839 1156 973 1195 signifer
993 1156 1158 1194 Jiitigatur
1187 1157 1247 1186 ullo
1264 1152 1386 1186 ¹onere:
1415 1157 1489 1186 adeo
1515 1156 1606 1195 signa
1635 1157 1711 1197 ipsa

240 1204 409 1240 properant
419 1200 593 1240 promoveri
610 1199 625 1231 ,Ι
649 1200 785 1230 Nervius
805 1200 957 1240 sequitur,
987 1203 1017 1231 et
1043 1199 1136 1230 Felix
1157 1199 1346 1238 promeritus
1362 1199 1424 1229 hoc
1441 1209 1560 1239 nomen,
1585 1202 1615 1230 et
1630 1200 1711 1239 legio

858 1283 1093 1294 eeeeeeeeeeee

244 1329 331 1369 Reg.
347 1328 470 1359 Petav.
489 1339 540 1369 pr.
558 1339 602 1360 m.
621 1339 672 1370 pr.
696 1330 828 1360 Tholos.
852 1329 981 1360 Mon-et.
999 1339 1067 1360 sec.
1099 1338 1238 1369 proeceps
1254 1328 1306 1359 vel
1329 1328 1472 1368 princeps
1500 1327 1614 1359 Oxou.
1638 1337 1709 1359 sec.

243 1372 404 1402 tremiscat
420 1373 498 1402 Vat.
518 1372 628 1403 Livin.
666 1375 827 1403 tremescat
853 1372 960 1403 Oisel.
998 1375 1145 1403 tumescat
1175 1371 1359 1402 Ala—414
1384 1381 1450 1401 cum
1466 1371 1593 1401 victima
1610 1370 1708 1401 Leid.

243 1423 296 1455 pr.
312 1415 393 1445 Vat.
413 1424 463 1454 pr.
479 1414 584 1445 Oisel.
605 1415 683 1445 Pat.
701 1416 852 1446 Floreut.
883 1415 1012 1445 victima
1032 1414 1153 1445 Martia
1171 1415 1252 1445 Vat.
1271 1424 1321 1455 pr.
1340 1424 1384 1445 m.
1399 1416 1559 1454 pru—415
1583 1413 1708 1444 autissi-

242 1467 293 1487 ma
323 1457 416 1487 Pric.
455 1458 619 1488 norissima
646 1459 725 1488 Put.
756 1468 800 1488 m.
825 1468 878 1498 pr.
915 1458 1034 1488 Martis
1070 1459 1276 1488 Fara—416
1298 1457 1386 1496 plebe
1414 1459 1509 1487 Fara.
1528 1456 1623 1487 Med.
1640 1465 1709 1487 sec.

242 1499 327 1539 Reg.
351 1499 473 1530 Petav.
493 1510 542 1540 pr.
560 1511 602 1531 m.
620 1510 674 1540 pr.
693 1501 827 1532 Tholos.
848 1501 931 1532 Lov.
948 1510 991 1530 m.
1011 1510 1061 1541 pr.
1095 1511 1196 1541 puppe
1226 1500 1320 1531 Med.
1346 1505 1426 1531 tert.
1461 1499 1539 1539 pube
1555 1499 1608 1528 vel
1623 1498 1711 1538 plebe

244 1542 396 1573 Florent.
435 1543 593 1573 ministros
607 1544 738 1575 Thuan.
777 1544 907 1574 maritos
923 1544 975 1574 vel
988 1544 1138 1584 maniplos
1154 1545 1233 1574 Vat.
1252 1546 1410 1583 plu—417
1435 1542 1601 1582 Disposuit
1617 1541 1710 1572 Prie.

242 1584 338 1615 Med.
367 1590 477 1625 quart.
510 1587 596 1626 Reg.
626 1586 722 1617 Leid.
747 1596 813 1617 sec.
843 1597 920 1617 mox
946 1587 1082 1626 disponit
1111 1596 1171 1627 pro
1194 1587 1351 1617 instaurat
1383 1586 1457 1617 Pal.
1485 1584 1579 1615 Med.
1611 1594 1710 1624 pr.—

242 1629 306 1657 418
329 1627 518 1658 Herculeam
547 1629 628 1659 Lov.
662 1629 787 1659 Moret.
814 1639 880 1659 sec.
903 1629 970 1658 duo
988 1630 1101 1660 Oxan.
1118 1634 1154 1660 et
1170 1629 1287 1659 Leidd.
1304 1628 1384 1659 Ald.
1403 1629 1488 1659 Exc.
1513 1627 1657 1659 Gevart.
1674 1630 1711 1658 et

243 1667 381 1700 Ruben.
435 1670 618 1700 Herculium
656 1676 725 1701 vet.
756 1671 839 1701 Cod.
879 1671 1066 1702 Heracleam
1105 1672 1228 1711 Isingr.
1271 1671 1384 1701 Pulni.
1424 1670 1532 1701 Colin.
1575 1669 1709 1709 Gryph.

242 1711 446 1752 Jovinamque
462 1713 574 1744 Oxon.
592 1722 645 1753 pr.
679 1713 866 1753 «Ioniamque
897 1714 999 1743 Farn.
1031 1714 1156 1745 Moret.
1185 1723 1253 1744 sec.
1283 1714 1366 1744 Exc.
1394 1713 1537 1744 Gevart.
1559 1711 1710 1743 AldA'i·

907 1809 1050 1840 NOTAE

285 1882 348 1911 414
372 1880 458 1910 Dum
484 1879 626 1921 victima]
672 1882 764 1912 Dum
793 1882 948 1913 trahetur

241 1942 352 1972 orans,
377 1933 574 1973 obsecrans,
602 1940 637 1965 et
666 1935 891 1966 immolandus
910 1940 948 1966 ut

242 1983 390 2015 victima.
415 1984 467 2014 De
500 1985 615 2015 Morte
644 1986 816 2023 Gildonis,
842 1986 944 2017 histo-

239 2033 302 2064 rici
328 2043 395 2064 non
421 2035 503 2064 satis
529 2036 768 2066 consentiunt:
792 2036 947 2067 Zosimus

242 2093 318 2115 eum
341 2094 401 2114 sua
427 2095 538 2124 manu,
563 2085 707 2116 Orosius
736 2087 777 2117 ab
801 2087 874 2118 aliis
901 2087 948 2118 ait

242 2143 318 2164 esse
333 2137 593 2173 strangulatum.

283 2188 346 2216 415
372 2186 541 2225 Sederunt]
580 2187 767 2228 Postquam
791 2189 873 2218 talia
898 2199 947 2219 se-

243 2235 378 2273 derunt,
397 2235 429 2265 id
452 2241 514 2274 est,
529 2241 601 2266 rata
617 2246 655 2266 ac
673 2237 741 2267 fixa
757 2237 895 2268 fuerunt
913 2239 946 2269 in

242 2287 353 2318 animo
371 2288 528 2327 Honorii,
553 2287 609 2328 qui
639 2298 744 2328 gener
761 2294 836 2319 erat
856 2290 947 2320 Stili-

241 2338 367 2369 chonis.
415 2338 550 2368 Dicitur
574 2338 715 2378 optime,
744 2340 753 2355 ‘
775 2339 860 2368 Haec
877 2340 946 2369 ani-

240 2397 295 2418 mo
311 2388 482 2418 sententia
497 2387 609 2426 sedit‚’
627 2388 692 2427 vel,
708 2389 716 2403 ‘
731 2388 817 2420 Quae
837 2389 946 2420 animo

241 2439 414 2469 sententia
429 2444 543 2478 surgat
558 2437 580 2467 ?’

284 2491 346 2519 417
375 2489 519 2527 Etrusco]
541 2487 606 2518 Vel
620 2488 849 2528 Hetrusco,in
861 2489 945 2519 urbe

239 2538 344 2579 Pisis,
376 2550 450 2580 quw
483 2541 561 2569 urbs
587 2543 639 2570 est
667 2539 838 2571 Hetruriae
869 2549 944 2570 cum

240 2593 342 2629 portu
360 2590 549 2620 commodo.

282 2643 346 2671 418
370 2640 573 2681 Herculeam]
600 2640 766 2671 Hercules
789 2650 880 2679 suus,
908 2640 943 2670 id

239 2695 303 2730 est,
319 2689 437 2721 favens
465 2691 560 2722 ducit
588 2692 755 2730 legionem
774 2701 793 2720 a
810 2700 868 2720 suo
885 2700 943 2720 no-

240 2741 329 2771 mine
357 2741 497 2773 dictam.
546 2743 650 2782 Legio
671 2741 828 2772 Herculea
855 2740 947 2771 dicta

243 2795 295 2822 est
311 2800 330 2821 a
345 2791 555 2823 Maximiano
570 2792 734 2832 Herculio
749 2802 758 2832 ;
784 2793 878 2823 Jovia
891 2802 948 2824 au-

1003 1888 1071 1914 tem
1097 1893 1116 1914 a
1143 1884 1361 1916 Diocletiano
1382 1883 1496 1923 Jovio,
1513 1883 1570 1925 qui
1587 1892 1644 1915 eas
1661 1883 1712 1914 iu-

1002 1934 1203 1965 stituerunt.

1046 1984 1187 2024 Alcides]
1223 1985 1389 2016 Hercules
1417 1985 1466 2016 sic
1496 1984 1620 2026 dictim,
1649 1984 1709 2016 ἀπὸ

1002 2036 1058 2071 τῆς
1071 2034 1179 2074 ἀλκῆς,
1194 2046 1212 2066 a
1227 2036 1343 2068 robore.

1045 2089 1108 2117 419
1131 2087 1309 2126 Premitur]
1345 2087 1420 2118 Nec
1447 2085 1601 2127 signiferi
1616 2086 1710 2117 labo-

1001 2140 1080 2166 rant
1108 2137 1143 2167 in
1171 2136 1358 2168 avellendis
1386 2137 1503 2177 signis,
1531 2137 1620 2177 quod
1649 2137 1710 2168 bo-

1001 2197 1082 2218 nurn
1105 2193 1180 2218 erat
1208 2198 1306 2219 omen
1323 2189 1476 2220 victoriae
1493 2188 1705 2220 referendae:

1001 2243 1134 2278 contra,
1165 2239 1191 2269 si
1222 2248 1310 2279 aegre
1343 2239 1439 2279 signa
1477 2239 1709 2270 avellerentur

1001 2298 1062 2329 pro
1078 2289 1210 2320 infelici
1227 2295 1388 2330 portento
1401 2290 1625 2322 habebantur.
1664 2290 1709 2321 Id

1003 2338 1092 2377 qnod
1110 2343 1145 2368 et
1162 2339 1340 2379 Flaminio,
1364 2349 1464 2380 quem
1483 2340 1610 2370 delevit
1636 2339 1706 2370 An-

1000 2386 1105 2427 nibal,
1121 2393 1154 2418 et
1172 2389 1305 2428 Crasso,
1332 2399 1431 2430 quem
1457 2389 1576 2421 Parthi
1590 2388 1707 2430 profli-

1002 2443 1140 2477 garunt,
1157 2439 1282 2469 evenit.

1042 2491 1103 2519 421
1132 2489 1282 2528 Nervius]
1307 2491 1402 2521 Unus
1416 2499 1434 2520 e
1447 2489 1668 2522 Ductoribus.

1043 2539 1151 2578 Felix]
1187 2540 1281 2570 Unus
1299 2550 1431 2580 quoque
1444 2550 1462 2570 e
1478 2540 1705 2581 Ductoribus,

1000 2589 1055 2619 cui
1071 2599 1122 2620 res
1141 2599 1305 2629 prospere
1323 2595 1357 2620 et
1370 2589 1520 2621 feliciter
1531 2594 1634 2630 gestae
1647 2601 1706 2623 no-

998 2649 1076 2671 men
1089 2640 1205 2670 Felicis
1222 2645 1440 2680 pepererunt.

1041 2693 1104 2721 422
1132 2691 1300 2731 Dictaque]
1361 2691 1465 2732 Legio
1519 2692 1705 2725 Honor-iana

1001 2741 1095 2773 dicta
1122 2742 1164 2773 ab
1198 2742 1351 2774 Honorio
1379 2743 1596 2784 Imperatore
1633 2739 1705 2776 Au:

1001 2798 1111 2833 gusto.
1700 2800 1702 2803 ’
