1857 3177
497 242 560 271 DE
596 242 775 272 MALLu
809 243 990 274 rnsson.
1024 243 1162 273 cous.
1461 234 1546 274 4:27

89 336 259 391 Totque
282 336 440 389 gradus
457 336 533 377 fati
559 337 828 389 juvenilibus
849 337 993 377 intulit
1015 337 1153 377 annis.
1491 337 1548 376 60

148 405 390 457 Postquam
414 408 539 456 parta
559 405 701 456 quies,
726 409 768 443 ct
790 415 1003 443 summum
1025 407 1159 444 nacta
1179 415 1402 452 cacumen,

91 471 193 512 Jam
214 483 366 511 secura
384 472 492 523 petit
514 472 730 523 privatum
753 470 887 520 gloria
908 476 1083 521 portum
1101 484 1111 521 3

92 537 259 591 Ingenii
280 538 455 578 redeunt
478 538 655 586 fructus,
678 538 840 589 aliique
860 537 1048 585 labores,

92 605 148 646 Et
168 606 271 646 vitae
291 618 393 657 pars
413 605 529 645 nulla
550 606 674 657 perit.
737 603 1059 656 Quodcumque
1083 605 1246 645 recedit

93 671 278 720 Litibus,
301 672 511 711 incumbit
531 671 706 719 studiis,
725 671 980 721 animusque
996 671 1189 711 vicissim

93 735 184 777 Aut
205 751 353 778 curam
374 739 556 790 imponit
579 738 771 790 populis,
795 740 871 776 aut
897 737 986 775 otia
1010 735 1166 776 Musis.

93 803 251 844 Omnia
274 803 504 857 Cecropiae
525 805 681 855 relegis
705 808 874 844 secreta
891 807 1093 850 senectae,

94 870 354 911 Discutiens
374 870 490 922 quod
513 870 700 922 quisque
721 881 881 909 novum
904 868 1177 908 mandaverit
1199 881 1312 918 aevo,

93 935 357 989 Quantaque
379 936 568 976 diversae
592 936 839 988 producant
858 936 1030 986 agmina
1051 937 1201 975 sectae.

94 1002 301 1057 Namque
323 1003 422 1044 aliis
444 1004 648 1055 princeps
668 1014 807 1042 rerum
828 1000 1075 1053 disponitur
1097 1000 1194 1040 a'e'r:
1493 1003 1550 1042 70

99 1124 170 1155 Una
185 1127 272 1161 aetas,
283 1123 460 1162 juventus,
473 1122 594 1162 suffecit
614 1122 712 1152 variis
723 1121 909 1161 temporibus
926 1120 1098 1159 Honorum,
1112 1123 1141 1151 et
1157 1120 1242 1150 dedit
1263 1119 1492 1158 cetatijurenili
1508 1124 1554 1151 tot

92 1165 396 1206 graqusfelicitatiS.
446 1166 649 1204 Posteaquam
663 1165 781 1204 requies
804 1164 953 1203 acquisita
971 1169 1022 1194 est
1040 1163 1113 1201 tihi,
1129 1166 1157 1193 et
1170 1164 1271 1201 gloria
1289 1168 1346 1193 tua
1361 1163 1470 1201 attigit
1488 1173 1557 1194 ter-

94 1210 186 1240 ticem
200 1207 385 1246 ultum‚jam
400 1217 440 1238 ea
457 1211 524 1238 tuta
536 1207 634 1237 intrat
650 1217 795 1237 secessum
816 1207 983 1246 privatum.
1030 1207 1163 1238 Fructus
1175 1206 1285 1236 mentis
1300 1208 1509 1242 revertuntur,
1526 1208 1556 1235 et

94 1252 213 1282 labores
228 1251 296 1289 alii,
309 1254 337 1281 ct
350 1259 423 1290 pars
439 1251 521 1280 nulla
538 1250 610 1280 ritoe
626 1250 793 1279 lanientur.
829 1250 1044 1287 Quodcumque
1057 1248 1189 1288 cripitur
1205 1248 1336 1287 negotiis
1353 1246 1556 1286 forensibus,

94 1294 223 1325 additur
243 1293 370 1330 studiis,
388 1296 417 1322 et
438 1302 520 1322 meus
538 1297 595 1322 tua
611 1293 801 1329 alternatim,
817 1294 870 1321 aut
897 1291 1048 1330 impendit
1072 1290 1189 1320 labores
1209 1290 1342 1330 populis,
1359 1293 1411 1319 aut
1424 1291 1556 1329 quietem

96 1337 212 1367 Musis.
249 1336 372 1366 Recolis
397 1345 509 1366 arcana
532 1335 632 1364 omnia
658 1334 858 1374 antiquitatis
876 1333 1010 1371 Grcecoe,
1027 1334 1209 1362 examinans
1228 1333 1299 1372 quid
1314 1332 1384 1361 novi
1398 1332 1557 1370 uuusquis-

95 1388 152 1419 que
164 1378 338 1419 prodiderit
354 1377 467 1417 literis,
483 1381 510 1408 et
524 1380 653 1417 quantos
669 1377 762 1407 caria*
775 1380 865 1407 sectoe
877 1376 1004 1415 pariant
1022 1378 1126 1406 coetus,
1176 1375 1218 1405 Ut
1235 1375 1315 1406 enim
1331 1374 1384 1405 a'e'r
1399 1373 1558 1405 constitui-

709 1471 943 1483 eeeeeeeeeeee

97 1542 139 1570 60
165 1539 234 1577 fati
258 1540 311 1570 vel
332 1539 441 1577 satum
465 1539 549 1579 Reg.
568 1536 764 1577 juvenalibus
789 1536 873 1567 Exc.
899 1535 1043 1566 Lucens.
1069 1543 1137 1564 sec.
1164 1532 1266 1563 induit
1293 1533 1418 1564 Moret.
1447 1541 1559 1563 sec.—

97 1585 135 1612 61
164 1583 239 1613 Post
257 1583 337 1622 quod
353 1581 470 1612 Ambr.
490 1585 570 1612 tert.
598 1583 685 1610 rasta
702 1580 881 1610 Rott.-62
905 1580 987 1608 tenet
1004 1577 1086 1607 var.
1104 1577 1171 1606 LL.
1191 1575 1242 1606 ed.
1261 1575 1452 1605 Antv.—63
1476 1574 1557 1605 redi-

95 1625 154 1655 mit
172 1623 290 1655 Ambr.
310 1625 490 1664 pr.fluctus
505 1623 601 1654 Leid.
621 1632 672 1662 pr.
686 1626 721 1652 et
745 1621 863 1651 decem
883 1619 1082 1656 alii.sructus
1098 1619 1149 1648 vel
1163 1618 1284 1657 fluctus
1299 1618 1379 1646 Vat.
1405 1626 1456 1656 pr.
1471 1616 1559 1655 Reg.

98 1667 251 1697 Floreat.
268 1667 425 1705 studiique
443 1667 519 1696 Pat.
536 1665 650 1704 aliique
674 1665 727 1694 vel
753 1663 910 1701 animique
938 1662 1022 1700 Reg.
1048 1660 1177 1691 Moret.
1201 1661 1353 1689 semwm
1377 1668 1561 1698 quocumque

98 1709 196 1739 Farn.
212 1709 380 1740 Low—65
407 1707 542 1737 Mitibus
566 1706 661 1736 Med.
690 1707 858 1735 tem—66
881 1703 1032 1742 impendit
1049 1702 1134 1741 legit
1152 1701 1273 1732 Heius,
1301 1700 1368 1730 vid.
1393 1710 1493 1741 supra
1511 1710 1559 1731 iv.

98 1752 199 1783 Cons.
215 1751 307 1782 Hon.
325 1749 387 1781 snb
404 1748 517 1780 finem.
533 1748 661 1788 apponit
677 1747 783 1778 Gesn.
802 1751 837 1776 et
855 1745 908 1777 ed.
926 1746 1063 1784 Bipont.
1087 1743 1201 1773 studiis
1216 1743 1294 1774 Pat.
1308 1742 1427 1782 gladiis
1443 1742 1562 1774 Ambr.

97 1804 150 1834 pr.
177 1804 221 1824 m.
251 1803 303 1834 pr.
330 1793 443 1824 Missis
472 1801 533 1832 pro
562 1791 666 1821 Musis
692 1790 772 1821 Jun.
801 1790 938 1827 [ηπ-67
976 1787 1130 1825 Cicropiae
1157 1785 1274 1815 Ambr.
1303 1794 1370 1815 sec.
1399 1785 1562 1824 Cycropioe

97 1837 225 1868 Mor-et.
243 1846 295 1876 pr.
311 1837 467 1875 proecepta
485 1834 569 1864 Exc.
586 1831 719 1862 Ruben.
742 1831 770 1861 si
791 1833 877 1860 certa
894 1828 989 1859 Med.
1008 1830 1180 1858 term—68
1204 1827 1278 1866 quid
1293 1827 1373 1857 Vat.
1390 1836 1442 1865 pr.
1459 1827 1564 1868 Farn.

98 1885 168 1910 tres
185 1878 281 1910 Med.
299 1878 378 1917 quod
395 1877 480 1916 Reg.
506 1876 628 1905 Petav.
646 1883 713 1903 sec.
729 1872 863 1902 Tholos.
891 1870 1000 1901 Oxou.
1021 1879 1072 1909 pr.
1090 1870 1170 1899 Var.
1188 1869 1253 1899 LL.
1276 1877 1294 1898 e
1316 1877 1421 1907 marg.
1448 1868 1560 1899 Parin.

99 1922 178 1961 quod
192 1921 315 1960 quisque
330 1919 383 1950 vel
399 1926 583 1958 quocumque
597 1916 678 1946 Vat.
697 1925 749 1955 pr.
777 1914 986 1953 quodcumque
1002 1912 1067 1942 duo
1083 1912 1178 1941 Vatt.
1204 1911 1324 1941 Petav.
1354 1920 1404 1950 pr.
1434 1920 1477 1940 m.
1508 1920 1559 1950 pr.

98 1974 174 1994 uoco
191 1962 270 1994 Jun.
288 1971 340 2002 pr.
357 1962 437 1991 Vat.
454 1964 536 1991 tert.
554 1959 624 1989 novi
640 1957 777 1997 legebat
795 1955 970 1986 Heinsius.
985 1953 1318 1984 mandaveritMoret.
1336 1962 1384 1991 pr.
1402 1953 1563 1983 mandace-

99 2010 150 2036 rat
180 2005 255 2036 Pal.
283 2005 349 2034 duo
375 2002 469 2034 Med.
493 2002 573 2034 Jun.
591 2010 642 2041 pr.
667 2001 836 2030 Low—69
858 2007 1038 2037 percurrens
1053 1997 1180 2027 Moret.
1198 2004 1249 2034 pr.
1271 1996 1443 2034 producunt
1468 1994 1562 2026 Med.

101 2052 214 2088 quart.
229 2047 401 2087 producant
419 2046 544 2076 Moret.
571 2053 640 2073 sec.
669 2043 753 2073 Exc.
783 2042 927 2071 Lucens.
945 2048 996 2079 pr.
1012 2040 1180 2078 perducant
1197 2037 1250 2068 ed.
1267 2037 1468 2067 Vicet.—70
1492 2036 1562 2067 vid.

101 2091 256 2122 column.
284 2090 316 2120 in
343 2088 490 2121 Ennium
518 2096 551 2127 p.
568 2088 642 2116 275.
669 2090 704 2116 et
730 2094 826 2125 seqq.
853 2082 986 2113 Firmic.
1015 2090 1050 2121 p.
1066 2084 1097 2112 ὃ.
1120 2080 1242 2110 Varias
1275 2079 1561 2119 Philosophorum

761 2168 907 2200 NOTAE

145 2238 187 2266 60
212 2232 303 2273 Eati]
328 2232 504 2264 Honorum
530 2229 603 2261 fato
631 2237 807 2260 concesso·

102 2295 190 2324 rum,
206 2283 489 2324 contingentium.

145 2338 187 2367 62
210 2335 377 2365 Privatutn
390 2332 529 2374 portum]
552 2331 603 2362 Ex
620 2331 721 2370 longa
734 2328 813 2359 diu-⁴

103 2390 280 2418 tumorum
305 2384 459 2415 laborum
485 2382 673 2423 agitatione
700 2379 810 2410 Theo-

104 2436 206 2468 dorus
223 2445 260 2467 se
273 2435 307 2466 in
324 2434 429 2466 vitam
453 2434 633 2474 privatam,
647 2435 810 2471 tanquam

103 2487 139 2518 in
147 2491 284 2529 portum
295 2484 577 2526 placidissimum,
589 2482 725 2522 recipit,
734 2481 810 2511 Mu-

105 2538 151 2569 sis
167 2546 307 2579 operam
323 2536 479 2567 daturus.

147 2590 190 2619 63
214 2588 362 2628 Fructus]
395 2584 589 2622 Doctrinae,
615 2591 692 2623 quae
715 2580 811 2610 velut

107 2637 239 2669 fructus
262 2636 479 2668 suavissimus
510 2634 658 2665 animum
689 2631 810 2671 pascit.

109 2688 229 2719 Virtus
258 2687 348 2717 enim
371 2690 407 2717 et
433 2683 576 2716 scientia
599 2682 719 2714 animae
734 2683 813 2711 sunt

110 2737 331 2769 nutrimenta.

154 2789 196 2819 64
212 2785 320 2826 Perit]
342 2784 446 2816 Nulla
460 2783 541 2815 vitae
558 2790 637 2823 pars
651 2780 740 2813 male
754 2779 813 2810 im-

864 2226 1036 2267 penditur.

908 2273 1137 2314 Quodcumque]
1159 2273 1351 2304 Secundum
1369 2281 1564 2313 quamcum-

864 2336 929 2368 que
952 2330 1084 2367 partem
1108 2323 1273 2355 recedita
1288 2322 1416 2353 litibus.
1461 2321 1565 2351 Hein-

863 2377 932 2408 sius
953 2375 1037 2416 legit
1051 2374 1175 2411 recidit,
1198 2373 1231 2403 id
1249 2377 1312 2410 est,
1329 2371 1564 2411 quodcumque

864 2426 971 2458 demit
987 2424 1148 2462 alitibus,
1164 2422 1222 2452 dat
1239 2421 1372 2451 studiis.

907 2480 947 2508 67
983 2475 1139 2514 Cecropioe
1161 2471 1301 2511 senectoe]
1337 2470 1566 2511 Antiquitatis

865 2526 1010 2557 Graecae.
1044 2522 1157 2554 Graeci
1185 2522 1341 2551 dicuntur
1364 2519 1564 2559 Cecropidae

866 2587 886 2607 a
903 2576 1057 2615 Cecrope
1073 2574 1276 2604 Athenarum
1296 2571 1401 2610 Rege.

907 2628 949 2656 69
964 2623 1078 2662 Sectoe]
1096 2621 1240 2654 Quantis
1253 2618 1452 2658 agminibus,
1464 2626 1566 2658 quan-

867 2679 903 2706 ta
919 2675 1013 2706 velut
1028 2672 1155 2704 familia
1170 2670 1289 2710 stipati
1313 2669 1382 2699 sint
1397 2667 1567 2698 variarum

866 2729 1039 2757 sectarum
1055 2727 1221 2754 auctores,

909 2777 950 2806 ⁷0
974 2774 1056 2814 Ac'r]
1089 2771 1312 2804 Anaximenes
1333 2768 1430 2809 ponit
1455 2766 1567 2799 aerem
