1852 3193
208 212 294 253 470
682 221 758 251 ct..
784 203 1074 250 'CLAUDIAM
1109 218 1257 250 xviii.

207 317 301 358 Aut
322 318 469 370 pueris
490 318 629 357 latura
645 318 802 363 metus,
826 317 902 354 aut
921 313 1058 354 taedia
1072 315 1253 363 mensis,

207 382 299 424 Aut
315 385 473 424 crimen
492 383 686 431 famulis,
709 384 785 421 aut
805 380 1143 435 procedentibus
1166 395 1297 422 omen
1315 395 1325 432 3

208 451 265 491 Et
287 451 392 491 nihil
412 451 627 490 exhausto
651 453 864 502 caperent
884 449 928 489 in
949 449 1099 502 stipite
1121 450 1230 489 lucri
1249 464 1257 489 :

206 517 431 571 (Sternere
454 517 618 571 quippe
641 522 780 567 toros,
800 518 873 559 vel
896 517 1069 559 caedere
1091 518 1210 570 ligna
1232 517 1410 568 culinae,

209 584 414 625 Membra
433 588 616 638 negant:
649 598 820 635 aurum,
841 589 1006 635 vestes,
1029 597 1194 625 arcana
1214 586 1328 625 tueri

210 652 341 692 Mens
361 651 499 692 infida
519 655 649 693 vetat.
712 651 826 702 Quis
845 653 961 694 enim
984 652 1253 692 committere
1276 652 1412 693 vellet

212 718 381 759 Lenoni
403 719 643 760 thalamum
657 718 700 775 Ἰ)
729 721 906 761 tandem
927 734 1008 761 ceu
1028 719 1162 760 funus
1186 720 1410 768 acerbum,

210 786 544 839 Infaustamque
566 786 660 827 suis
682 790 849 828 trusere
870 788 1107 842 penatibus
1127 788 1339 827 umbram.

210 852 442 894 Contemtu
458 854 554 906 jain
574 854 684 895 liber
704 859 809 896 erat.
873 855 949 895 Sic
971 858 1125 907 pastor
1145 855 1329 894 obesum

210 920 348 961 Lacte
373 933 527 960 canem
548 920 747 973 ferroque
769 921 890 972 ligat,
910 922 1145 973 pascitque
1163 921 1426 969 revinctum,

1585 382 1674 424 125

1594 717 1679 759 130

210 1049 355 1087 convivis,
378 1052 433 1079 aut
458 1050 555 1080 scelus
582 1049 691 1088 servis,
717 1052 773 1080 aut
794 1050 961 1089 augurium
985 1049 1084 1080 triste
1111 1049 1363 1087 occurrentibus;
1396 1052 1427 1080 et
1452 1058 1525 1080 cuin
1554 1049 1684 1080 domini

211 1094 325 1122 nuttam
342 1093 501 1122 traherent
515 1092 685 1122 utilitatem
703 1101 744 1122 ex
761 1096 870 1123 trunco
888 1092 953 1122 isto
975 1095 1143 1122 resiccuto:
1174 1102 1246 1122 num
1273 1101 1381 1132 corpus
1396 1092 1469 1132 ejus
1485 1091 1582 1122 debile
1598 1102 1683 1123 recu-

210 1138 260 1165 sat
277 1137 386 1174 aptare
410 1136 572 1173 thalamos,
589 1136 636 1165 vel
659 1135 797 1166 scindere
819 1136 906 1174 ligna
933 1135 1060 1166 culinae:
1087 1135 1209 1165 animus
1226 1134 1299 1174 ejus
1314 1135 1450 1175 perfidus
1461 1134 1603 1175 prohibet
1619 1144 1682 1165 ser-

208 1186 282 1207 vare
294 1178 469 1216 pecuniam,
485 1178 680 1216 vestimenta,
692 1181 819 1209 secreta.
838 1178 965 1208 Etenim
978 1178 1079 1218 ecquis
1093 1178 1182 1208 vellet
1198 1178 1321 1208 credere.
1339 1179 1451 1208 lectum
1467 1177 1682 1218 conjugalem

211 1218 334 1253 lenoni?
367 1221 488 1251 demum
515 1221 701 1261 expulerunt
728 1221 823 1251 illuni
846 1231 903 1251 sua
929 1222 1029 1261 domo,
1055 1222 1140 1251 velut
1167 1221 1297 1250 cadaver
1323 1221 1492 1259 molestum,
1507 1225 1537 1250 et
1562 1221 1682 1253 larvam

208 1262 372 1299 infelicem.
417 1264 493 1293 dnm
510 1263 588 1294 tiber
603 1263 779 1294 remanebat
803 1263 846 1294 ob
857 1263 1037 1302 fastidium.
1084 1263 1136 1294 Ita
1150 1267 1256 1302 pastor
1275 1264 1387 1302 alligat
1408 1272 1498 1293 nexu
1513 1261 1634 1302 ferre0,
1652 1265 1684 1293 et

210 1306 313 1336 nutrit
330 1306 497 1345 alligatum
518 1316 622 1337 canem
636 1309 787 1347 pinguem
810 1308 901 1347 lacte,
924 1308 996 1337 dum
1012 1306 1113 1344 fortis
1129 1311 1180 1337 est
1197 1305 1239 1337 ad
1254 1316 1383 1345 gregem
1402 1305 1636 1346 defendendum,
1653 1307 1684 1336 et

814 1405 1067 1417 eeeeeeeeeeeee

210 1470 308 1502 Med.
336 1474 416 1502 tert.
432 1471 566 1502 Bonon.
582 1472 663 1505 Pat.
690 1472 830 1504 Tholos.
856 1478 927 1505 tres
951 1472 1176 1504 Amba-425
1198 1472 1444 1513 praecedentibus
1458 1471 1554 1503 Med.
1571 1474 1686 1512 quart.

209 1513 374 1544 Heinsius
398 1514 603 1554 ascripserat
630 1516 740 1547 locum
770 1517 914 1548 Lucian.
932 1526 965 1557 p.
992 1520 1067 1547 536.
1093 1522 1126 1546 et
1142 1518 1217 1546 023.
1247 1520 1283 1546 et
1309 1517 1382 1546 893.
1400 1516 1447 1545 sic
1464 1515 1506 1545 de
1528 1514 1684 1554 [Ethiope

211 1556 301 1595 apud
319 1556 488 1596 Spartian.
505 1557 645 1590 Severo.
669 1569 702 1599 p.
730 1562 784 1590 75.
811 1559 1012 1600 Apostolius
1029 1570 1063 1600 p.
1079 1560 1265 1590 213.—126
1291 1559 1370 1588 Cum
1386 1558 1464 1588 nihil
1479 1558 1559 1588 Vat.
1577 1556 1687 1597 quint.

210 1598 291 1629 Pat.
320 1599 363 1629 Ut
386 1599 466 1630 niliit
493 1600 590 1630 Med.
617 1606 698 1632 tert.
725 1602 859 1633 Thuan.
879 1602 1098 1633 Ainbr.1ert.
1136 1601 1200 1637 Qui
1217 1601 1296 1632 nihil
1312 1601 1392 1633 Jun.
1411 1610 1462 1641 pr.
1500 1600 1588 1635 Quod
1605 1598 1687 1630 nillil

210 1640 305 1671 Med.
322 1650 389 1672 sec.
404 1651 448 1671 m.
467 1651 536 1672 sec.
579 1644 623 1673 Et
645 1644 698 1674 vel
718 1645 797 1674 Cum
812 1644 890 1675 nihit
907 1645 1000 1675 Prie.
1028 1645 1112 1675 Exc.
1140 1644 1238 1674 Laeti.
1273 1644 1398 1683 capiens
1411 1642 1505 1673 Prie.
1545 1652 1561 1673 e
1575 1642 1686 1681 stipite

210 1683 299 1723 conj.
319 1683 441 1714 Heius.
463 1684 576 1723 cespite
593 1686 688 1716 Leid.
706 1695 775 1716 sec.
803 1687 898 1717 Prie.
920 1687 1053 1717 Thuan.
1079 1687 1160 1716 l'ut.
1188 1696 1232 1717 m.
1250 1695 1301 1725 pr.
1320 1686 1387 1716 duo
1406 1685 1530 1715 Petav.
1551 1685 1685 1714 Bonon.

211 1725 445 1757 Pat.'r11010s.
469 1725 535 1756 duo
564 1726 680 1758 Ambr.
710 1728 795 1758 Lov.
828 1728 941 1758 Oxon.
971 1737 1041 1758 sec.
1072 1728 1157 1758 Exc.
1191 1728 1333 1759 Gevart.
1359 1726 1482 1757 Sched.
1511 1726 1604 1758 Gud.
1629 1725 1684 1757 ed.

210 1766 326 1798 vicet.
352 1769 433 1799 Var.
460 1768 529 1798 LL.
552 1769 607 1799 ed.
634 1769 735 1800 Antv.
774 1770 882 1809 stipite
908 1770 1004 1800 Leid.
1033 1779 1085 1809 pr.
1106 1771 1232 1800 Moret.
1260 1779 1329 1800 sec.
1353 1768 1476 1800 Ambr.
1503 1778 1571 1800 sec.
1599 1769 1685 1799 Exc-

211 1809 300 1840 Laeti
319 1813 354 1840 et
380 1810 527 1840 Lucens.
544 1820 612 1842 sec.
647 1811 759 1851 cespite
775 1812 829 1842 vel
843 1812 952 1851 stipite
966 1811 1091 1842 Petav.
1109 1821 1162 1850 pr.
1187 1811 1266 1841 lucri
1276 1812 1331 1842 vel
1348 1811 1443 1841 lucris
1457 1811 1555 1842 Med.
1573 1816 1686 1852 quart.

210 1855 317 1882 —127
341 1861 446 1892 nempe
460 1853 526 1899 inf.
545 1853 666 1885 Heius.
691 1856 744 1884 aut
760 1855 878 1884 caedere
897 1854 970 1885 Pal.
995 1854 1095 1884 Fam.
1114 1854 1196 1884 vat.
1223 1863 1291 1885 sec.
1307 1854 1404 1884 Med.
1422 1863 1472 1893 pr.
1487 1854 1616 1884 Moret.
1632 1863 1686 1894 pr.

208 1906 240 1934 et
255 1904 336 1934 Vat.
353 1904 461 1945 quint.
479 1904 516 1935 bn
532 1904 613 1936 Jun.
630 1913 680 1943 pr.
704 1903 796 1934 unde
814 1903 977 1934 Heinsius
1004 1904 1077 1935 bene
1105 1903 1328 1944 conjiciebat,
1353 1902 1444 1944 quod
1471 1903 1505 1934 in
1531 1903 1686 1935 Florent-

210 1950 320 1977 extat.
346 1946 439 1977 cubili
464 1956 524 1987 pro
541 1947 653 1977 cutime
665 1946 746 1978 Jun.
765 1949 928 1986 piu—129
951 1951 1047 1986 negat
1065 1947 1147 1978 Vat.
1161 1951 1240 1978 tert.
1255 1947 1352 1978 Rott.
1364 1947 1446 1978 Put.
1462 1956 1506 1978 m.
1524 1956 1576 1987 pr.
1594 1945 1687 1986 Reg.

209 1989 338 2020 'I'huan.
356 1989 485 2020 Mazar.
501 1989 598 2020 Leid.
626 1999 678 2029 pr.
705 1990 827 2020 Petav.
845 1992 1034 2020 tert—131
1060 1989 1296 2030 Infaustumque
1313 1990 1407 2021 Med.
1435 1998 1484 2030 pr.
1518 1990 1595 2020 Jam
1607 1988 1686 2027 fau-

209 2034 349 2072 stumque
374 2032 455 2064 Jun.
474 2042 524 2071 pr.
556 2033 668 2063 misere
685 2032 782 2063 Lcid.
799 2042 867 2064 sec.
888 2034 970 2063 Vat.
988 2042 1058 2063 sec.
1085 2033 1160 2063 Pai.
1185 2033 1276 2063 Prie.
1294 2032 1391 2063 Med.
1408 2042 1460 2071 pr.
1486 2031 1598 2063 Oxon.
1615 2040 1687 2062 sec.

210 2074 295 2105 Put.
311 2076 443 2105 Bonon.
460 2075 595 2105 Tholos.
608 2076 735 2106 Moret.
753 2084 823 2106 sec.
841 2075 908 2106 duo
925 2075 1045 2106 Ambr.
1062 2080 1131 2106 tres
1156 2075 1279 2106 Petav.
1297 2076 1382 2106 Exc.
1400 2075 1545 2106 Gevart.
1561 2073 1685 2105 Sched.

213 2115 303 2148 Gud.
322 2118 402 2149 Var.
430 2118 498 2148 LL.
525 2117 579 2148 ed.
595 2118 700 2148 Antv.
737 2121 856 2149 trusere
881 2119 936 2149 vel
962 2118 1072 2149 misere
1089 2118 1172 2158 Reg.
1187 2118 1302 2149 Oxon.
1319 2120 1480 2158 pr.—-132
1504 2118 1685 2148 Contemtus

212 2157 402 2190 Ald.—133
444 2160 535 2190 Vecte
560 2161 651 2201 conj.
679 2161 802 2192 Heius.
838 2160 917 2192 libat
946 2161 1001 2192 ed.
1031 2162 1142 2193 Parm.
1169 2161 1412 2192 vitiosa—134
1435 2159 1571 2191 validum
1601 2159 1684 2191 Var-

872 2246 1020 2279 NOTAE

257 2316 318 2345 124
346 2313 451 2344 Toedia
477 2315 603 2355 mensis]
649 2314 752 2356 Cujus
780 2317 922 2347 monstri

213 2363 321 2403 turpis
338 2368 372 2393 et
388 2362 500 2394 foetidi
525 2369 669 2405 aspectu
687 2365 837 2396 taedebat
853 2375 921 2397 oin-

213 2424 273 2445 nes
292 2414 424 2445 diutius
441 2415 475 2446 in
493 2425 608 2446 mensa
625 2417 836 2447 commorari.

976 2326 1076 2358 quam
1093 2317 1186 2348 succi
1203 2327 1246 2348 ex
1263 2320 1386 2349 trunco
1410 2325 1557 2347 exsucco
1574 2318 1610 2346 et
1628 2325 1687 2347 ex-

974 2367 1108 2399 hausto.

1019 2420 1079 2448 131
1110 2417 1273 2457 Umbram]
1300 2417 1457 2457 Larvam,
1473 2415 1685 2447 cacodaemo-

257 2466 317 2493 125
345 2464 471 2495 Crimen
504 2464 653 2504 famulis]
697 2466 812 2496 Tanta
848 2468 922 2496 erat

213 2514 358 2545 monstri
385 2515 578 2556 turpitudo,
604 2520 641 2546 ut
667 2516 756 2546 servi
787 2515 813 2546 si
845 2525 922 2547 cum

212 2565 271 2597 iilo
287 2565 497 2605 habitarent,
522 2576 557 2597 se
586 2566 727 2597 crimine
745 2570 781 2596 et
798 2575 922 2606 oppro-

213 2615 290 2646 brio
307 2616 413 2656 pollui
429 2616 626 2656 crederent,
647 2621 807 2657 tanquam
825 2616 851 2646 si
867 2625 922 2647 ca-

215 2665 321 2697 daver
345 2666 550 2706 tetigissent.

258 2719 322 2747 126
346 2717 480 2758 Stipite]
517 2718 601 2748 Cum
618 2717 744 2749 domini
762 2727 827 2747 non
845 2717 921 2757 plus

216 2767 377 2799 utilitatis
432 2769 609 2800 traherent
654 2778 699 2800 ex
741 2768 922 2810 Eutropio,

975 2475 1066 2505 nem,
1083 2468 1208 2497 malum
1225 2467 1374 2507 genium.

1021 2520 1081 2548 132
1105 2516 1213 2556 Liber]
1251 2516 1353 2547 Liber
1379 2519 1454 2546 erat
1477 2515 1519 2546 ob
1535 2519 1687 2546 contem-

977 2570 1062 2605 tum,
1080 2566 1157 2606 quia
1175 2575 1271 2596 nemo
1288 2565 1352 2597 sibi
1375 2565 1470 2596 illum
1485 2565 1686 2598 vindicabat

976 2614 1019 2646 ob
1036 2615 1296 2655 turpitudinem.

1021 2667 1082 2696 133
1107 2664 1220 2703 Lacte]
1257 2665 1365 2695 Canes
1389 2669 1527 2696 teneros
1543 2674 1632 2706 pane
1649 2668 1687 2697 et

976 2716 1068 2747 lacte
1097 2715 1223 2746 bubulo
1251 2715 1374 2746 nutriri
1401 2716 1572 2756 praecepit
1595 2717 1685 2748 Con⁶

977 2766 1158 2799 stantinus.
1203 2766 1390 2807 Egregium
1410 2767 1646 2808 praeceptum!
