1857 3177
783 515 931 563 le.

502 698 638 757 CL.
695 699 1201 761 CLAUDIANI

601 865 687 906 DE
729 865 1113 911 CONSULATU

132 1019 302 1094 FL.
369 1018 841 1097 MALLII
905 1023 1581 1108 THEODORI

781 1188 840 1231 V.
880 1190 930 1233 C.

585 1340 1136 1404 PANEGYRIS.

620 1585 1101 1632 PROLOGUS.

674 1698 1032 1734 ARGUMENTUM.

162 1770 291 1802 POETA
305 1770 464 1811 increpat
484 1771 593 1803 Musae
611 1782 680 1803 suae
695 1774 884 1817 audaciam,
901 1778 992 1818 quod
1007 1788 1081 1809 sese
1097 1783 1248 1819 exponat
1267 1779 1400 1819 judicio
1415 1779 1561 1811 Senatus
1574 1791 1592 1819 ;.

119 1824 177 1865 qui
193 1827 309 1855 tantus
325 1827 389 1861 est,
416 1827 454 1853 ut
470 1824 752 1864 quemadmodum
779 1827 918 1867 Jupiter
941 1829 1142 1870 Aquilarum
1159 1841 1223 1871 ope
1239 1831 1352 1862 orbem
1375 1841 1586 1873 cognoscere

119 1876 247 1916 potuit,
258 1876 306 1907 sic
324 1881 361 1907 et
377 1875 549 1908 Honorius
563 1877 766 1909 Senatorum
783 1881 928 1911 concilio
945 1882 1053 1922 possit
1070 1883 1184 1915 orbem
1200 1883 1325 1914 metiri.

119 2040 401 2097 AnnnmsN
412 2069 453 2106 E,
476 2071 645 2111 precor,
666 2058 810 2101 doetae
831 2060 1036 2114 subjecta
1057 2067 1243 2105 catervae

177 2123 297 2165 Inter
318 2128 380 2164 tot
400 2138 618 2177 proceres,
638 2129 786 2166 nostra
807 2125 981 2177 Thalia,
1004 2129 1153 2182 loqui?

160 2231 192 2264 Ο
213 2231 323 2263 ΤΙιαΙὶα
338 2232 440 2264 Musa
456 2237 572 2271 nostra,
588 2246 628 2266 an
642 2236 778 2277 audebis,
793 2248 904 2279 quoeso,
919 2239 1000 2279 loqui
1015 2240 1156 2280 exposita
1171 2240 1261 2271 coetuz'
1276 2240 1409 2280 erudito,
1432 2239 1515 2270 inter
1531 2242 1577 2270 tot

731 2331 766 2342 oe
772 2332 845 2343 'eoo
852 2332 965 2345 'roceo

160 2392 339 2425 Recitavit
359 2394 446 2426 hunc
471 2395 724 2436 Panegyricum
749 2398 970 2440 Claudianus,
987 2404 1024 2431 ut
1041 2404 1136 2440 patet
1153 2410 1196 2431 ex
1213 2399 1423 2431 Praefatione
1440 2409 1506 2431 vsa.
1525 2401 1577 2430 19.

117 2439 154 2466 et
168 2438 222 2467 20.
269 2438 400 2468 Mallt'us
416 2443 528 2469 autem
548 2439 719 2470 vocandus
735 2441 789 2472 hic
807 2441 945 2473 Consul.
961 2443 1028 2474 vid.
1045 2443 1196 2483 Onnphr.
1214 2443 1245 2473 in
1264 2443 1355 2473 Fast.
1382 2452 1413 2482 p.
1431 2445 1504 2473 302.
1520 2441 1575 2472 ed.

118 2478 318 2511 Commelin.
374 2482 429 2512 De
446 2482 625 2513 consulatu
642 2482 752 2514 Mallii
768 2484 941 2517 Theodori
967 2486 1122 2517 meminit
1145 2486 1327 2525 Augustin.
1356 2485 1398 2516 de
1426 2485 1499 2516 Civ.
1528 2484 1574 2516 D.

770 2578 910 2611 NOTAE

162 2645 230 2686 FL]
274 2648 409 2679 Flavius
440 2649 579 2681 Mallius
607 2650 820 2692 Theodorus,
875 2663 951 2694 gam
974 2654 1093 2686 habuit
1119 2654 1152 2685 in
1181 2653 1323 2685 Oriente
1349 2650 1572 2690 Eutropium:

116 2693 169 2724 vir
205 2695 410 2729 clarissimus
448 2704 552 2740 atque
593 2701 820 2742 doctissimus,
873 2713 948 2735 nam
966 2705 1054 2736 alter
1070 2705 1193 2736 Consul
1209 2708 1281 2734 erat
1298 2703 1331 2733 in
1348 2701 1496 2742 Imperio
1509 2700 1572 2732 Ar-

119 2747 244 2779 Consul
258 2746 323 2779 fuit
337 2758 424 2780 anno
441 2750 581 2782 Domini
596 2755 671 2785 399.
709 2754 820 2785 Colle-
873 2753 976 2796 cadii,
1003 2754 1092 2787 alter
1116 2754 1150 2786 in
1177 2754 1324 2795 Imperio
1352 2751 1507 2791 Honorii,
1537 2756 1572 2782 at

203 2800 325 2843 Delph.
338 2804 368 2832 et
389 2802 463 2836 Var.
479 2804 563 2837 Clas.
800 2807 912 2839 Claud.
1416 2810 1437 2837 2
1455 2805 1484 2837 D
