1857 3177
456 212 517 241 DE
551 211 698 243 NUPT.
732 213 918 243 HONOR.
952 212 1011 243 ΕΤ
1046 213 1168 244 MAR.
1453 205 1539 246 325

82 305 380 359 Certatimque
401 307 528 347 novis
549 314 728 349 onerant
748 310 970 351 connubia
990 309 1136 350 donis.
1454 310 1536 350 165

82 373 265 426 Cingula
288 373 549 427 Cymothoe,
572 389 713 416 rarum
736 376 928 418 Galatea
943 377 1122 426 monile,

80 440 137 482 Et
157 442 362 493 gravibus
385 442 567 494 Spatale
590 445 742 484 baccis
766 444 967 484 diadema
988 445 1156 485 ferebat

80 506 322 557 Intextum,
346 510 476 549 rubro
498 524 608 563 quas
632 512 799 562 legerat
821 511 921 563 ipsa
942 511 1180 562 profundo.

80 573 238 628 Mergit
261 590 309 615 se
333 577 494 626 subito,
520 579 732 632 vellitque
750 577 915 618 coralia
939 577 1074 618 Doto.

78 641 239 683 Vimen
261 649 368 691 erat,
391 643 495 684 dum
518 650 675 697 stagna
699 645 845 685 subit:
880 651 1155 697 processerat
1179 645 1306 686 undis
1325 659 1333 686 ;
1451 646 1535 687 170

79 708 266 750 Gemma
287 710 379 751 fuit.
444 712 577 752 Nuda
599 712 816 752 Venerem
840 712 1017 751 cinxere
1039 717 1242 754 caterva:

79 776 437 832 Plaudentesque
458 780 585 819 simul
603 781 678 819 tali
702 793 801 819 cum
822 792 930 819 voce
962 784 1202 832 sequuntur
1220 794 1229 820 ε

135 844 236 885 Hos
260 845 414 886 Mariae
438 846 601 893 cultus,
624 845 719 886 haec
741 860 925 888 munera
946 852 1112 897 nostra,
1135 860 1383 901 precamur,

78 909 264 963 Reginae
288 911 460 963 Regina
481 912 611 953 feras.
674 913 760 954 Dic
780 914 888 954 talia
907 927 1130 968 nunquam

76 976 375 1020 Promeruisse
396 979 574 1031 Thetin,
600 994 680 1022 nec
704 995 803 1022 cum
827 995 950 1023 soror
972 981 1239 1036 Amphitrite
1450 983 1534 1025 175

73 1114 214 1146 viridem.
261 1118 304 1146 Et
332 1118 489 1147 cumulant
517 1118 661 1148 certatim
687 1119 917 1148 matrimonium
940 1118 1114 1148 muneribus
1139 1117 1321 1148 recentibus,
1367 1118 1535 1158 Cymotho'e'

73 1157 223 1197 afferebat
239 1169 366 1194 :orzam;
394 1160 528 1190 Galatea
545 1164 682 1200 torquem
700 1162 880 1200 pretiosum,
896 1164 924 1191 et
941 1161 1067 1200 Spatale
1082 1161 1224 1191 diadema
1241 1160 1433 1200 insignitum
1449 1171 1535 1199 gem-

72 1200 132 1230 mis
144 1201 372 1240 pulcherrimis,
389 1212 463 1242 quas
478 1203 543 1241 ipsa
560 1204 721 1242 collegerat
741 1204 772 1233 in
795 1204 873 1233 mari
898 1204 999 1234 rubro.
1049 1204 1129 1233 Doto
1153 1204 1265 1241 mergit
1293 1213 1323 1234 se
1344 1206 1480 1243 repente,
1503 1207 1532 1234 et

73 1243 177 1273 avellit
191 1245 337 1275 coralium
350 1256 361 1281 ;
386 1245 473 1285 qnod
493 1245 608 1281 frutex
620 1249 700 1283 erat,
715 1256 783 1275 cum
797 1247 895 1276 intrat
911 1255 1014 1284 aquas,
1029 1254 1104 1275 cum
1122 1245 1219 1275 exirit
1235 1246 1334 1284 aquis,
1358 1245 1534 1284 margarita

64 1284 145 1321 suit.
193 1287 298 1317 Coetus
315 1288 390 1317 nudi
406 1288 668 1317 circumdederunt
692 1288 848 1326 Venerem,
872 1290 900 1317 et
914 1297 975 1317 una
989 1289 1206 1326 applaudentes
1220 1291 1440 1326 prosequuntur
1456 1297 1531 1318 eam

73 1327 127 1357 hoc
140 1338 277 1359 sermone
290 1340 300 1359 .-
346 1330 503 1368 Rogamus
520 1334 566 1367 te,
584 1339 602 1360 o
628 1331 729 1360 Venus
748 1330 880 1368 Regina,
898 1333 931 1360 ut
957 1329 1071 1369 off'eras
1087 1330 1201 1359 Murice
1220 1330 1351 1367 Reginoe
1367 1330 1431 1359 hcec
1445 1340 1536 1360 orna·

72 1374 186 1410 menta,
202 1375 230 1401 et
253 1371 318 1401 hoec
347 1373 425 1402 dona
451 1375 566 1403 nostra.
613 1373 676 1403 Dic
709 1373 772 1412 ipsi
792 1373 955 1403 Thetidem
984 1382 1139 1412 nunquam
1170 1375 1360 1403 consecutam
1388 1381 1450 1403 esse
1480 1373 1534 1402 hos

686 1454 920 1466 αααααααααααα

107 1496 154 1528 ld.
165 1497 219 1528 ed.
231 1499 342 1529 Parm.
356 1504 391 1530 et
403 1499 621 1532 vicet—164
632 1501 696 1531 hoec
706 1500 832 1531 viridem
843 1501 895 1531 vel
904 1511 1078 1542 oequoreum
1088 1501 1166 1531 Vat.
1177 1503 1365 1532 torn—165
1387 1500 1535 1532 honorant

73 1548 187 1570 omnes
205 1540 298 1572 Vatt.
315 1543 386 1572 Pal.
400 1543 500 1573 Farn.
517 1544 613 1574 Rott.
629 1547 739 1574 ornant
755 1543 886 1574 'l'huam
903 1544 1119 1574 Pat.M01·et.
1132 1553 1199 1575 sec.
1211 1545 1296 1574 Exc.
1308 1543 1406 1574 Laeti.
1424 1548 1535 1574 ornant

72 1583 127 1612 vel
144 1587 271 1614 onerant
289 1585 439 1616 Florem.
476 1586 604 1616 conubia
633 1587 717 1616 Exc.
746 1586 998 1617 Gevart.—166
1034 1587 1200 1626 Cymothee
1222 1587 1322 1616 Fan-n.
1364 1586 1536 1625 Cymodoce

72 1625 233 1656 Vat.sec.
268 1628 419 1667 Cymedoe
435 1628 515 1658 Var.
531 1629 598 1659 LL.
616 1629 669 1659 ed.
687 1628 792 1658 Antv.
828 1639 932 1658 carum
958 1630 1080 1659 Petav.
1109 1631 1298 1659 terh—167
1327 1629 1437 1658 Patale
1453 1629 1534 1659 Vat.

72 1676 139 1698 sec.
159 1669 288 1700 Mazar.
330 1670 441 1700 Pucale
470 1671 563 1700 Med.
582 1676 693 1711 quart.
728 1671 856 1710 Spalale
886 1672 967 1703 Jun.
996 1681 1047 1711 pr.
1087 1671 1198 1702 Fatale
1227 1671 1314 1711 Reg.
1343 1671 1454 1702 Oxou.
1485 1681 1535 1711 pr.

73 1710 216 1749 Spectale
232 1712 285 1741 ed.
302 1712 415 1743 Vieet.
448 1713 579 1752 Pigmea
596 1713 678 1743 racis
694 1713 801 1744 Oisel.
838 1713 973 1752 Pigmea
1000 1713 1084 1744 bacis
1104 1714 1183 1744 Vat.
1213 1724 1262 1753 pr.
1292 1723 1334 1744 m.
1364 1723 1414 1753 pr.
1449 1714 1534 1744 (lacis

70 1753 210 1783 diadema
226 1754 310 1785 Exc.
339 1755 591 1787 Geva1·t.-los
629 1757 800 1787 Intextum.
828 1766 904 1787 curn
930 1756 1038 1797 τελείᾳ
1062 1758 1180 1797 στιγμῇ
1205 1757 1337 1787 'simam
1374 1757 1429 1786 illa
1451 1757 1534 1787 Vat.

71 1795 179 1835 quint.
196 1796 430 1828 Rott.Amb1-.
459 1802 620 1838 pru—169
651 1800 767 1829 Mersit
795 1799 923 1829 Mazar.
959 1800 1082 1830 cellitve
1115 1800 1188 1830 Pal.
1223 1799 1353 1829 corallia
1378 1799 1458 1830 Vat.
1482 1808 1534 1838 pr.

72 1837 172 1869 Farn.
189 1838 287 1872 Rott.
300 1841 385 1879 Reg.
418 1841 502 1872 Doto
520 1842 641 1872 Petav.
668 1851 736 1873 sec.
765 1841 861 1871 Med.
891 1845 971 1873 tert.
998 1841 1075 1872 cod.
1094 1842 1212 1881 Epigr.
1230 1840 1348 1871 Ambr.
1368 1841 1451 1871 Exc.
1468 1841 1535 1871 Lu·
1580 1855 1584 1858 ·

72 1889 162 1912 cens.
180 1891 247 1913 sec.
261 1883 344 1913 Var.
362 1883 428 1914 LL.
458 1893 476 1914 e
502 1894 606 1923 marg.
635 1884 750 1915 Parm.
786 1885 861 1914 Coto
888 1883 1006 1915 Ambr.
1034 1894 1085 1924 pr.
1109 1880 1215 1914 Dotho
1232 1884 1316 1913 Exc.
1340 1883 1471 1913 Schott.
1497 1887 1534 1913 et

72 1922 152 1954 Pat.
175 1924 258 1955 Dote
276 1925 341 1955 duo
357 1926 454 1956 Vatt.
469 1925 664 1958 Pa1.0ise1.
682 1925 777 1957 Med.
792 1935 842 1966 pr.
859 1931 893 1957 et
911 1936 977 1958 sec.
995 1937 1039 1957 m.
1057 1936 1108 1966 pr.
1124 1926 1205 1962 Put.
1222 1925 1288 1955 duo
1301 1925 1422 1956 Petav.
1437 1925 1532 1956 Leid.

71 1974 122 2004 pr.
150 1965 232 1998 Var.
252 1968 320 1998 LL.
337 1968 390 1999 ed.
409 1967 512 1998 Antv.
539 1969 646 1998 Dothe
661 1969 738 1999 Vat.
757 1968 863 2008 quint.
888 1968 979 2000 Prie.
1008 1969 1158 1999 Florent.
1186 1967 1279 1998 Med.
1307 1972 1418 2007 quart.
1449 1968 1533 1999 Exc.

73 2007 172 2038 Laeti.
195 2009 294 2039 Lotho
311 2009 388 2040 Ald.
415 2011 505 2040 Cloto
517 2011 596 2041 Vat.
613 2015 724 2051 quart.
742 2011 868 2041 Moret.
888 2020 935 2051 pr.
962 2011 1072 2041 Clotho
1089 2011 1172 2050 Reg.
1189 2011 1316 2041 Thnan.
1331 2010 1398 2041 duo
1410 2009 1534 2041 Petav.

74 2051 148 2081 Cloe
163 2051 241 2082 Vat.
258 2062 322 2083 sec.
340 2052 412 2082 cod.
431 2053 543 2083 Ursin.
584 2053 670 2083 Clote
698 2054 792 2083 Rott.
821 2053 886 2084 inc.
912 2053 1030 2083 Heius.
1049 2052 1168 2083 Ambr.
1197 2062 1264 2084 sec.
1290 2053 1419 2084 Mazar.
1448 2053 1532 2083 Exc.

73 2092 213 2125 Gevart.
240 2095 349 2124 Clothe
365 2095 419 2126 ed.
436 2096 548 2126 N'icet.
573 2096 658 2126 Doto
674 2101 707 2126 et
725 2095 857 2126 emend.
892 2097 981 2126 Clote
1006 2097 1087 2126 Lov.
1111 2096 1194 2126 Date
1217 2096 1269 2125 vel
1295 2096 1371 2125 Cute
1386 2095 1463 2126 Jun.
1481 2104 1533 2134 pr.

71 2135 159 2166 Doto
177 2137 230 2167 vel
250 2138 343 2177 Clyto
363 2138 485 2168 Moret.
505 2141 680 2168 seo—171
707 2141 813 2168 testere
838 2147 899 2177 pro
916 2138 1038 2168 cinxere
1052 2138 1130 2169 Var.
1151 2138 1216 2168 LL.
1233 2138 1286 2167 ed.
1301 2136 1405 2167 Antv.
1442 2138 1533 2167 muza:

70 2181 202 2209 catervae
219 2180 471 2219 quatuor-Van.
489 2180 562 2211 Pal.
578 2180 670 2211 Prie.
699 2180 804 2211 Oisel.
820 2179 938 2211 Ambr.
966 2190 1034 2211 sec.
1060 2181 1143 2211 Exc.
1168 2180 1269 2210 Laeti.
1304 2180 1385 2210 nuda
1408 2184 1533 2210 caterva

71 2220 188 2251 decem
205 2221 273 2260 alii,
291 2222 375 2253 Exc.
401 2223 545 2253 Lucens.
572 2232 624 2262 pr.
651 2223 704 2253 ed.
728 2223 842 2253 Pal-m.
860 2227 895 2253 et
911 2224 1025 2254 Vicet.
1059 2225 1139 2253 nuda
1162 2232 1272 2253 corona
1296 2222 1426 2253 Bonon.
1455 2222 1533 2252 Pat.

70 2264 153 2294 nuda
166 2267 289 2295 caterva
303 2265 355 2295 vel
372 2275 483 2295 corona
499 2265 615 2296 Oxou.
646 2275 712 2296 sec.
732 2264 850 2296 Ambr.
878 2275 929 2305 pr.
961 2267 1044 2296 mula
1067 2269 1191 2296 caterra
1214 2266 1265 2295 vel
1289 2266 1379 2295 auda*
1402 2268 1532 2295 caeervae

71 2305 168 2337 Med.
185 2316 252 2337 sec.
270 2308 354 2347 Reg.
370 2308 452 2339 Lov.
469 2308 584 2339 Oxon.
603 2317 653 2348 pr.
685 2309 774 2339 nuda*
800 2311 932 2339 catervae
959 2309 1012 2338 vel
1038 2310 1121 2339 nuda
1145 2318 1256 2338 corona
1272 2308 1350 2337 Vat.
1377 2317 1427 2348 pr.
1453 2307 1532 2337 Pur.

70 2347 192 2380 Petav.
209 2353 396 2380 tert—173
417 2351 549 2390 praemia
565 2350 644 2381 Put.
664 2354 833 2390 precantur
858 2352 912 2381 vel
934 2361 1096 2391 precamur
1111 2351 1205 2382 Med.
1222 2352 1377 2390 pr.—175
1412 2349 1533 2380 Thetim

71 2394 140 2421 tres
156 2391 251 2423 vatt.
291 2393 402 2423 Thetin
419 2393 569 2424 Florent.
587 2394 652 2424 inc.
671 2393 792 2424 Heius.
824 2394 1019 2435 Amphitrite
1034 2395 1167 2425 Bonon.
1195 2392 1405 2433 Amphitrites
1432 2392 1532 2423 Farn.

733 2473 875 2505 NOTAE

115 2539 174 2568 165
202 2538 342 2569 Onerant
368 2539 532 2579 connubia]
572 2540 774 2581 Cymothoe,
829 2546 865 2573 et
881 2540 958 2572 ideo
975 2539 1236 2581 pulchrioribus.
1259 2538 1346 2569 Vide
1361 2545 1411 2569 lv.
1430 2537 1528 2570 Cons.

73 2587 232 2628 Galatea,
262 2588 416 2628 Spatale,
462 2590 565 2629 Doto,
601 2591 771 2632 Nymphae
828 2592 919 2623 Hon.
939 2601 989 2622 vs.
1006 2594 1080 2622 601.

71 2637 225 2675 inarime,
262 2643 406 2670 onerant
431 2640 600 2672 Venerem
634 2642 771 2681 gemmis
871 2644 933 2672 170
983 2642 1091 2673 Vimen
1119 2639 1201 2679 erat]
1248 2638 1412 2670 Ovidius:
1447 2639 1528 2669 ‘Sic

73 2687 153 2725 suis,
180 2686 300 2727 quibus
322 2690 438 2719 Venus
466 2695 565 2721 ornet
589 2691 772 2731 connubia,
829 2701 963 2733 quoque
978 2692 1157 2729 coralium,
1179 2699 1244 2730 quo
1258 2690 1402 2730 primum
1420 2690 1529 2729 surgit

72 2741 260 2777 oneretque
275 2746 378 2767 novos
393 2739 567 2779 conjuges.
827 2742 860 2772 in
900 2750 998 2772 auras
1035 2742 1201 2780 Tempore
1229 2740 1393 2781 durescit,
1418 2741 1524 2771 molli*

117 2790 176 2819 167
215 2787 386 2828 Crat-ibus]
424 2789 575 2820 Gemmis
601 2790 775 2831 gravibus,
828 2790 896 2823 fuit
910 2791 1015 2823 herba
1032 2790 1094 2822 sub
1112 2789 1232 2822 nudis!
