1852 3193
214 197 299 241 212
692 210 766 239 ct„
801 208 1079 239 CLAUDIAM
1115 208 1202 237 vii.

211 302 358 352 Ensis,
377 307 421 343 et
441 303 618 344 ultrices
639 304 684 344 in
704 318 750 345 se
771 306 1038 345 converterat
1057 303 1146 343 iras

210 369 408 411 Tandem
422 371 548 424 justa
567 384 737 411 manus.
797 370 826 410 J
831 383 901 410 am
922 370 1120 410 libertate
1142 369 1340 420 reducta,

213 436 426 488 Quamvis
448 439 671 479 emeritum
692 442 860 490 peteret
882 437 1057 478 Natura
1077 438 1233 478 reverti

210 504 402 556 Numen,
426 512 471 546 et
494 509 667 546 auratas
688 510 901 547 astrorum
930 506 1143 559 panderet
1165 518 1305 554 arces,

210 571 485 627 Nutaretque
506 573 623 613 oneri
645 576 828 613 venturo
854 573 1059 613 conscius
1082 572 1228 622 Atlas,

210 639 398 681 Distulit
419 639 649 693 Augustus
673 639 840 692 cupido
863 652 909 679 se
930 639 1106 680 reddere
1129 639 1259 689 coelo,

212 706 330 747 Dum
349 708 429 748 tibi
451 711 658 761 pacatum
678 708 888 760 praesenti
911 707 1098 748 traderet
1119 707 1280 747 orbem.

211 772 309 814 Nec
330 788 478 827 mora3
511 775 726 815 Bistoniis
748 775 893 816 alacer
915 775 1143 827 consurgis
1165 775 1221 814 ab
1243 773 1348 823 oris,

1591 371 1677 411 105

1594 706 1679 747 110

205 871 405 912 profundam,
416 883 475 903 non
490 883 549 903 uno
561 884 641 913 ense,
656 878 686 905 et
699 875 825 913 gladius
839 875 983 914 geminus
997 874 1126 912 calebat,
1138 883 1173 903 ac
1185 873 1309 903 tandem
1328 873 1456 902 dextera
1474 871 1679 913 Arbogastis

202 913 294 951 justa
310 919 446 945 verterat
460 917 492 946 in
506 926 537 946 se
544 916 686 954 furorem
699 918 860 948 vindicem.
905 919 980 948 ,lam
996 918 1139 947 libertate
1154 917 1312 954 restituta,
1326 916 1397 945 licet
1411 918 1525 945 natura
1538 919 1677 955 posceret

211 955 441 988 Theodosium
471 968 529 988 seu
557 960 678 989 Numen
694 960 945 1000 officiosanctum
961 962 1074 998 redire,
1087 963 1178 998 atque
1194 959 1329 998 aperiret
1345 958 1448 988 domos
1460 967 1570 988 aureas
1588 959 1678 997 Coeli,

209 1001 241 1029 et
263 999 358 1030 Atlas
383 1009 565 1038 cognoscens
581 1004 761 1040 quateretur
785 1002 946 1041 opinione
972 1002 1116 1041 ponderis
1136 1000 1256 1038 futuri,
1280 1000 1441 1038 Augustus
1463 999 1678 1031 Theodosius

203 1042 449 1080 procrastinat-it
463 1043 579 1078 referre
602 1052 633 1072 se
650 1043 726 1072 Polo
742 1045 912 1082 expetenti,
928 1046 1022 1073 donec
1046 1043 1198 1082 proeberet
1215 1043 1274 1071 tibi
1287 1043 1436 1081 proescnti
1452 1046 1554 1073 terras
1565 1043 1678 1084 pacifi-

209 1093 271 1114 cas.
320 1084 487 1124 Continuo,
503 1093 522 1114 o
551 1084 697 1124 Honori,
711 1085 802 1115 loetus
817 1086 960 1123 exsurgis
974 1096 992 1115 α
1016 1085 1168 1115 tractibus
1187 1084 1341 1124 Thraciae‚
1361 1085 1475 1115 audens
1491 1088 1681 1117 transmeare

825 1168 1062 1180 eeeeeeeeeee

210 1222 272 1250 104
295 1220 418 1251 ultricis
440 1220 542 1251 Voss.
570 1231 623 1262 pr.
648 1222 839 1253 convertitur
864 1231 937 1253 aras
962 1222 1203 1253 Tholos.—105
1227 1232 1296 1254 cum
1323 1222 1465 1254 libertate
1491 1223 1571 1254 Vat.
1600 1226 1679 1255 tert.

209 1263 306 1294 Rott.
321 1263 431 1294 Oisel.
450 1263 570 1295 Ambr.
585 1273 653 1295 sec.
670 1265 765 1296 Med.
793 1274 862 1295 sec.
890 1275 932 1295 m.
962 1275 1013 1305 pr.
1038 1268 1103 1295 tum
1119 1265 1243 1296 Petav.
1263 1270 1345 1297 tert.
1365 1265 1433 1303 Jam
1460 1266 1513 1296 vel
1529 1275 1597 1297 cum
1611 1267 1678 1297 inc.

208 1305 332 1336 Heius.
358 1309 480 1346 recepta
505 1306 708 1337 Pric.—106
736 1307 945 1342 Qaantumris
974 1308 1058 1339 Exc.
1086 1309 1294 1339 Voss—*107
1317 1311 1401 1340 artes
1417 1309 1498 1339 Var.
1526 1309 1598 1340 LL.
1620 1308 1676 1340 ed.

210 1346 427 1379 Antv.—108
453 1349 671 1389 Nuptaretque
686 1350 769 1380 Var.
787 1350 853 1381 LL.
871 1350 925 1380 ed.
944 1349 1048 1381 Antv.
1076 1351 1175 1381 oneris
1199 1353 1323 1382 venturi
1346 1352 1431 1381 Exc.
1450 1352 1592 1382 Lucens.
1610 1361 1679 1383 sec.

209 1390 295 1420 oneri
311 1391 365 1421 vel
382 1401 486 1421 coram
502 1392 695 1431 Reg.—-109
719 1392 855 1423 Sustulit
879 1392 956 1423 Pal.
982 1397 1074 1433 capto
1090 1393 1169 1425 Jun.
1198 1404 1246 1433 pr.
1265 1394 1322 1434 qui
1338 1399 1373 1424 et
1390 1395 1528 1425 condere.
1552 1395 1680 1425 reddere

209 1438 356 1474 quatuor
371 1434 450 1464 Vat.
468 1434 543 1465 Pal.
560 1435 660 1465 Farn.
676 1436 800 1466 credere
816 1435 934 1466 decern
961 1436 1029 1475 alii,
1052 1437 1135 1466 Exc.
1164 1436 1296 1467 Scliott.
1314 1442 1349 1467 et
1366 1441 1431 1467 vet.
1451 1436 1538 1467 Cod.
1554 1436 1678 1468 Rhem.

208 1475 258 1506 ita
274 1475 380 1507 Gesn.
395 1482 429 1506 et
447 1477 635 1517 Bip.—110
657 1477 716 1508 sibi
732 1479 810 1508 Var.
839 1478 908 1509 LL.
927 1479 979 1510 ed.
999 1478 1100 1509 Antv.
1126 1480 1283 1518 placatam
1309 1479 1384 1510 Pal.
1406 1479 1539 1510 Tholos.
1558 1478 1678 1511 Ambr.

210 1527 265 1557 pr.
293 1522 474 1558 pra-sentem
500 1520 579 1550 Vat.
599 1524 678 1551 tert.
702 1522 875 1561 proesertim
906 1522 1001 1552 Rott.
1033 1523 1176 1552 redderet
1204 1532 1264 1562 pro
1291 1523 1429 1553 traderet
1452 1523 1581 1553 Moret.
1610 1531 1679 1554 sec.

209 1560 349 1593 Tholos.
367 1563 491 1593 Petav.
508 1566 695 1594 tem-111
720 1565 878 1602 consurgit
894 1564 959 1594 duo
976 1565 1055 1595 Vat.
1071 1565 1168 1596 Med.
1187 1569 1265 1596 tert.
1281 1565 1363 1597 Jun.
1381 1575 1431 1605 pr.
1449 1564 1530 1596 Pat.
1546 1565 1678 1596 Bouon.

209 1601 331 1636 Ambr.
348 1614 399 1645 pr.
415 1604 558 1644 confugit
574 1606 669 1637 Med.
696 1616 762 1637 sec.
779 1606 859 1638 Put.
884 1607 968 1638 Lov.
996 1607 1118 1638 Petav.
1145 1617 1215 1638 sec.
1241 1607 1340 1639 Leid.
1358 1618 1376 1638 a
1390 1618 1435 1639 m.
1452 1617 1504 1648 pr.
1519 1607 1679 1647 consurgit

872 1683 1011 1715 NOTAE

208 1746 322 1782 gastos
356 1744 477 1774 Comes
508 1745 736 1776 Valentiniani
774 1747 915 1778 secundi

208 1798 393 1825 commotus
425 1795 458 1825 in
490 1796 685 1836 Principem
710 1797 752 1827 ob
777 1797 913 1827 missum

206 1843 270 1874 sibi
294 1844 447 1875 libellum
472 1851 768 1885 exauctorantem,
803 1848 916 1878 onmia

206 1894 428 1933 permiscuit:
455 1896 512 1925 sed
531 1896 649 1936 inipso
667 1896 759 1927 aditu
775 1896 915 1937 Alpium

207 1951 248 1973 eo
264 1942 513 1984 desperationis
529 1946 698 1977 adductus
715 1952 767 1977 est
782 1957 800 1976 a
812 1948 916 1977 Theo-

207 1992 315 2030 dosio,
346 2001 379 2024 ut
411 1995 473 2025 sibi
503 2002 644 2027 mortem
671 2000 915 2037 conscisceret,

206 2045 358 2085 repetito
374 2046 462 2075 ensis
478 2047 558 2078 ictu.

252 2097 312 2126 105
342 2096 475 2127 Tandem
494 2098 584 2134 J'usla
609 2098 730 2138 manus]
758 2099 912 2129 'l‘anilem

207 2143 416 2186 Arbogastes
434 2148 465 2177 in
483 2158 519 2178 se
548 2151 718 2180 convertit
735 2151 802 2180 iras
820 2151 913 2181 ultri-

208 2205 277 2236 ces,
291 2201 327 2226 et
343 2206 377 2226 se
389 2198 486 2236 justa
503 2208 603 2229 mauu
615 2200 755 2238 occidit,
769 2211 833 2240 qua
848 2201 913 2232 Va-

205 2246 430 2277 lentinianum
450 2247 641 2288 Augustum
657 2249 787 2280 nefarie
805 2257 912 2281 stran-

205 2296 338 2336 gulasse
356 2297 546 2329 dicebatur.

250 2351 313 2379 106
342 2349 514 2380 Emeritam
530 2350 666 2389 Numen]
684 2350 790 2382 Quasi
805 2351 911 2381 Theo-

205 2398 330 2438 dosius,
347 2406 382 2430 ut
405 2401 551 2439 Numen,
578 2411 596 2431 e
621 2402 705 2431 coelo
730 2401 910 2440 deciderit,

204 2453 244 2480 ut
261 2451 377 2480 orbem
406 2454 569 2490 placaret,
593 2452 825 2492 tumultusque
853 2462 909 2482 ex-

204 2502 390 2543 tingueret,
406 2510 438 2533 et
458 2505 518 2533 lion
536 2503 645 2534 officio
667 2504 859 2542 defunctus,
874 2511 909 2536 et

204 2553 299 2583 velut
316 2554 475 2583 emeritus
502 2554 629 2585 rediret
653 2555 695 2585 ad
714 2556 834 2585 coelum
854 2566 909 2594 pa-

204 2602 319 2634 trium.
370 2605 526 2635 Emeritus
547 2605 623 2635 olim
642 2605 836 2642 dicebatur,
853 2607 909 2646 qui

204 2661 268 2693 per
293 2660 422 2685 certum
453 2661 587 2695 tempus
604 2656 635 2685 in
654 2655 754 2686 Circo
782 2666 909 2696 pugua-

205 2709 315 2743 verat,
329 2711 364 2736 et
380 2705 421 2735 ab
448 2706 506 2736 illa
525 2716 638 2747 pugna
662 2705 824 2746 deinceps
850 2707 909 2737 im-

204 2756 315 2787 munis
333 2760 427 2789 erat:
464 2756 543 2788 iude
560 2756 765 2797 transfertur
779 2757 822 2788 ad
840 2767 908 2799 eos,

970 1746 1027 1787 qui
1057 1746 1213 1778 defuncti
1241 1751 1331 1786 sunt,
1358 1750 1394 1777 et
1421 1747 1514 1777 velut
1540 1744 1678 1787 fatigati

970 1797 1172 1838 quibusdam
1189 1797 1373 1827 laboribus.
1540 1788 1544 1793 '

1015 1850 1156 1890 Natura]
1181 1849 1277 1880 Ordo
1304 1850 1360 1880 ille
1389 1859 1499 1880 rerum
1525 1848 1675 1879 omnium

969 1900 1090 1931 seriem
1121 1901 1318 1939 continens3
1357 1901 1409 1930 vel
1434 1898 1549 1940 potius
1577 1900 1675 1930 Deus

969 1951 1040 1991 ipse
1058 1957 1176 1983 auctor
1193 1957 1336 1982 naturae.

1014 2005 1074 2032 107
1091 2002 1230 2032 Auratas
1244 2006 1397 2032 astrorum
1413 2002 1562 2040 panderet
1577 2000 1677 2040 arces]

969 2051 1158 2082 Theodosio
1167 2062 1370 2083 ascensuro:
1387 2051 1677 2092 credebantquip-

970 2112 1025 2141 pe,
1054 2107 1090 2133 ut
1115 2102 1272 2140 diximus,
1298 2109 1391 2133 ortas
1413 2112 1455 2133 ex
1481 2103 1587 2133 stellis
1604 2103 1676 2134 He-

968 2162 1062 2183 roum
1079 2153 1220 2191 animas,
1236 2154 1315 2185 illuc
1333 2153 1457 2184 redire.

1012 2207 1073 2234 108
1100 2204 1254 2243 Nutaret]
1279 2206 1389 2235 Fit-tio
1408 2204 1674 2246 Poetarum,qui

967 2253 1126 2283 dicebant
1148 2254 1278 2284 Heroas
1298 2255 1372 2284 aliis
1387 2255 1579 2285 hominibus
1595 2265 1671 2286 esse

966 2303 1151 2341 graviores.

1010 2356 1071 2383 109
1094 2353 1271 2394 Augustus]
1287 2355 1515 2386 Theodosius:
1542 2355 1585 2386 ab
1601 2354 1673 2386 Au-

965 2408 1064 2443 gusto
1079 2405 1214 2436 Caesare
1228 2406 1336 2436 ceteri
1349 2406 1578 2446 Imperatores
1588 2405 1673 2438 dicti

966 2454 1124 2494 Augusti·

1009 2507 1070 2533 110
1096 2505 1264 2546 Proesenti]
1286 2506 1492 2536 Theodosius
1508 2506 1671 2537 Constan-

966 2554 1108 2593 tinopoli
1136 2561 1317 2595 aegrotans,
1345 2556 1526 2586 accersivit
1551 2556 1669 2587 Hono-

963 2605 1060 2642 rium,
1089 2615 1154 2645 quo
1184 2610 1350 2645 praesente
1381 2607 1470 2635 visus
1498 2606 1670 2637 convales-

962 2664 1058 2686 cere:
1084 2665 1159 2686 mox
1178 2655 1255 2686 filiis
1272 2656 1451 2696 imperium
1468 2655 1623 2697 tradidit,
1634 2660 1670 2688 et

962 2705 1067 2736 vitam
1084 2706 1235 2746 reliquit.

1005 2758 1065 2787 111
1090 2756 1261 2796 Bistoniis]
1284 2757 1440 2788 Bistones
1455 2760 1534 2790 sunt
1548 2756 1668 2800 populi
