<?xml version="1.0" encoding="UTF-8"?>
<!DOCTYPE html PUBLIC "-//W3C//DTD XHTML 1.0 Transitional//EN"
    "http://www.w3.org/TR/xhtml1/DTD/xhtml1-transitional.dtd">
<html xmlns="http://www.w3.org/1999/xhtml" xml:lang="en" lang="en">
 <head>
  <title>
</title>
<meta http-equiv="Content-Type" content="text/html;charset=utf-8" />
  <meta name='ocr-system' content='tesseract 3.04.00' />
  <meta name='ocr-capabilities' content='ocr_page ocr_carea ocr_par ocr_line ocrx_word'/>
</head>
<body>
  <div class='ocr_page' id='page_1' title='image "./operaomniaexedit01clauuoft_0476.png"; bbox 0 0 1852 3193; ppageno 0'>
   <div class='ocr_carea' id='block_1_1' title="bbox 193 183 1167 224">
    <p class='ocr_par' dir='ltr' id='par_1_1' title="bbox 193 183 1167 224">
     <span class='ocr_line' id='line_1_1' title="bbox 193 183 1167 224; baseline -0.008 0"><span class='ocrx_word' id='word_1_1' title='bbox 193 183 281 224; x_wconf 75' lang='lat'>456</span> <span class='ocrx_word' id='word_1_2' title='bbox 618 192 692 221; x_wconf 78' lang='lat' dir='ltr'>ct..</span> <span class='ocrx_word' id='word_1_3' title='bbox 724 187 1004 220; x_wconf 63' lang='lat' dir='ltr'>cniiuniANi</span> <span class='ocrx_word' id='word_1_4' title='bbox 1041 186 1167 217; x_wconf 80' lang='lat' dir='ltr'>xvu.</span> 
     </span>
    </p>
   </div>
   <div class='ocr_carea' id='block_1_2' title="bbox 195 281 1350 883">
    <p class='ocr_par' dir='ltr' id='par_1_2' title="bbox 197 281 1056 334">
     <span class='ocr_line' id='line_1_2' title="bbox 197 281 1056 334; baseline -0.008 -7"><span class='ocrx_word' id='word_1_5' title='bbox 197 286 395 328; x_wconf 77' lang='lat' dir='ltr'>Pendula</span> <span class='ocrx_word' id='word_1_6' title='bbox 418 287 575 326; x_wconf 83' lang='lat' dir='ltr'>librato</span> <span class='ocrx_word' id='word_1_7' title='bbox 596 286 699 334; x_wconf 60' lang='lat' dir='ltr'>figat</span> <span class='ocrx_word' id='word_1_8' title='bbox 720 282 905 334; x_wconf 78' lang='lat' dir='ltr'>vestigia</span> <span class='ocrx_word' id='word_1_9' title='bbox 926 281 1056 322; x_wconf 83' lang='lat' dir='ltr'>saltu.</span> 
     </span>
    </p>

    <p class='ocr_par' dir='ltr' id='par_1_3' title="bbox 195 348 1350 883">
     <span class='ocr_line' id='line_1_3' title="bbox 195 348 1320 407; baseline -0.005 -12"><span class='ocrx_word' id='word_1_10' title='bbox 195 354 362 395; x_wconf 70' lang='lat' dir='ltr'>Mobile</span> <span class='ocrx_word' id='word_1_11' title='bbox 385 354 651 407; x_wconf 64' lang='lat' dir='ltr'>ponderibus</span> <span class='ocrx_word' id='word_1_12' title='bbox 674 350 912 391; x_wconf 80' lang='lat' dir='ltr'>descendat</span> <span class='ocrx_word' id='word_1_13' title='bbox 932 363 1091 402; x_wconf 79' lang='lat' dir='ltr'>pegma</span> <span class='ocrx_word' id='word_1_14' title='bbox 1109 348 1320 397; x_wconf 80' lang='lat' dir='ltr'>reductis,</span> 
     </span>
     <span class='ocr_line' id='line_1_4' title="bbox 195 417 1339 475; baseline -0.006 -13"><span class='ocrx_word' id='word_1_15' title='bbox 195 422 331 475; x_wconf 83' lang='lat' dir='ltr'>Inque</span> <span class='ocrx_word' id='word_1_16' title='bbox 355 422 471 461; x_wconf 80' lang='lat' dir='ltr'>chori</span> <span class='ocrx_word' id='word_1_17' title='bbox 495 421 686 473; x_wconf 75' lang='lat' dir='ltr'>speciem</span> <span class='ocrx_word' id='word_1_18' title='bbox 708 422 961 472; x_wconf 73' lang='lat' dir='ltr'>spargentes</span> <span class='ocrx_word' id='word_1_19' title='bbox 982 417 1115 458; x_wconf 80' lang='lat' dir='ltr'>ardna</span> <span class='ocrx_word' id='word_1_20' title='bbox 1136 418 1339 457; x_wconf 82' lang='lat' dir='ltr'>flammas</span> 
     </span>
     <span class='ocr_line' id='line_1_5' title="bbox 197 485 1260 539; baseline -0.006 -9"><span class='ocrx_word' id='word_1_21' title='bbox 197 490 339 530; x_wconf 85' lang='lat' dir='ltr'>Scena</span> <span class='ocrx_word' id='word_1_22' title='bbox 360 494 467 529; x_wconf 73' lang='lat' dir='ltr'>rotet</span> <span class='ocrx_word' id='word_1_23' title='bbox 486 502 494 528; x_wconf 92' lang='lat'><strong>:</strong></span> <span class='ocrx_word' id='word_1_24' title='bbox 527 488 674 527; x_wconf 74' lang='lat' dir='ltr'>varios</span> <span class='ocrx_word' id='word_1_25' title='bbox 695 486 868 539; x_wconf 80' lang='lat' dir='ltr'>effingat</span> <span class='ocrx_word' id='word_1_26' title='bbox 892 485 1112 525; x_wconf 81' lang='lat' dir='ltr'>Mulciber</span> <span class='ocrx_word' id='word_1_27' title='bbox 1133 486 1260 524; x_wconf 82' lang='lat' dir='ltr'>orbes</span> 
     </span>
     <span class='ocr_line' id='line_1_6' title="bbox 197 553 1253 609; baseline -0.006 -11"><span class='ocrx_word' id='word_1_28' title='bbox 197 557 281 598; x_wconf 92' lang='lat' dir='ltr'>Per</span> <span class='ocrx_word' id='word_1_29' title='bbox 301 557 478 597; x_wconf 77' lang='lat' dir='ltr'>tabulas</span> <span class='ocrx_word' id='word_1_30' title='bbox 502 557 674 609; x_wconf 86' lang='lat' dir='ltr'>impune</span> <span class='ocrx_word' id='word_1_31' title='bbox 698 568 846 607; x_wconf 56' lang='grc' dir='ltr'>γῆξ-ηε,</span> <span class='ocrx_word' id='word_1_32' title='bbox 867 554 1091 607; x_wconf 83' lang='lat' dir='ltr'>pictaeque</span> <span class='ocrx_word' id='word_1_33' title='bbox 1113 553 1253 593; x_wconf 79' lang='lat' dir='ltr'>citato</span> 
     </span>
     <span class='ocr_line' id='line_1_7' title="bbox 197 621 1283 677; baseline -0.006 -10"><span class='ocrx_word' id='word_1_34' title='bbox 197 626 376 667; x_wconf 77' lang='lat' dir='ltr'>Ludant</span> <span class='ocrx_word' id='word_1_35' title='bbox 397 626 494 677; x_wconf 60' lang='lat' dir='ltr'>igne</span> <span class='ocrx_word' id='word_1_36' title='bbox 517 626 680 674; x_wconf 77' lang='lat' dir='ltr'>trabes,</span> <span class='ocrx_word' id='word_1_37' title='bbox 712 629 756 664; x_wconf 89' lang='lat' dir='ltr'>et</span> <span class='ocrx_word' id='word_1_38' title='bbox 782 637 867 664; x_wconf 88' lang='lat' dir='ltr'>non</span> <span class='ocrx_word' id='word_1_39' title='bbox 889 623 1104 676; x_wconf 83' lang='lat' dir='ltr'>permissa</span> <span class='ocrx_word' id='word_1_40' title='bbox 1125 621 1283 661; x_wconf 82' lang='lat' dir='ltr'>morari</span> 
     </span>
     <span class='ocr_line' id='line_1_8' title="bbox 199 690 1195 747; baseline -0.003 -13"><span class='ocrx_word' id='word_1_41' title='bbox 199 694 313 734; x_wconf 76' lang='lat' dir='ltr'>Fida</span> <span class='ocrx_word' id='word_1_42' title='bbox 335 708 409 747; x_wconf 78' lang='lat' dir='ltr'>per</span> <span class='ocrx_word' id='word_1_43' title='bbox 431 695 641 734; x_wconf 79' lang='lat' dir='ltr'>innocuas</span> <span class='ocrx_word' id='word_1_44' title='bbox 663 697 801 733; x_wconf 80' lang='lat' dir='ltr'><strong>errent</strong></span> <span class='ocrx_word' id='word_1_45' title='bbox 816 690 1021 731; x_wconf 80' lang='lat' dir='ltr'>incendia</span> <span class='ocrx_word' id='word_1_46' title='bbox 1041 693 1195 731; x_wconf 76' lang='lat' dir='ltr'>turres.</span> 
     </span>
     <span class='ocr_line' id='line_1_9' title="bbox 198 757 1198 812; baseline -0.006 -10"><span class='ocrx_word' id='word_1_47' title='bbox 198 761 401 802; x_wconf 79' lang='lat' dir='ltr'>Lascivae</span> <span class='ocrx_word' id='word_1_48' title='bbox 425 763 569 802; x_wconf 80' lang='lat' dir='ltr'>subito</span> <span class='ocrx_word' id='word_1_49' title='bbox 593 760 831 812; x_wconf 80' lang='lat' dir='ltr'>confligant</span> <span class='ocrx_word' id='word_1_50' title='bbox 852 771 1028 812; x_wconf 84' lang='lat' dir='ltr'>aequore</span> <span class='ocrx_word' id='word_1_51' title='bbox 1048 757 1198 805; x_wconf 87' lang='lat' dir='ltr'>lembi,</span> 
     </span>
     <span class='ocr_line' id='line_1_10' title="bbox 200 826 1350 883; baseline -0.005 -13"><span class='ocrx_word' id='word_1_52' title='bbox 200 830 451 883; x_wconf 75' lang='lat' dir='ltr'>Stagnaque</span> <span class='ocrx_word' id='word_1_53' title='bbox 471 830 707 881; x_wconf 71' lang='lat' dir='ltr'>remigibus</span> <span class='ocrx_word' id='word_1_54' title='bbox 727 830 928 881; x_wconf 82' lang='lat' dir='ltr'>spument</span> <span class='ocrx_word' id='word_1_55' title='bbox 947 827 1143 866; x_wconf 78' lang='lat' dir='ltr'>immissa</span> <span class='ocrx_word' id='word_1_56' title='bbox 1163 826 1350 865; x_wconf 79' lang='lat' dir='ltr'>canoris.</span> 
     </span>
    </p>
   </div>
   <div class='ocr_carea' id='block_1_3' title="bbox 1566 346 1654 388">
    <p class='ocr_par' dir='ltr' id='par_1_4' title="bbox 1566 346 1654 388">
     <span class='ocr_line' id='line_1_11' title="bbox 1566 346 1654 388; baseline 0 0"><span class='ocrx_word' id='word_1_57' title='bbox 1566 346 1654 388; x_wconf 74' lang='lat'>325</span> 
     </span>
    </p>
   </div>
   <div class='ocr_carea' id='block_1_4' title="bbox 1572 686 1658 741">
    <p class='ocr_par' dir='ltr' id='par_1_5' title="bbox 1572 686 1658 741">
     <span class='ocr_line' id='line_1_12' title="bbox 1572 686 1658 741; baseline 0 0"><span class='ocrx_word' id='word_1_58' title='bbox 1572 686 1658 741; x_wconf 77' lang='lat'>330</span> 
     </span>
    </p>
   </div>
   <div class='ocr_carea' id='block_1_5' title="bbox 198 920 1664 1180">
    <p class='ocr_par' dir='ltr' id='par_1_6' title="bbox 198 920 1664 1180">
     <span class='ocr_line' id='line_1_13' title="bbox 198 920 1660 967; baseline -0.005 -9"><span class='ocrx_word' id='word_1_59' title='bbox 198 928 253 958; x_wconf 78' lang='lat' dir='ltr'>bus</span> <span class='ocrx_word' id='word_1_60' title='bbox 272 930 319 958; x_wconf 77' lang='lat' dir='ltr'>vel</span> <span class='ocrx_word' id='word_1_61' title='bbox 331 928 481 961; x_wconf 76' lang='lat' dir='ltr'>cruribus,</span> <span class='ocrx_word' id='word_1_62' title='bbox 493 932 585 967; x_wconf 80' lang='lat' dir='ltr'>ponat</span> <span class='ocrx_word' id='word_1_63' title='bbox 601 928 692 967; x_wconf 83' lang='lat' dir='ltr'>pedes</span> <span class='ocrx_word' id='word_1_64' title='bbox 705 936 864 966; x_wconf 79' lang='lat' dir='ltr'>suspensos</span> <span class='ocrx_word' id='word_1_65' title='bbox 875 925 1041 955; x_wconf 76' lang='lat' dir='ltr'>saltatione</span> <span class='ocrx_word' id='word_1_66' title='bbox 1057 924 1181 954; x_wconf 81' lang='lat' dir='ltr'>librata.</span> <span class='ocrx_word' id='word_1_67' title='bbox 1232 923 1380 954; x_wconf 79' lang='lat' dir='ltr'>Machina</span> <span class='ocrx_word' id='word_1_68' title='bbox 1396 923 1510 963; x_wconf 79' lang='lat' dir='ltr'>lignea</span> <span class='ocrx_word' id='word_1_69' title='bbox 1535 920 1660 952; x_wconf 80' lang='lat' dir='ltr'>mobilis</span> 
     </span>
     <span class='ocr_line' id='line_1_14' title="bbox 198 964 1663 1009; baseline -0.005 -8"><span class='ocrx_word' id='word_1_70' title='bbox 198 971 360 1001; x_wconf 74' lang='lat' dir='ltr'>delabatur</span> <span class='ocrx_word' id='word_1_71' title='bbox 373 971 557 1009; x_wconf 71' lang='lat' dir='ltr'>ponderibus</span> <span class='ocrx_word' id='word_1_72' title='bbox 574 975 664 1000; x_wconf 80' lang='lat' dir='ltr'>retro</span> <span class='ocrx_word' id='word_1_73' title='bbox 680 969 873 1006; x_wconf 70' lang='lat' dir='ltr'>aclcluctis‚et</span> <span class='ocrx_word' id='word_1_74' title='bbox 890 968 991 997; x_wconf 81' lang='lat' dir='ltr'>instar</span> <span class='ocrx_word' id='word_1_75' title='bbox 1003 967 1088 997; x_wconf 80' lang='lat' dir='ltr'>chori</span> <span class='ocrx_word' id='word_1_76' title='bbox 1103 968 1259 997; x_wconf 80' lang='lat' dir='ltr'>theatrum</span> <span class='ocrx_word' id='word_1_77' title='bbox 1272 968 1384 997; x_wconf 82' lang='lat' dir='ltr'>elatum</span> <span class='ocrx_word' id='word_1_78' title='bbox 1398 967 1495 996; x_wconf 69' lang='lat' dir='ltr'>vibret</span> <span class='ocrx_word' id='word_1_79' title='bbox 1514 966 1604 1003; x_wconf 83' lang='lat' dir='ltr'>ignes</span> <span class='ocrx_word' id='word_1_80' title='bbox 1614 964 1663 995; x_wconf 79' lang='lat' dir='ltr'>in-</span> 
     </span>
     <span class='ocr_line' id='line_1_15' title="bbox 199 1008 1660 1052; baseline -0.003 -9"><span class='ocrx_word' id='word_1_81' title='bbox 199 1024 321 1044; x_wconf 78' lang='lat' dir='ltr'>nocuos.</span> <span class='ocrx_word' id='word_1_82' title='bbox 383 1014 535 1043; x_wconf 66' lang='lat' dir='ltr'>Vulcanus</span> <span class='ocrx_word' id='word_1_83' title='bbox 560 1011 701 1052; x_wconf 80' lang='lat' dir='ltr'>efformet</span> <span class='ocrx_word' id='word_1_84' title='bbox 718 1020 813 1052; x_wconf 78' lang='lat' dir='ltr'>gyros</span> <span class='ocrx_word' id='word_1_85' title='bbox 839 1010 985 1047; x_wconf 66' lang='lat' dir='ltr'>aiva-sos,</span> <span class='ocrx_word' id='word_1_86' title='bbox 1008 1018 1117 1039; x_wconf 81' lang='lat' dir='ltr'>errans</span> <span class='ocrx_word' id='word_1_87' title='bbox 1145 1009 1210 1039; x_wconf 83' lang='lat' dir='ltr'>sine</span> <span class='ocrx_word' id='word_1_88' title='bbox 1237 1010 1347 1039; x_wconf 69' lang='lat' dir='ltr'>(latrina</span> <span class='ocrx_word' id='word_1_89' title='bbox 1370 1018 1425 1048; x_wconf 79' lang='lat' dir='ltr'>per</span> <span class='ocrx_word' id='word_1_90' title='bbox 1450 1008 1603 1045; x_wconf 76' lang='lat' dir='ltr'>tabutata,</span> <span class='ocrx_word' id='word_1_91' title='bbox 1628 1009 1660 1037; x_wconf 78' lang='lat' dir='ltr'>et</span> 
     </span>
     <span class='ocr_line' id='line_1_16' title="bbox 200 1051 1664 1095; baseline -0.005 -9"><span class='ocrx_word' id='word_1_92' title='bbox 200 1055 303 1086; x_wconf 83' lang='lat' dir='ltr'>trabes</span> <span class='ocrx_word' id='word_1_93' title='bbox 316 1056 453 1095; x_wconf 76' lang='lat' dir='ltr'>pulchroe</span> <span class='ocrx_word' id='word_1_94' title='bbox 471 1054 776 1094; x_wconf 62' lang='lat' dir='ltr'>luxurientflammis</span> <span class='ocrx_word' id='word_1_95' title='bbox 798 1053 957 1089; x_wconf 81' lang='lat' dir='ltr'>celeribus,</span> <span class='ocrx_word' id='word_1_96' title='bbox 975 1056 1004 1082; x_wconf 87' lang='lat' dir='ltr'>et</span> <span class='ocrx_word' id='word_1_97' title='bbox 1032 1053 1119 1090; x_wconf 74' lang='lat' dir='ltr'>ignes</span> <span class='ocrx_word' id='word_1_98' title='bbox 1144 1062 1201 1081; x_wconf 81' lang='lat' dir='ltr'>non</span> <span class='ocrx_word' id='word_1_99' title='bbox 1217 1051 1358 1090; x_wconf 79' lang='lat' dir='ltr'>permissi</span> <span class='ocrx_word' id='word_1_100' title='bbox 1381 1052 1532 1089; x_wconf 78' lang='lat' dir='ltr'>cunctari,</span> <span class='ocrx_word' id='word_1_101' title='bbox 1554 1059 1664 1081; x_wconf 75' lang='lat' dir='ltr'>excur-</span> 
     </span>
     <span class='ocr_line' id='line_1_17' title="bbox 198 1093 1659 1137; baseline -0.004 -9"><span class='ocrx_word' id='word_1_102' title='bbox 198 1101 270 1128; x_wconf 85' lang='lat' dir='ltr'>rant</span> <span class='ocrx_word' id='word_1_103' title='bbox 298 1098 421 1137; x_wconf 75' lang='lat' dir='ltr'>benigni</span> <span class='ocrx_word' id='word_1_104' title='bbox 448 1109 502 1137; x_wconf 83' lang='lat' dir='ltr'>per</span> <span class='ocrx_word' id='word_1_105' title='bbox 526 1108 611 1128; x_wconf 83' lang='lat' dir='ltr'>arces</span> <span class='ocrx_word' id='word_1_106' title='bbox 635 1098 759 1128; x_wconf 46' lang='lat' dir='ltr'>illavsaS.</span> <span class='ocrx_word' id='word_1_107' title='bbox 807 1096 912 1126; x_wconf 77' lang='lat' dir='ltr'>Nat-es</span> <span class='ocrx_word' id='word_1_108' title='bbox 937 1095 1132 1125; x_wconf 72' lang='lat' dir='ltr'>lascivientes</span> <span class='ocrx_word' id='word_1_109' title='bbox 1156 1097 1297 1133; x_wconf 73' lang='lat' dir='ltr'>pugnent</span> <span class='ocrx_word' id='word_1_110' title='bbox 1321 1094 1353 1124; x_wconf 87' lang='lat' dir='ltr'>in</span> <span class='ocrx_word' id='word_1_111' title='bbox 1378 1094 1458 1124; x_wconf 83' lang='lat' dir='ltr'>mari</span> <span class='ocrx_word' id='word_1_112' title='bbox 1487 1093 1659 1132; x_wconf 78' lang='lat' dir='ltr'>repentino,</span> 
     </span>
     <span class='ocr_line' id='line_1_18' title="bbox 199 1135 1662 1180; baseline -0.004 -9"><span class='ocrx_word' id='word_1_113' title='bbox 199 1144 226 1172; x_wconf 71' lang='lat' dir='ltr'>el</span> <span class='ocrx_word' id='word_1_114' title='bbox 244 1151 330 1180; x_wconf 77' lang='lat' dir='ltr'>aqua&gt;</span> <span class='ocrx_word' id='word_1_115' title='bbox 345 1142 530 1171; x_wconf 63' lang='lat' dir='ltr'>introducta</span> <span class='ocrx_word' id='word_1_116' title='bbox 545 1141 706 1180; x_wconf 81' lang='lat' dir='ltr'>agitentur</span> <span class='ocrx_word' id='word_1_117' title='bbox 729 1152 746 1169; x_wconf 83' lang='lat' dir='ltr'>a</span> <span class='ocrx_word' id='word_1_118' title='bbox 763 1139 869 1169; x_wconf 80' lang='lat' dir='ltr'>nautis</span> <span class='ocrx_word' id='word_1_119' title='bbox 890 1138 1113 1169; x_wconf 77' lang='lat' dir='ltr'>resonantibus.</span> <span class='ocrx_word' id='word_1_120' title='bbox 1157 1136 1352 1168; x_wconf 74' lang='lat' dir='ltr'>Theodorus</span> <span class='ocrx_word' id='word_1_121' title='bbox 1381 1137 1508 1174; x_wconf 78' lang='lat' dir='ltr'>Consul,</span> <span class='ocrx_word' id='word_1_122' title='bbox 1533 1139 1563 1167; x_wconf 85' lang='lat' dir='ltr'>et</span> <span class='ocrx_word' id='word_1_123' title='bbox 1580 1135 1662 1166; x_wconf 76' lang='lat' dir='ltr'>idem</span> 
     </span>
    </p>
   </div>
   <div class='ocr_carea' id='block_1_6' title="bbox 817 1224 1051 1235">
    <p class='ocr_par' dir='ltr' id='par_1_7' title="bbox 817 1224 1051 1235">
     <span class='ocr_line' id='line_1_19' title="bbox 817 1224 1051 1235; baseline -0.009 0"><span class='ocrx_word' id='word_1_124' title='bbox 817 1224 1051 1235; x_wconf 64' lang='lat' dir='ltr'>eeeeeeeeeeee</span> 
     </span>
    </p>
   </div>
   <div class='ocr_carea' id='block_1_7' title="bbox 202 1275 1679 2093">
    <p class='ocr_par' dir='ltr' id='par_1_8' title="bbox 202 1275 1679 2093">
     <span class='ocr_line' id='line_1_20' title="bbox 202 1275 1667 1323; baseline -0.005 -11"><span class='ocrx_word' id='word_1_125' title='bbox 202 1292 245 1312; x_wconf 87' lang='lat' dir='ltr'>m.</span> <span class='ocrx_word' id='word_1_126' title='bbox 266 1292 317 1323; x_wconf 88' lang='lat' dir='ltr'>pr.</span> <span class='ocrx_word' id='word_1_127' title='bbox 335 1282 485 1312; x_wconf 77' lang='lat' dir='ltr'>Florem.</span> <span class='ocrx_word' id='word_1_128' title='bbox 514 1281 610 1312; x_wconf 81' lang='lat' dir='ltr'>Leid.</span> <span class='ocrx_word' id='word_1_129' title='bbox 642 1291 692 1321; x_wconf 83' lang='lat' dir='ltr'>pr.</span> <span class='ocrx_word' id='word_1_130' title='bbox 711 1281 775 1312; x_wconf 86' lang='lat' dir='ltr'>inc.</span> <span class='ocrx_word' id='word_1_131' title='bbox 804 1280 923 1311; x_wconf 79' lang='lat' dir='ltr'>Heius.</span> <span class='ocrx_word' id='word_1_132' title='bbox 941 1279 995 1310; x_wconf 89' lang='lat' dir='ltr'>ed.</span> <span class='ocrx_word' id='word_1_133' title='bbox 1010 1279 1122 1309; x_wconf 76' lang='lat' dir='ltr'>vicet.</span> <span class='ocrx_word' id='word_1_134' title='bbox 1147 1277 1290 1308; x_wconf 75' lang='lat' dir='ltr'>cruribus</span> <span class='ocrx_word' id='word_1_135' title='bbox 1321 1276 1401 1306; x_wconf 93' lang='lat' dir='ltr'>Lov.</span> <span class='ocrx_word' id='word_1_136' title='bbox 1429 1275 1511 1306; x_wconf 83' lang='lat' dir='ltr'>Pnt.</span> <span class='ocrx_word' id='word_1_137' title='bbox 1537 1275 1667 1306; x_wconf 83' lang='lat' dir='ltr'>Thuan.</span> 
     </span>
     <span class='ocr_line' id='line_1_21' title="bbox 202 1319 1667 1363; baseline -0.006 -7"><span class='ocrx_word' id='word_1_138' title='bbox 202 1326 334 1356; x_wconf 86' lang='lat' dir='ltr'>Mazar.</span> <span class='ocrx_word' id='word_1_139' title='bbox 356 1325 583 1363; x_wconf 68' lang='lat' dir='ltr'>Reg.1n.sec.</span> <span class='ocrx_word' id='word_1_140' title='bbox 614 1324 836 1354; x_wconf 74' lang='lat' dir='ltr'>Bonmi.1’at.</span> <span class='ocrx_word' id='word_1_141' title='bbox 863 1324 997 1353; x_wconf 85' lang='lat' dir='ltr'>Tholos.</span> <span class='ocrx_word' id='word_1_142' title='bbox 1029 1328 1096 1352; x_wconf 68' lang='lat' dir='ltr'>tres</span> <span class='ocrx_word' id='word_1_143' title='bbox 1126 1320 1246 1352; x_wconf 82' lang='lat' dir='ltr'>Ambr.</span> <span class='ocrx_word' id='word_1_144' title='bbox 1276 1325 1346 1350; x_wconf 85' lang='lat' dir='ltr'>tres</span> <span class='ocrx_word' id='word_1_145' title='bbox 1374 1319 1494 1349; x_wconf 80' lang='lat' dir='ltr'>Petav.</span> <span class='ocrx_word' id='word_1_146' title='bbox 1520 1323 1667 1359; x_wconf 82' lang='lat' dir='ltr'>quatuor</span> 
     </span>
     <span class='ocr_line' id='line_1_22' title="bbox 202 1361 1668 1399; baseline -0.005 -1"><span class='ocrx_word' id='word_1_147' title='bbox 202 1368 297 1398; x_wconf 76' lang='lat' dir='ltr'>Med.</span> <span class='ocrx_word' id='word_1_148' title='bbox 312 1368 434 1399; x_wconf 73' lang='lat' dir='ltr'>Sched.</span> <span class='ocrx_word' id='word_1_149' title='bbox 453 1368 544 1398; x_wconf 88' lang='lat' dir='ltr'>Gud.</span> <span class='ocrx_word' id='word_1_150' title='bbox 568 1378 637 1398; x_wconf 83' lang='lat' dir='ltr'>cam</span> <span class='ocrx_word' id='word_1_151' title='bbox 660 1367 801 1398; x_wconf 52' lang='lat' dir='ltr'>c&#39;arribns</span> <span class='ocrx_word' id='word_1_152' title='bbox 818 1372 875 1396; x_wconf 83' lang='lat' dir='ltr'>ant</span> <span class='ocrx_word' id='word_1_153' title='bbox 890 1368 937 1396; x_wconf 74' lang='lat' dir='ltr'>cel</span> <span class='ocrx_word' id='word_1_154' title='bbox 953 1365 1097 1396; x_wconf 64' lang='lat' dir='ltr'>curribus</span> <span class='ocrx_word' id='word_1_155' title='bbox 1112 1365 1239 1395; x_wconf 87' lang='lat' dir='ltr'>Moret.</span> <span class='ocrx_word' id='word_1_156' title='bbox 1258 1364 1437 1393; x_wconf 56' lang='lat' dir='ltr'>sea—324</span> <span class='ocrx_word' id='word_1_157' title='bbox 1461 1361 1582 1392; x_wconf 83' lang='lat' dir='ltr'>vibrato</span> <span class='ocrx_word' id='word_1_158' title='bbox 1600 1366 1668 1392; x_wconf 80' lang='lat' dir='ltr'>tres</span> 
     </span>
     <span class='ocr_line' id='line_1_23' title="bbox 203 1406 1669 1449; baseline -0.004 -9"><span class='ocrx_word' id='word_1_159' title='bbox 203 1411 300 1442; x_wconf 80' lang='lat' dir='ltr'>vatt.</span> <span class='ocrx_word' id='word_1_160' title='bbox 342 1412 489 1442; x_wconf 80' lang='lat' dir='ltr'>Florent.</span> <span class='ocrx_word' id='word_1_161' title='bbox 520 1411 613 1441; x_wconf 67' lang='lat' dir='ltr'>Med.</span> <span class='ocrx_word' id='word_1_162' title='bbox 646 1420 713 1441; x_wconf 86' lang='lat' dir='ltr'>sec.</span> <span class='ocrx_word' id='word_1_163' title='bbox 745 1410 876 1440; x_wconf 82' lang='lat' dir='ltr'>Thuan.</span> <span class='ocrx_word' id='word_1_164' title='bbox 901 1409 980 1442; x_wconf 84' lang='lat' dir='ltr'>Jnn.</span> <span class='ocrx_word' id='word_1_165' title='bbox 1014 1418 1065 1449; x_wconf 84' lang='lat' dir='ltr'>pr.</span> <span class='ocrx_word' id='word_1_166' title='bbox 1103 1407 1197 1438; x_wconf 80' lang='lat' dir='ltr'>libato</span> <span class='ocrx_word' id='word_1_167' title='bbox 1213 1406 1513 1437; x_wconf 74' lang='lat' dir='ltr'>Med.tert.—325</span> <span class='ocrx_word' id='word_1_168' title='bbox 1536 1413 1669 1444; x_wconf 70' lang='lat' dir='ltr'>&#39;zeugma</span> 
     </span>
     <span class='ocr_line' id='line_1_24' title="bbox 203 1447 1669 1493; baseline -0.005 -9"><span class='ocrx_word' id='word_1_169' title='bbox 203 1454 301 1484; x_wconf 88' lang='lat' dir='ltr'>Leid.</span> <span class='ocrx_word' id='word_1_170' title='bbox 318 1457 476 1493; x_wconf 78' lang='lat' dir='ltr'>pr.—326</span> <span class='ocrx_word' id='word_1_171' title='bbox 500 1454 574 1484; x_wconf 80' lang='lat' dir='ltr'>tholi</span> <span class='ocrx_word' id='word_1_172' title='bbox 591 1453 685 1484; x_wconf 80' lang='lat' dir='ltr'>Med.</span> <span class='ocrx_word' id='word_1_173' title='bbox 703 1463 770 1484; x_wconf 78' lang='lat' dir='ltr'>sec.</span> <span class='ocrx_word' id='word_1_174' title='bbox 787 1463 830 1483; x_wconf 89' lang='lat' dir='ltr'>m.</span> <span class='ocrx_word' id='word_1_175' title='bbox 858 1462 908 1492; x_wconf 87' lang='lat' dir='ltr'>pr.</span> <span class='ocrx_word' id='word_1_176' title='bbox 925 1458 959 1482; x_wconf 88' lang='lat' dir='ltr'>et</span> <span class='ocrx_word' id='word_1_177' title='bbox 976 1452 1023 1482; x_wconf 88' lang='lat' dir='ltr'>sic</span> <span class='ocrx_word' id='word_1_178' title='bbox 1044 1451 1243 1491; x_wconf 79' lang='lat' dir='ltr'>conjecerat</span> <span class='ocrx_word' id='word_1_179' title='bbox 1262 1449 1379 1480; x_wconf 73' lang='lat' dir='ltr'>Heius.</span> <span class='ocrx_word' id='word_1_180' title='bbox 1399 1448 1560 1488; x_wconf 81' lang='lat' dir='ltr'>pergentis</span> <span class='ocrx_word' id='word_1_181' title='bbox 1575 1447 1607 1477; x_wconf 83' lang='lat' dir='ltr'>in</span> <span class='ocrx_word' id='word_1_182' title='bbox 1619 1456 1669 1477; x_wconf 87' lang='lat' dir='ltr'>ar-</span> 
     </span>
     <span class='ocr_line' id='line_1_25' title="bbox 203 1490 1673 1537; baseline -0.004 -10"><span class='ocrx_word' id='word_1_183' title='bbox 203 1497 262 1527; x_wconf 81' lang='lat' dir='ltr'>dua</span> <span class='ocrx_word' id='word_1_184' title='bbox 275 1497 354 1528; x_wconf 87' lang='lat' dir='ltr'>Vat.</span> <span class='ocrx_word' id='word_1_185' title='bbox 373 1507 424 1537; x_wconf 86' lang='lat' dir='ltr'>pr.</span> <span class='ocrx_word' id='word_1_186' title='bbox 438 1507 480 1528; x_wconf 91' lang='lat' dir='ltr'>1n.</span> <span class='ocrx_word' id='word_1_187' title='bbox 498 1507 549 1537; x_wconf 87' lang='lat' dir='ltr'>pr.</span> <span class='ocrx_word' id='word_1_188' title='bbox 565 1498 723 1537; x_wconf 76' lang='lat' dir='ltr'>pergentis</span> <span class='ocrx_word' id='word_1_189' title='bbox 737 1496 770 1526; x_wconf 76' lang='lat' dir='ltr'>in</span> <span class='ocrx_word' id='word_1_190' title='bbox 786 1497 885 1526; x_wconf 83' lang='lat' dir='ltr'>ardua</span> <span class='ocrx_word' id='word_1_191' title='bbox 900 1496 952 1526; x_wconf 81' lang='lat' dir='ltr'>vel</span> <span class='ocrx_word' id='word_1_192' title='bbox 967 1497 1150 1535; x_wconf 83' lang='lat' dir='ltr'>spargentes</span> <span class='ocrx_word' id='word_1_193' title='bbox 1170 1495 1267 1524; x_wconf 84' lang='lat' dir='ltr'>ardua</span> <span class='ocrx_word' id='word_1_194' title='bbox 1285 1492 1398 1523; x_wconf 82' lang='lat' dir='ltr'>Oxon.</span> <span class='ocrx_word' id='word_1_195' title='bbox 1415 1500 1483 1522; x_wconf 79' lang='lat' dir='ltr'>see.</span> <span class='ocrx_word' id='word_1_196' title='bbox 1500 1490 1673 1521; x_wconf 82' lang='lat' dir='ltr'>Heinsius.</span> 
     </span>
     <span class='ocr_line' id='line_1_26' title="bbox 203 1533 1672 1580; baseline -0.005 -9"><span class='ocrx_word' id='word_1_197' title='bbox 203 1541 247 1578; x_wconf 78' lang='grc' dir='ltr'>τῷ</span> <span class='ocrx_word' id='word_1_198' title='bbox 268 1544 452 1580; x_wconf 75' lang='lat' dir='ltr'>spargentes</span> <span class='ocrx_word' id='word_1_199' title='bbox 468 1540 559 1571; x_wconf 89' lang='lat' dir='ltr'>obeli</span> <span class='ocrx_word' id='word_1_200' title='bbox 583 1546 699 1570; x_wconf 86' lang='lat' dir='ltr'>notam</span> <span class='ocrx_word' id='word_1_201' title='bbox 725 1541 1052 1579; x_wconf 79' lang='lat' dir='ltr'>apposuerat.—327</span> <span class='ocrx_word' id='word_1_202' title='bbox 1078 1538 1183 1578; x_wconf 66' lang='lat' dir='ltr'>effigat</span> <span class='ocrx_word' id='word_1_203' title='bbox 1206 1536 1344 1566; x_wconf 79' lang='lat' dir='ltr'>Tliolos.</span> <span class='ocrx_word' id='word_1_204' title='bbox 1363 1535 1478 1564; x_wconf 85' lang='lat' dir='ltr'>Oxon.</span> <span class='ocrx_word' id='word_1_205' title='bbox 1501 1543 1569 1564; x_wconf 86' lang='lat' dir='ltr'>sec.</span> <span class='ocrx_word' id='word_1_206' title='bbox 1591 1533 1672 1564; x_wconf 87' lang='lat' dir='ltr'>Var.</span> 
     </span>
     <span class='ocr_line' id='line_1_27' title="bbox 206 1575 1672 1623; baseline -0.006 -9"><span class='ocrx_word' id='word_1_207' title='bbox 206 1583 274 1613; x_wconf 90' lang='lat' dir='ltr'>LL.</span> <span class='ocrx_word' id='word_1_208' title='bbox 292 1583 346 1613; x_wconf 86' lang='lat' dir='ltr'>ed.</span> <span class='ocrx_word' id='word_1_209' title='bbox 362 1582 468 1614; x_wconf 84' lang='lat' dir='ltr'>Antv.</span> <span class='ocrx_word' id='word_1_210' title='bbox 492 1583 607 1623; x_wconf 79' lang='lat' dir='ltr'>infigat</span> <span class='ocrx_word' id='word_1_211' title='bbox 623 1582 718 1613; x_wconf 81' lang='lat' dir='ltr'>Med.</span> <span class='ocrx_word' id='word_1_212' title='bbox 737 1587 818 1612; x_wconf 86' lang='lat' dir='ltr'>tert.</span> <span class='ocrx_word' id='word_1_213' title='bbox 864 1583 988 1623; x_wconf 65' lang='lat' dir='ltr'>qffinget</span> <span class='ocrx_word' id='word_1_214' title='bbox 1005 1581 1083 1612; x_wconf 79' lang='lat' dir='ltr'>Pat.</span> <span class='ocrx_word' id='word_1_215' title='bbox 1114 1584 1144 1611; x_wconf 90' lang='lat' dir='ltr'>et</span> <span class='ocrx_word' id='word_1_216' title='bbox 1158 1579 1267 1621; x_wconf 80' lang='lat' dir='ltr'>fingat</span> <span class='ocrx_word' id='word_1_217' title='bbox 1285 1578 1365 1610; x_wconf 81' lang='lat' dir='ltr'>vat.</span> <span class='ocrx_word' id='word_1_218' title='bbox 1381 1587 1431 1618; x_wconf 86' lang='lat' dir='ltr'>pr.</span> <span class='ocrx_word' id='word_1_219' title='bbox 1456 1577 1536 1607; x_wconf 80' lang='lat' dir='ltr'>Vat.</span> <span class='ocrx_word' id='word_1_220' title='bbox 1561 1575 1672 1607; x_wconf 88' lang='lat' dir='ltr'>Livin.</span> 
     </span>
     <span class='ocr_line' id='line_1_28' title="bbox 205 1619 1674 1667; baseline -0.005 -11"><span class='ocrx_word' id='word_1_221' title='bbox 205 1627 353 1667; x_wconf 78' lang='lat' dir='ltr'>effingant</span> <span class='ocrx_word' id='word_1_222' title='bbox 376 1627 455 1657; x_wconf 73' lang='lat' dir='ltr'>vat.</span> <span class='ocrx_word' id='word_1_223' title='bbox 474 1631 582 1666; x_wconf 87' lang='lat' dir='ltr'>quart.</span> <span class='ocrx_word' id='word_1_224' title='bbox 609 1624 760 1663; x_wconf 75' lang='lat' dir='ltr'>BIulciser</span> <span class='ocrx_word' id='word_1_225' title='bbox 790 1626 920 1655; x_wconf 82' lang='lat' dir='ltr'>Mazar.</span> <span class='ocrx_word' id='word_1_226' title='bbox 943 1625 1031 1663; x_wconf 75' lang='lat' dir='ltr'>ignes</span> <span class='ocrx_word' id='word_1_227' title='bbox 1055 1624 1135 1654; x_wconf 79' lang='lat' dir='ltr'>Vnt.</span> <span class='ocrx_word' id='word_1_228' title='bbox 1154 1632 1220 1653; x_wconf 85' lang='lat' dir='ltr'>sec.</span> <span class='ocrx_word' id='word_1_229' title='bbox 1250 1632 1296 1652; x_wconf 89' lang='lat' dir='ltr'>m.</span> <span class='ocrx_word' id='word_1_230' title='bbox 1316 1631 1368 1661; x_wconf 92' lang='lat' dir='ltr'>pr.</span> <span class='ocrx_word' id='word_1_231' title='bbox 1391 1620 1478 1651; x_wconf 80' lang='lat' dir='ltr'>orbes</span> <span class='ocrx_word' id='word_1_232' title='bbox 1503 1619 1559 1650; x_wconf 87' lang='lat' dir='ltr'>vel</span> <span class='ocrx_word' id='word_1_233' title='bbox 1585 1619 1674 1658; x_wconf 77' lang='lat' dir='ltr'>ignes</span> 
     </span>
     <span class='ocr_line' id='line_1_29' title="bbox 204 1662 1674 1707; baseline -0.005 -8"><span class='ocrx_word' id='word_1_234' title='bbox 204 1668 407 1699; x_wconf 59' lang='lat' dir='ltr'>Pria—328</span> <span class='ocrx_word' id='word_1_235' title='bbox 430 1678 525 1707; x_wconf 77' lang='lat' dir='ltr'>vagas</span> <span class='ocrx_word' id='word_1_236' title='bbox 554 1669 684 1698; x_wconf 87' lang='lat' dir='ltr'>Moret.</span> <span class='ocrx_word' id='word_1_237' title='bbox 715 1670 877 1706; x_wconf 64' lang='lat' dir='ltr'>piu—329</span> <span class='ocrx_word' id='word_1_238' title='bbox 912 1667 1059 1696; x_wconf 79' lang='lat' dir='ltr'>Laudant</span> <span class='ocrx_word' id='word_1_239' title='bbox 1090 1667 1188 1695; x_wconf 86' lang='lat' dir='ltr'>Rott.</span> <span class='ocrx_word' id='word_1_240' title='bbox 1220 1674 1326 1704; x_wconf 80' lang='lat' dir='ltr'>marg.</span> <span class='ocrx_word' id='word_1_241' title='bbox 1358 1663 1602 1693; x_wconf 58' lang='lat' dir='ltr'>Mareu—330</span> <span class='ocrx_word' id='word_1_242' title='bbox 1626 1662 1674 1691; x_wconf 85' lang='lat' dir='ltr'>in-</span> 
     </span>
     <span class='ocr_line' id='line_1_30' title="bbox 205 1704 1674 1750; baseline -0.005 -8"><span class='ocrx_word' id='word_1_243' title='bbox 205 1720 316 1742; x_wconf 82' lang='lat' dir='ltr'>nocuos</span> <span class='ocrx_word' id='word_1_244' title='bbox 330 1711 458 1741; x_wconf 88' lang='lat' dir='ltr'>Moret.</span> <span class='ocrx_word' id='word_1_245' title='bbox 489 1720 539 1750; x_wconf 84' lang='lat' dir='ltr'>pr.</span> <span class='ocrx_word' id='word_1_246' title='bbox 569 1711 684 1740; x_wconf 76' lang='lat' dir='ltr'>licerent</span> <span class='ocrx_word' id='word_1_247' title='bbox 712 1709 829 1740; x_wconf 87' lang='lat' dir='ltr'>Ambr.</span> <span class='ocrx_word' id='word_1_248' title='bbox 848 1718 899 1749; x_wconf 87' lang='lat' dir='ltr'>pr.</span> <span class='ocrx_word' id='word_1_249' title='bbox 927 1711 1055 1738; x_wconf 81' lang='lat' dir='ltr'>cernant</span> <span class='ocrx_word' id='word_1_250' title='bbox 1072 1708 1282 1738; x_wconf 76' lang='lat' dir='ltr'>Fa1·n.-331</span> <span class='ocrx_word' id='word_1_251' title='bbox 1308 1705 1447 1735; x_wconf 67' lang='lat' dir='ltr'>Lascivae</span> <span class='ocrx_word' id='word_1_252' title='bbox 1478 1708 1548 1735; x_wconf 88' lang='lat' dir='ltr'>tres</span> <span class='ocrx_word' id='word_1_253' title='bbox 1566 1704 1674 1741; x_wconf 64' lang='lat' dir='ltr'>,Vatn</span> 
     </span>
     <span class='ocr_line' id='line_1_31' title="bbox 207 1746 1674 1792; baseline -0.004 -8"><span class='ocrx_word' id='word_1_254' title='bbox 207 1754 283 1785; x_wconf 87' lang='lat' dir='ltr'>Pal.</span> <span class='ocrx_word' id='word_1_255' title='bbox 294 1754 393 1784; x_wconf 84' lang='lat' dir='ltr'>Farn.</span> <span class='ocrx_word' id='word_1_256' title='bbox 407 1753 503 1784; x_wconf 79' lang='lat' dir='ltr'>Med.</span> <span class='ocrx_word' id='word_1_257' title='bbox 521 1762 572 1792; x_wconf 89' lang='lat' dir='ltr'>pr.</span> <span class='ocrx_word' id='word_1_258' title='bbox 586 1753 714 1782; x_wconf 40' lang='lat' dir='ltr'>Lascivae</span> <span class='ocrx_word' id='word_1_259' title='bbox 727 1753 851 1782; x_wconf 85' lang='lat' dir='ltr'>Petav.</span> <span class='ocrx_word' id='word_1_260' title='bbox 870 1761 918 1790; x_wconf 87' lang='lat' dir='ltr'>pr.</span> <span class='ocrx_word' id='word_1_261' title='bbox 931 1751 1009 1781; x_wconf 85' lang='lat' dir='ltr'>Vat.</span> <span class='ocrx_word' id='word_1_262' title='bbox 1022 1750 1131 1781; x_wconf 89' lang='lat' dir='ltr'>Livin.</span> <span class='ocrx_word' id='word_1_263' title='bbox 1147 1748 1263 1779; x_wconf 79' lang='lat' dir='ltr'>Ambr.</span> <span class='ocrx_word' id='word_1_264' title='bbox 1275 1758 1344 1778; x_wconf 83' lang='lat' dir='ltr'>see.</span> <span class='ocrx_word' id='word_1_265' title='bbox 1359 1747 1483 1777; x_wconf 62' lang='lat' dir='ltr'>Luscini</span> <span class='ocrx_word' id='word_1_266' title='bbox 1495 1746 1563 1778; x_wconf 89' lang='lat' dir='ltr'>duo</span> <span class='ocrx_word' id='word_1_267' title='bbox 1576 1747 1674 1779; x_wconf 86' lang='lat' dir='ltr'>Vatt.</span> 
     </span>
     <span class='ocr_line' id='line_1_32' title="bbox 208 1790 1676 1834; baseline -0.004 -7"><span class='ocrx_word' id='word_1_268' title='bbox 208 1796 301 1827; x_wconf 86' lang='lat' dir='ltr'>Prie.</span> <span class='ocrx_word' id='word_1_269' title='bbox 320 1797 413 1827; x_wconf 84' lang='lat' dir='ltr'>Rott.</span> <span class='ocrx_word' id='word_1_270' title='bbox 428 1796 535 1826; x_wconf 81' lang='lat' dir='ltr'>Oisel.</span> <span class='ocrx_word' id='word_1_271' title='bbox 551 1796 632 1825; x_wconf 87' lang='lat' dir='ltr'>Vat.</span> <span class='ocrx_word' id='word_1_272' title='bbox 650 1804 702 1834; x_wconf 86' lang='lat' dir='ltr'>pr.</span> <span class='ocrx_word' id='word_1_273' title='bbox 719 1804 761 1824; x_wconf 89' lang='lat' dir='ltr'>m.</span> <span class='ocrx_word' id='word_1_274' title='bbox 777 1804 830 1834; x_wconf 89' lang='lat' dir='ltr'>pr.</span> <span class='ocrx_word' id='word_1_275' title='bbox 847 1793 1007 1834; x_wconf 74' lang='lat' dir='ltr'>configunt</span> <span class='ocrx_word' id='word_1_276' title='bbox 1022 1793 1103 1822; x_wconf 78' lang='lat' dir='ltr'>Var.</span> <span class='ocrx_word' id='word_1_277' title='bbox 1123 1792 1188 1822; x_wconf 91' lang='lat' dir='ltr'>LL.</span> <span class='ocrx_word' id='word_1_278' title='bbox 1202 1790 1257 1820; x_wconf 87' lang='lat' dir='ltr'>ed.</span> <span class='ocrx_word' id='word_1_279' title='bbox 1276 1790 1381 1820; x_wconf 89' lang='lat' dir='ltr'>Antv.</span> <span class='ocrx_word' id='word_1_280' title='bbox 1393 1792 1578 1820; x_wconf 80' lang='lat' dir='ltr'>concurrant</span> <span class='ocrx_word' id='word_1_281' title='bbox 1593 1790 1676 1821; x_wconf 82' lang='lat' dir='ltr'>Vat.</span> 
     </span>
     <span class='ocr_line' id='line_1_33' title="bbox 207 1831 1676 1879; baseline -0.004 -9"><span class='ocrx_word' id='word_1_282' title='bbox 207 1844 290 1870; x_wconf 82' lang='lat' dir='ltr'>tert.</span> <span class='ocrx_word' id='word_1_283' title='bbox 303 1844 339 1869; x_wconf 81' lang='lat' dir='ltr'>et</span> <span class='ocrx_word' id='word_1_284' title='bbox 355 1838 599 1879; x_wconf 86' lang='lat' dir='ltr'>quart.Petav.</span> <span class='ocrx_word' id='word_1_285' title='bbox 616 1847 667 1877; x_wconf 86' lang='lat' dir='ltr'>pr.</span> <span class='ocrx_word' id='word_1_286' title='bbox 681 1840 868 1877; x_wconf 80' lang='lat' dir='ltr'>percurrant</span> <span class='ocrx_word' id='word_1_287' title='bbox 879 1835 1077 1876; x_wconf 84' lang='lat' dir='ltr'>Vat.quint.</span> <span class='ocrx_word' id='word_1_288' title='bbox 1095 1834 1266 1874; x_wconf 81' lang='lat' dir='ltr'>confligant</span> <span class='ocrx_word' id='word_1_289' title='bbox 1277 1833 1329 1863; x_wconf 91' lang='lat' dir='ltr'>vel</span> <span class='ocrx_word' id='word_1_290' title='bbox 1343 1835 1527 1863; x_wconf 81' lang='lat' dir='ltr'>concurrant</span> <span class='ocrx_word' id='word_1_291' title='bbox 1538 1831 1676 1864; x_wconf 69' lang='lat' dir='ltr'>Prie.—</span> 
     </span>
     <span class='ocr_line' id='line_1_34' title="bbox 208 1874 1679 1919; baseline -0.005 -6"><span class='ocrx_word' id='word_1_292' title='bbox 208 1884 271 1913; x_wconf 81' lang='lat'>332</span> <span class='ocrx_word' id='word_1_293' title='bbox 300 1882 438 1919; x_wconf 63' lang='lat' dir='ltr'>inversa„</span> <span class='ocrx_word' id='word_1_294' title='bbox 455 1882 608 1911; x_wconf 80' lang='lat' dir='ltr'>Florent.</span> <span class='ocrx_word' id='word_1_295' title='bbox 632 1880 765 1910; x_wconf 81' lang='lat' dir='ltr'>inmersa</span> <span class='ocrx_word' id='word_1_296' title='bbox 789 1880 919 1910; x_wconf 84' lang='lat' dir='ltr'>Mazar.</span> <span class='ocrx_word' id='word_1_297' title='bbox 944 1879 1067 1909; x_wconf 85' lang='lat' dir='ltr'>Petav.</span> <span class='ocrx_word' id='word_1_298' title='bbox 1097 1886 1149 1917; x_wconf 89' lang='lat' dir='ltr'>pr.</span> <span class='ocrx_word' id='word_1_299' title='bbox 1173 1877 1252 1908; x_wconf 86' lang='lat' dir='ltr'>Jun.</span> <span class='ocrx_word' id='word_1_300' title='bbox 1279 1885 1331 1916; x_wconf 89' lang='lat' dir='ltr'>pr.</span> <span class='ocrx_word' id='word_1_301' title='bbox 1359 1875 1439 1906; x_wconf 89' lang='lat' dir='ltr'>item</span> <span class='ocrx_word' id='word_1_302' title='bbox 1464 1875 1592 1906; x_wconf 90' lang='lat' dir='ltr'>Moret.</span> <span class='ocrx_word' id='word_1_303' title='bbox 1620 1874 1679 1906; x_wconf 84' lang='lat' dir='ltr'>ed.</span> 
     </span>
     <span class='ocr_line' id='line_1_35' title="bbox 208 1917 1676 1961; baseline -0.004 -5"><span class='ocrx_word' id='word_1_304' title='bbox 208 1925 323 1956; x_wconf 72' lang='lat' dir='ltr'>Parni.</span> <span class='ocrx_word' id='word_1_305' title='bbox 356 1927 471 1955; x_wconf 82' lang='lat' dir='ltr'>inmesa</span> <span class='ocrx_word' id='word_1_306' title='bbox 487 1924 554 1954; x_wconf 87' lang='lat' dir='ltr'>duo</span> <span class='ocrx_word' id='word_1_307' title='bbox 575 1924 656 1954; x_wconf 84' lang='lat' dir='ltr'>Vat.</span> <span class='ocrx_word' id='word_1_308' title='bbox 675 1924 774 1954; x_wconf 84' lang='lat' dir='ltr'>Farn.</span> <span class='ocrx_word' id='word_1_309' title='bbox 792 1922 898 1954; x_wconf 86' lang='lat' dir='ltr'>Oisel.</span> <span class='ocrx_word' id='word_1_310' title='bbox 932 1922 1080 1952; x_wconf 75' lang='lat' dir='ltr'>immensa</span> <span class='ocrx_word' id='word_1_311' title='bbox 1096 1921 1173 1951; x_wconf 83' lang='lat' dir='ltr'>Vat.</span> <span class='ocrx_word' id='word_1_312' title='bbox 1197 1924 1310 1961; x_wconf 82' lang='lat' dir='ltr'>quart.</span> <span class='ocrx_word' id='word_1_313' title='bbox 1334 1918 1457 1949; x_wconf 89' lang='lat' dir='ltr'>Petav.</span> <span class='ocrx_word' id='word_1_314' title='bbox 1482 1922 1563 1949; x_wconf 86' lang='lat' dir='ltr'>tert.</span> <span class='ocrx_word' id='word_1_315' title='bbox 1578 1917 1676 1950; x_wconf 81' lang='lat' dir='ltr'>Med.</span> 
     </span>
     <span class='ocr_line' id='line_1_36' title="bbox 211 1960 1676 2009; baseline -0.005 -10"><span class='ocrx_word' id='word_1_316' title='bbox 211 1974 324 2009; x_wconf 82' lang='lat' dir='ltr'>quart.</span> <span class='ocrx_word' id='word_1_317' title='bbox 363 1969 443 1998; x_wconf 74' lang='lat' dir='ltr'>Var.</span> <span class='ocrx_word' id='word_1_318' title='bbox 472 1968 539 1998; x_wconf 89' lang='lat' dir='ltr'>LL.</span> <span class='ocrx_word' id='word_1_319' title='bbox 579 1977 597 1997; x_wconf 87' lang='lat' dir='ltr'>e</span> <span class='ocrx_word' id='word_1_320' title='bbox 632 1976 740 2006; x_wconf 82' lang='lat' dir='ltr'>marg.</span> <span class='ocrx_word' id='word_1_321' title='bbox 776 1966 892 1996; x_wconf 88' lang='lat' dir='ltr'>Parm.</span> <span class='ocrx_word' id='word_1_322' title='bbox 945 1964 1074 1995; x_wconf 80' lang='lat' dir='ltr'>inmissa</span> <span class='ocrx_word' id='word_1_323' title='bbox 1101 1963 1198 1994; x_wconf 83' lang='lat' dir='ltr'>Leid.</span> <span class='ocrx_word' id='word_1_324' title='bbox 1240 1972 1293 2003; x_wconf 88' lang='lat' dir='ltr'>pr.</span> <span class='ocrx_word' id='word_1_325' title='bbox 1330 1962 1397 1992; x_wconf 89' lang='lat' dir='ltr'>duo</span> <span class='ocrx_word' id='word_1_326' title='bbox 1437 1960 1553 1992; x_wconf 82' lang='lat' dir='ltr'>Oxou.</span> <span class='ocrx_word' id='word_1_327' title='bbox 1600 1961 1676 1992; x_wconf 83' lang='lat' dir='ltr'>Flo-</span> 
     </span>
     <span class='ocr_line' id='line_1_37' title="bbox 211 2004 1678 2049; baseline -0.005 -8"><span class='ocrx_word' id='word_1_328' title='bbox 211 2016 298 2043; x_wconf 85' lang='lat' dir='ltr'>rent.</span> <span class='ocrx_word' id='word_1_329' title='bbox 316 2011 380 2042; x_wconf 86' lang='lat' dir='ltr'>inc.</span> <span class='ocrx_word' id='word_1_330' title='bbox 402 2010 523 2042; x_wconf 83' lang='lat' dir='ltr'>Heius.</span> <span class='ocrx_word' id='word_1_331' title='bbox 547 2009 630 2040; x_wconf 90' lang='lat' dir='ltr'>Put.</span> <span class='ocrx_word' id='word_1_332' title='bbox 658 2010 745 2049; x_wconf 84' lang='lat' dir='ltr'>Reg.</span> <span class='ocrx_word' id='word_1_333' title='bbox 772 2008 900 2040; x_wconf 79' lang='lat' dir='ltr'>Timan.</span> <span class='ocrx_word' id='word_1_334' title='bbox 932 2008 1057 2039; x_wconf 86' lang='lat' dir='ltr'>Petav.</span> <span class='ocrx_word' id='word_1_335' title='bbox 1084 2010 1166 2038; x_wconf 84' lang='lat' dir='ltr'>tert.</span> <span class='ocrx_word' id='word_1_336' title='bbox 1192 2006 1325 2037; x_wconf 88' lang='lat' dir='ltr'>Bonon.</span> <span class='ocrx_word' id='word_1_337' title='bbox 1348 2004 1482 2035; x_wconf 86' lang='lat' dir='ltr'>Tholos.</span> <span class='ocrx_word' id='word_1_338' title='bbox 1500 2005 1579 2036; x_wconf 87' lang='lat' dir='ltr'>Pat.</span> <span class='ocrx_word' id='word_1_339' title='bbox 1608 2009 1678 2035; x_wconf 80' lang='lat' dir='ltr'>tres</span> 
     </span>
     <span class='ocr_line' id='line_1_38' title="bbox 212 2048 1678 2093; baseline -0.005 -8"><span class='ocrx_word' id='word_1_340' title='bbox 212 2054 333 2086; x_wconf 87' lang='lat' dir='ltr'>Ambr.</span> <span class='ocrx_word' id='word_1_341' title='bbox 360 2055 445 2085; x_wconf 87' lang='lat' dir='ltr'>Lov.</span> <span class='ocrx_word' id='word_1_342' title='bbox 472 2058 539 2085; x_wconf 89' lang='lat' dir='ltr'>vet.</span> <span class='ocrx_word' id='word_1_343' title='bbox 568 2053 654 2093; x_wconf 88' lang='lat' dir='ltr'>Gyr.</span> <span class='ocrx_word' id='word_1_344' title='bbox 679 2053 760 2083; x_wconf 86' lang='lat' dir='ltr'>Vat.</span> <span class='ocrx_word' id='word_1_345' title='bbox 783 2052 892 2084; x_wconf 90' lang='lat' dir='ltr'>Livin.</span> <span class='ocrx_word' id='word_1_346' title='bbox 916 2051 1045 2083; x_wconf 84' lang='lat' dir='ltr'>Moret.</span> <span class='ocrx_word' id='word_1_347' title='bbox 1072 2060 1139 2081; x_wconf 85' lang='lat' dir='ltr'>sec.</span> <span class='ocrx_word' id='word_1_348' title='bbox 1166 2048 1410 2080; x_wconf 81' lang='lat' dir='ltr'>Exc.Gevart.</span> <span class='ocrx_word' id='word_1_349' title='bbox 1438 2048 1585 2079; x_wconf 84' lang='lat' dir='ltr'>Lucens.</span> <span class='ocrx_word' id='word_1_350' title='bbox 1607 2056 1678 2079; x_wconf 77' lang='lat' dir='ltr'>sec.</span> 
     </span>
    </p>
   </div>
   <div class='ocr_carea' id='block_1_8' title="bbox 876 2137 1018 2170">
    <p class='ocr_par' dir='ltr' id='par_1_9' title="bbox 876 2137 1018 2170">
     <span class='ocr_line' id='line_1_39' title="bbox 876 2137 1018 2170; baseline -0.014 0"><span class='ocrx_word' id='word_1_351' title='bbox 876 2137 1018 2170; x_wconf 85' lang='lat' dir='ltr'>NOTAE</span> 
     </span>
    </p>
   </div>
   <div class='ocr_carea' id='block_1_9' title="bbox 207 2202 920 2300">
    <p class='ocr_par' dir='ltr' id='par_1_10' title="bbox 207 2202 920 2300">
     <span class='ocr_line' id='line_1_40' title="bbox 259 2202 918 2244; baseline -0.005 -8"><span class='ocrx_word' id='word_1_352' title='bbox 259 2208 320 2236; x_wconf 83' lang='lat'>325</span> <span class='ocrx_word' id='word_1_353' title='bbox 348 2204 482 2244; x_wconf 74' lang='lat' dir='ltr'>pegma]</span> <span class='ocrx_word' id='word_1_354' title='bbox 514 2202 667 2242; x_wconf 78' lang='grc' dir='ltr'><em>Πήγνυμι,</em></span> <span class='ocrx_word' id='word_1_355' title='bbox 689 2202 828 2243; x_wconf 77' lang='grc' dir='ltr'><em>πηγνύω,</em></span> <span class='ocrx_word' id='word_1_356' title='bbox 843 2203 918 2234; x_wconf 81' lang='lat' dir='ltr'>aedi-</span> 
     </span>
     <span class='ocr_line' id='line_1_41' title="bbox 207 2254 920 2300; baseline -0.003 -13"><span class='ocrx_word' id='word_1_357' title='bbox 207 2257 285 2300; x_wconf 80' lang='lat' dir='ltr'>fico,</span> <span class='ocrx_word' id='word_1_358' title='bbox 306 2257 368 2287; x_wconf 88' lang='lat' dir='ltr'>hoc</span> <span class='ocrx_word' id='word_1_359' title='bbox 383 2261 437 2287; x_wconf 88' lang='lat' dir='ltr'>est</span> <span class='ocrx_word' id='word_1_360' title='bbox 462 2255 616 2286; x_wconf 86' lang='lat' dir='ltr'>machina</span> <span class='ocrx_word' id='word_1_361' title='bbox 640 2256 752 2295; x_wconf 81' lang='lat' dir='ltr'>lignea</span> <span class='ocrx_word' id='word_1_362' title='bbox 778 2255 812 2285; x_wconf 89' lang='lat' dir='ltr'>in</span> <span class='ocrx_word' id='word_1_363' title='bbox 843 2254 920 2285; x_wconf 85' lang='lat' dir='ltr'>sub-</span> 
     </span>
    </p>
   </div>
   <div class='ocr_carea' id='block_1_10' title="bbox 973 2197 1680 2290">
    <p class='ocr_par' dir='ltr' id='par_1_11' title="bbox 973 2197 1680 2290">
     <span class='ocr_line' id='line_1_42' title="bbox 974 2197 1680 2240; baseline -0.007 -7"><span class='ocrx_word' id='word_1_364' title='bbox 974 2208 1032 2233; x_wconf 86' lang='lat' dir='ltr'>ant</span> <span class='ocrx_word' id='word_1_365' title='bbox 1048 2201 1092 2232; x_wconf 82' lang='lat' dir='ltr'>ad</span> <span class='ocrx_word' id='word_1_366' title='bbox 1109 2211 1299 2240; x_wconf 87' lang='lat' dir='ltr'>numerum,</span> <span class='ocrx_word' id='word_1_367' title='bbox 1314 2204 1350 2231; x_wconf 91' lang='lat' dir='ltr'>et</span> <span class='ocrx_word' id='word_1_368' title='bbox 1367 2208 1429 2240; x_wconf 87' lang='lat' dir='ltr'>per</span> <span class='ocrx_word' id='word_1_369' title='bbox 1451 2197 1607 2240; x_wconf 84' lang='lat' dir='ltr'>quaedam</span> <span class='ocrx_word' id='word_1_370' title='bbox 1633 2197 1680 2228; x_wconf 82' lang='lat' dir='ltr'>in-</span> 
     </span>
     <span class='ocr_line' id='line_1_43' title="bbox 973 2249 1660 2290; baseline -0.007 -6"><span class='ocrx_word' id='word_1_371' title='bbox 973 2254 1120 2284; x_wconf 86' lang='lat' dir='ltr'>tervalla</span> <span class='ocrx_word' id='word_1_372' title='bbox 1135 2257 1325 2290; x_wconf 86' lang='lat' dir='ltr'>numerata,</span> <span class='ocrx_word' id='word_1_373' title='bbox 1340 2259 1433 2282; x_wconf 89' lang='lat' dir='ltr'>more</span> <span class='ocrx_word' id='word_1_374' title='bbox 1450 2249 1660 2280; x_wconf 84' lang='lat' dir='ltr'>saltantium.</span> 
     </span>
    </p>
   </div>
   <div class='ocr_carea' id='block_1_11' title="bbox 216 2306 927 2806">
    <p class='ocr_par' dir='ltr' id='par_1_12' title="bbox 216 2306 927 2806">
     <span class='ocr_line' id='line_1_44' title="bbox 216 2306 921 2348; baseline -0.006 -9"><span class='ocrx_word' id='word_1_375' title='bbox 216 2308 294 2340; x_wconf 89' lang='lat' dir='ltr'>lime</span> <span class='ocrx_word' id='word_1_376' title='bbox 313 2317 467 2348; x_wconf 84' lang='lat' dir='ltr'>surgens,</span> <span class='ocrx_word' id='word_1_377' title='bbox 498 2307 540 2337; x_wconf 86' lang='lat' dir='ltr'>ad</span> <span class='ocrx_word' id='word_1_378' title='bbox 558 2306 797 2337; x_wconf 83' lang='lat' dir='ltr'>sustentandas</span> <span class='ocrx_word' id='word_1_379' title='bbox 815 2309 921 2336; x_wconf 85' lang='lat' dir='ltr'>statu-</span> 
     </span>
     <span class='ocr_line' id='line_1_45' title="bbox 218 2355 922 2399; baseline -0.007 -10"><span class='ocrx_word' id='word_1_380' title='bbox 218 2368 276 2397; x_wconf 81' lang='lat' dir='ltr'>as3</span> <span class='ocrx_word' id='word_1_381' title='bbox 302 2368 378 2399; x_wconf 79' lang='lat' dir='ltr'>quae</span> <span class='ocrx_word' id='word_1_382' title='bbox 403 2357 557 2388; x_wconf 85' lang='lat' dir='ltr'>machina</span> <span class='ocrx_word' id='word_1_383' title='bbox 582 2357 615 2387; x_wconf 92' lang='lat' dir='ltr'>in</span> <span class='ocrx_word' id='word_1_384' title='bbox 633 2365 783 2394; x_wconf 82' lang='lat' dir='ltr'>scenam,</span> <span class='ocrx_word' id='word_1_385' title='bbox 809 2355 922 2395; x_wconf 86' lang='lat' dir='ltr'>pueris</span> 
     </span>
     <span class='ocr_line' id='line_1_46' title="bbox 216 2407 923 2448; baseline -0.007 -7"><span class='ocrx_word' id='word_1_386' title='bbox 216 2408 456 2448; x_wconf 81' lang='lat' dir='ltr'>insidentibus,</span> <span class='ocrx_word' id='word_1_387' title='bbox 472 2413 531 2439; x_wconf 90' lang='lat' dir='ltr'>aut</span> <span class='ocrx_word' id='word_1_388' title='bbox 548 2408 614 2439; x_wconf 85' lang='lat' dir='ltr'>alio</span> <span class='ocrx_word' id='word_1_389' title='bbox 637 2407 769 2438; x_wconf 84' lang='lat' dir='ltr'>ludicro</span> <span class='ocrx_word' id='word_1_390' title='bbox 786 2410 923 2445; x_wconf 84' lang='lat' dir='ltr'>ornatu,</span> 
     </span>
     <span class='ocr_line' id='line_1_47' title="bbox 218 2455 924 2500; baseline -0.007 -9"><span class='ocrx_word' id='word_1_391' title='bbox 218 2459 464 2499; x_wconf 79' lang='lat' dir='ltr'>deducebatur,</span> <span class='ocrx_word' id='word_1_392' title='bbox 481 2463 516 2490; x_wconf 86' lang='lat' dir='ltr'>et</span> <span class='ocrx_word' id='word_1_393' title='bbox 540 2459 587 2490; x_wconf 86' lang='lat' dir='ltr'>sic</span> <span class='ocrx_word' id='word_1_394' title='bbox 608 2457 854 2500; x_wconf 86' lang='lat' dir='ltr'>quodammodo</span> <span class='ocrx_word' id='word_1_395' title='bbox 867 2455 924 2487; x_wconf 90' lang='lat' dir='ltr'>de-</span> 
     </span>
     <span class='ocr_line' id='line_1_48' title="bbox 217 2507 924 2550; baseline -0.007 -7"><span class='ocrx_word' id='word_1_396' title='bbox 217 2511 405 2543; x_wconf 88' lang='lat' dir='ltr'>scendebat</span> <span class='ocrx_word' id='word_1_397' title='bbox 425 2511 458 2541; x_wconf 87' lang='lat' dir='ltr'>in</span> <span class='ocrx_word' id='word_1_398' title='bbox 476 2511 625 2550; x_wconf 84' lang='lat' dir='ltr'>Circum,</span> <span class='ocrx_word' id='word_1_399' title='bbox 649 2507 856 2550; x_wconf 86' lang='lat' dir='ltr'>ponderibus</span> <span class='ocrx_word' id='word_1_400' title='bbox 876 2507 924 2538; x_wconf 94' lang='lat' dir='ltr'>ul-</span> 
     </span>
     <span class='ocr_line' id='line_1_49' title="bbox 219 2560 854 2601; baseline -0.008 -8"><span class='ocrx_word' id='word_1_401' title='bbox 219 2567 272 2594; x_wconf 88' lang='lat' dir='ltr'>tro</span> <span class='ocrx_word' id='word_1_402' title='bbox 291 2561 461 2601; x_wconf 86' lang='lat' dir='ltr'>adductis,</span> <span class='ocrx_word' id='word_1_403' title='bbox 476 2571 517 2592; x_wconf 87' lang='lat' dir='ltr'>ne</span> <span class='ocrx_word' id='word_1_404' title='bbox 531 2561 672 2592; x_wconf 85' lang='lat' dir='ltr'>caderet</span> <span class='ocrx_word' id='word_1_405' title='bbox 684 2560 854 2591; x_wconf 88' lang='lat' dir='ltr'>deorsum.</span> 
     </span>
     <span class='ocr_line' id='line_1_50' title="bbox 263 2608 924 2652; baseline -0.008 -9"><span class='ocrx_word' id='word_1_406' title='bbox 263 2615 325 2643; x_wconf 80' lang='lat'>327</span> <span class='ocrx_word' id='word_1_407' title='bbox 355 2611 470 2652; x_wconf 84' lang='lat' dir='ltr'>Scena]</span> <span class='ocrx_word' id='word_1_408' title='bbox 508 2610 623 2649; x_wconf 83' lang='grc' dir='ltr'>Σκήνη,</span> <span class='ocrx_word' id='word_1_409' title='bbox 649 2609 828 2648; x_wconf 81' lang='lat' dir='ltr'>tentorium,</span> <span class='ocrx_word' id='word_1_410' title='bbox 844 2608 924 2650; x_wconf 86' lang='lat' dir='ltr'>quia</span> 
     </span>
     <span class='ocr_line' id='line_1_51' title="bbox 220 2661 925 2700; baseline -0.007 -5"><span class='ocrx_word' id='word_1_411' title='bbox 220 2663 377 2695; x_wconf 81' lang='lat' dir='ltr'>tentoriis</span> <span class='ocrx_word' id='word_1_412' title='bbox 395 2666 431 2694; x_wconf 87' lang='lat' dir='ltr'>et</span> <span class='ocrx_word' id='word_1_413' title='bbox 447 2661 652 2694; x_wconf 82' lang='lat' dir='ltr'>umbraculis</span> <span class='ocrx_word' id='word_1_414' title='bbox 682 2661 817 2691; x_wconf 85' lang='lat' dir='ltr'>theatra</span> <span class='ocrx_word' id='word_1_415' title='bbox 834 2664 925 2700; x_wconf 82' lang='lat' dir='ltr'>tege-</span> 
     </span>
     <span class='ocr_line' id='line_1_52' title="bbox 220 2711 925 2752; baseline -0.006 -7"><span class='ocrx_word' id='word_1_416' title='bbox 220 2714 358 2745; x_wconf 72' lang='lat' dir='ltr'>bantur.</span> <span class='ocrx_word' id='word_1_417' title='bbox 404 2713 504 2745; x_wconf 81' lang='lat' dir='ltr'>Scena</span> <span class='ocrx_word' id='word_1_418' title='bbox 518 2713 618 2744; x_wconf 80' lang='lat' dir='ltr'>vibret</span> <span class='ocrx_word' id='word_1_419' title='bbox 633 2711 733 2752; x_wconf 79' lang='lat' dir='ltr'>ignes,</span> <span class='ocrx_word' id='word_1_420' title='bbox 761 2715 925 2752; x_wconf 83' lang='lat' dir='ltr'>tanquam</span> 
     </span>
     <span class='ocr_line' id='line_1_53' title="bbox 223 2760 927 2806; baseline -0.003 -12"><span class='ocrx_word' id='word_1_421' title='bbox 223 2764 361 2804; x_wconf 71' lang='lat' dir='ltr'>chor053</span> <span class='ocrx_word' id='word_1_422' title='bbox 385 2760 481 2806; x_wconf 80' lang='lat' dir='ltr'>quasi</span> <span class='ocrx_word' id='word_1_423' title='bbox 496 2764 591 2805; x_wconf 80' lang='lat' dir='ltr'>ignes</span> <span class='ocrx_word' id='word_1_424' title='bbox 609 2762 779 2804; x_wconf 84' lang='lat' dir='ltr'>prodeant</span> <span class='ocrx_word' id='word_1_425' title='bbox 794 2766 830 2793; x_wconf 89' lang='lat' dir='ltr'>et</span> <span class='ocrx_word' id='word_1_426' title='bbox 852 2760 927 2793; x_wconf 82' lang='lat' dir='ltr'>sali·</span> 
     </span>
    </p>
   </div>
   <div class='ocr_carea' id='block_1_12' title="bbox 976 2301 1685 2740">
    <p class='ocr_par' dir='ltr' id='par_1_13' title="bbox 976 2301 1682 2438">
     <span class='ocr_line' id='line_1_54' title="bbox 1018 2301 1682 2342; baseline -0.008 -7"><span class='ocrx_word' id='word_1_427' title='bbox 1018 2306 1083 2335; x_wconf 78' lang='lat'>329</span> <span class='ocrx_word' id='word_1_428' title='bbox 1107 2302 1246 2342; x_wconf 73' lang='lat' dir='ltr'>Ludunt]</span> <span class='ocrx_word' id='word_1_429' title='bbox 1283 2302 1414 2333; x_wconf 85' lang='lat' dir='ltr'>Trabes</span> <span class='ocrx_word' id='word_1_430' title='bbox 1442 2301 1578 2342; x_wconf 78' lang='lat' dir='ltr'>ligneae,</span> <span class='ocrx_word' id='word_1_431' title='bbox 1601 2309 1682 2342; x_wconf 87' lang='lat' dir='ltr'>qua-</span> 
     </span>
     <span class='ocr_line' id='line_1_55' title="bbox 976 2352 1682 2394; baseline -0.007 -7"><span class='ocrx_word' id='word_1_432' title='bbox 976 2355 1003 2387; x_wconf 76' lang='lat' dir='ltr'>si</span> <span class='ocrx_word' id='word_1_433' title='bbox 1022 2356 1199 2387; x_wconf 85' lang='lat' dir='ltr'>colludant</span> <span class='ocrx_word' id='word_1_434' title='bbox 1215 2364 1291 2385; x_wconf 89' lang='lat' dir='ltr'>cum</span> <span class='ocrx_word' id='word_1_435' title='bbox 1309 2354 1387 2394; x_wconf 86' lang='lat' dir='ltr'>igne</span> <span class='ocrx_word' id='word_1_436' title='bbox 1403 2352 1472 2384; x_wconf 88' lang='lat' dir='ltr'>fido</span> <span class='ocrx_word' id='word_1_437' title='bbox 1487 2356 1523 2383; x_wconf 92' lang='lat' dir='ltr'>et</span> <span class='ocrx_word' id='word_1_438' title='bbox 1538 2361 1606 2383; x_wconf 89' lang='lat' dir='ltr'>non</span> <span class='ocrx_word' id='word_1_439' title='bbox 1623 2360 1682 2382; x_wconf 86' lang='lat' dir='ltr'>no·</span> 
     </span>
     <span class='ocr_line' id='line_1_56' title="bbox 978 2411 1092 2438; baseline 0.009 -1"><span class='ocrx_word' id='word_1_440' title='bbox 978 2411 1092 2438; x_wconf 84' lang='lat' dir='ltr'>cente.</span> 
     </span>
    </p>

    <p class='ocr_par' dir='ltr' id='par_1_14' title="bbox 979 2450 1682 2588">
     <span class='ocr_line' id='line_1_57' title="bbox 1021 2450 1680 2494; baseline -0.009 -7"><span class='ocrx_word' id='word_1_441' title='bbox 1021 2459 1083 2488; x_wconf 80' lang='lat'>331</span> <span class='ocrx_word' id='word_1_442' title='bbox 1123 2455 1233 2486; x_wconf 75' lang='lat' dir='ltr'>Subito</span> <span class='ocrx_word' id='word_1_443' title='bbox 1263 2453 1398 2494; x_wconf 82' lang='lat' dir='ltr'>oequore]</span> <span class='ocrx_word' id='word_1_444' title='bbox 1431 2451 1533 2483; x_wconf 88' lang='lat' dir='ltr'>Unda</span> <span class='ocrx_word' id='word_1_445' title='bbox 1563 2450 1680 2482; x_wconf 89' lang='lat' dir='ltr'>subito</span> 
     </span>
     <span class='ocr_line' id='line_1_58' title="bbox 979 2501 1682 2543; baseline -0.009 -5"><span class='ocrx_word' id='word_1_446' title='bbox 979 2507 1102 2538; x_wconf 86' lang='lat' dir='ltr'>emissa</span> <span class='ocrx_word' id='word_1_447' title='bbox 1131 2507 1166 2537; x_wconf 89' lang='lat' dir='ltr'>in</span> <span class='ocrx_word' id='word_1_448' title='bbox 1193 2514 1344 2543; x_wconf 86' lang='lat' dir='ltr'>arenam,</span> <span class='ocrx_word' id='word_1_449' title='bbox 1365 2501 1565 2534; x_wconf 84' lang='lat' dir='ltr'>naumachia</span> <span class='ocrx_word' id='word_1_450' title='bbox 1587 2501 1682 2532; x_wconf 82' lang='lat' dir='ltr'>exhi-</span> 
     </span>
     <span class='ocr_line' id='line_1_59' title="bbox 979 2557 1112 2588; baseline -0.008 0"><span class='ocrx_word' id='word_1_451' title='bbox 979 2557 1112 2588; x_wconf 88' lang='lat' dir='ltr'>beatur.</span> 
     </span>
    </p>

    <p class='ocr_par' dir='ltr' id='par_1_15' title="bbox 978 2603 1685 2740">
     <span class='ocr_line' id='line_1_60' title="bbox 1022 2603 1683 2646; baseline -0.008 -7"><span class='ocrx_word' id='word_1_452' title='bbox 1022 2610 1085 2639; x_wconf 80' lang='lat'>332</span> <span class='ocrx_word' id='word_1_453' title='bbox 1109 2606 1293 2646; x_wconf 79' lang='lat' dir='ltr'>Remigibus</span> <span class='ocrx_word' id='word_1_454' title='bbox 1314 2604 1449 2645; x_wconf 79' lang='lat' dir='ltr'>canoris]</span> <span class='ocrx_word' id='word_1_455' title='bbox 1473 2603 1528 2636; x_wconf 88' lang='lat' dir='ltr'>Ad</span> <span class='ocrx_word' id='word_1_456' title='bbox 1543 2605 1607 2635; x_wconf 88' lang='lat' dir='ltr'>hoc</span> <span class='ocrx_word' id='word_1_457' title='bbox 1625 2603 1683 2635; x_wconf 88' lang='lat' dir='ltr'>ad-</span> 
     </span>
     <span class='ocr_line' id='line_1_61' title="bbox 978 2656 1685 2698; baseline -0.003 -9"><span class='ocrx_word' id='word_1_458' title='bbox 978 2658 1094 2690; x_wconf 83' lang='lat' dir='ltr'>hibitis</span> <span class='ocrx_word' id='word_1_459' title='bbox 1108 2657 1307 2698; x_wconf 84' lang='lat' dir='ltr'>remigibus,</span> <span class='ocrx_word' id='word_1_460' title='bbox 1320 2662 1356 2689; x_wconf 87' lang='lat' dir='ltr'>et</span> <span class='ocrx_word' id='word_1_461' title='bbox 1368 2656 1469 2689; x_wconf 86' lang='lat' dir='ltr'>simul</span> <span class='ocrx_word' id='word_1_462' title='bbox 1481 2656 1685 2688; x_wconf 79' lang='lat' dir='ltr'>instrumen-</span> 
     </span>
     <span class='ocr_line' id='line_1_62' title="bbox 980 2707 1188 2740; baseline -0.005 0"><span class='ocrx_word' id='word_1_463' title='bbox 980 2708 1024 2740; x_wconf 82' lang='lat' dir='ltr'>tis</span> <span class='ocrx_word' id='word_1_464' title='bbox 1040 2707 1188 2740; x_wconf 78' lang='lat' dir='ltr'>musicis.</span> 
     </span>
    </p>
   </div>
  </div>
 </body>
</html>
