1852 3193
267 208 351 249 292
733 219 807 248 cr..
838 216 1123 247 anunlAm
1158 217 1261 247 vm.

265 312 474 354 Testatus
496 313 659 354 sudore
681 313 845 354 Deum.
908 309 1106 351 Nilotica
1125 311 1266 352 sistris

268 379 387 433 Ripa
408 384 548 429 sonat,
582 380 858 431 Phariosque
879 376 1039 418 modos
1060 378 1273 432 AEgyptia
1294 377 1415 420 ducit

264 447 422 489 Tibia:
457 448 689 488 submissis
711 446 908 499 admugit
931 446 1136 487 cornibus
1158 446 1291 500 Apis.

265 514 421 555 Omnis
442 515 668 564 nobilitaS,
702 514 843 554 omnis
864 517 939 553 tua
961 525 1089 553 sacra
1109 513 1382 567 frequentant

263 581 502 636 Thybridis
523 588 565 624 et
585 582 700 623 Latii
720 581 897 622 soboles
915 595 924 622 :
989 581 1197 621 convenit
1215 581 1258 621 iu
1277 592 1411 621 unum

262 691 325 722 hoc
343 692 443 724 labore
460 703 533 724 csse
551 694 663 725 Deum.
709 692 835 723 Littora
852 691 979 722 Niliaca
993 693 1136 721 resonant
1151 689 1266 728 sistris,
1280 692 1310 720 et
1323 688 1438 730 fistula
1454 687 1610 729 AEgyptia
1622 689 1730 719 cantat

262 735 356 765 melos
380 737 535 775 patrium.-
569 736 650 776 Apis
673 735 817 773 admugit
843 734 988 765 cornibus
1011 733 1161 764 demissis.
1209 732 1337 763 Nobiles
1362 740 1477 771 omnes,
1500 740 1603 762 omnes
1625 730 1731 770 populi

265 777 373 808 Romoe
388 782 418 810 et
440 779 544 810 Italae
559 779 715 810 celebrant
730 777 923 809 coerimonias
938 781 1017 808 tuas.
1065 775 1222 816 Quicquid
1245 775 1418 815 primorum
1432 773 1542 806 extitit
1557 773 1590 805 in
1605 774 1730 812 munde,

877 871 1113 883 eeeeeeeeeeee

263 925 407 957 Gevart.
425 931 460 957 et
478 927 621 958 Lucens.
639 937 688 967 pr.
706 932 741 958 et
767 927 819 957 ed.
850 926 961 957 Vicet.
988 930 1018 956 et
1044 925 1144 965 posita
1168 926 1249 957 Lov.
1275 924 1340 956 inc.
1369 924 1491 956 Heius.
1520 924 1631 956 Oxou.
1659 933 1729 955 sec.

262 968 361 999 Leid.
377 978 442 999 sec.
460 969 526 999 duo
544 970 638 999 Med.
655 969 755 999 ambo
773 970 899 999 Moret.
918 970 999 999 Exc.
1017 968 1161 999 Gevart.
1180 972 1215 998 et
1233 968 1288 998 ed.
1305 968 1418 998 vicet.
1435 972 1465 998 et
1478 968 1578 1007 posito
1592 966 1727 997 Tholos.

262 1009 382 1041 Aiubr.
402 1016 482 1041 tert.
509 1011 656 1050 imposita
681 1021 751 1041 voce
775 1010 866 1041 Pric.
885 1009 1002 1040 Ambr.
1031 1019 1083 1049 pr.
1110 1010 1257 1049 imposita
1279 1011 1436 1050 suspirans
1451 1013 1534 1040 veste
1551 1014 1620 1041 tres
1631 1009 1730 1040 Vatt.

262 1052 348 1083 Exc.
364 1053 462 1083 Laeti.
483 1053 622 1091 Laniger
638 1056 667 1083 et
681 1054 784 1092 posita
799 1052 960 1092 suspirans
975 1055 1057 1081 veste
1073 1051 1140 1081 duo
1155 1053 1254 1082 Vatt.
1272 1053 1347 1082 Pal.
1362 1053 1461 1082 Farn.
1479 1052 1578 1083 Rott.
1590 1052 1730 1091 suspirat

260 1094 358 1125 Pric.
375 1095 526 1125 Floreut.
555 1100 625 1125 tres
650 1095 745 1126 Mea.
771 1095 836 1124 inc.
865 1094 986 1124 Heius.
1013 1094 1096 1124 Put.
1123 1093 1256 1124 Thuan.
1273 1094 1402 1124 Mazar.
1427 1094 1511 1133 Reg.
1527 1104 1570 1125 m.
1594 1104 1645 1134 pr.
1661 1094 1730 1125 duo

260 1137 383 1167 Petav.
401 1137 529 1167 Bouou.
547 1137 624 1167 Pat.
639 1137 721 1168 Jun.
740 1146 792 1177 pr.
807 1136 922 1167 Oxou.
941 1145 992 1176 pr.
1022 1135 1089 1166 duo
1117 1135 1237 1166 Ambr.
1267 1135 1333 1166 duo
1362 1135 1456 1167 Leid.
1483 1137 1568 1167 Exc.
1585 1136 1730 1168 Gevart.

259 1179 400 1219 suspirat
415 1190 484 1210 voce
500 1179 625 1210 Sched.
644 1179 735 1211 Gud.
759 1179 919 1219 suspirans
944 1178 1063 1209 Ambr.
1082 1183 1162 1210 tert.
1183 1179 1344 1218 suspirant
1359 1179 1441 1209 Var.
1468 1179 1538 1210 LL.
1553 1178 1608 1210 ed.
1626 1178 1730 1211 Antv.

259 1222 405 1262 imposito
428 1225 514 1253 vecte
544 1222 638 1254 Med.
666 1228 748 1253 tert.
773 1223 900 1253 Thuan.
927 1222 1011 1261 Reg.
1035 1231 1078 1252 m.
1104 1231 1156 1261 pr.
1185 1222 1299 1253 Oxou.
1330 1231 1382 1262 pr.
1407 1221 1502 1253 Leid.
1529 1230 1581 1261 pr.
1609 1230 1654 1252 m.
1676 1231 1729 1262 pr.

259 1265 393 1295 Bonou.
433 1265 555 1296 Petav.
584 1275 653 1296 sec.
685 1270 721 1296 et
749 1266 803 1296 ed.
839 1265 945 1296 Gesn.
972 1268 1057 1295 recte
1091 1265 1194 1295 etiam
1223 1265 1466 1295 emendaverat
1504 1263 1656 1295 Gronov.
1686 1264 1730 1295 ad

259 1307 347 1338 Exc.
379 1307 512 1339 Schott.
556 1308 719 1339 Heinsius
754 1308 978 1348 ascripserat:
1018 1307 1161 1347 imposito
1195 1308 1294 1348 vecte]
1325 1307 1548 1348 quaereudum
1575 1307 1633 1347 qui
1663 1306 1732 1338 sint

258 1349 468 1390 μελανηφόρυι
496 1351 530 1381 in
557 1351 666 1381 veteri
693 1351 924 1390 Inscriptione
940 1349 1091 1380 nonduin
1108 1349 1213 1381 edita.
1240 1350 1289 1381 sic
1310 1350 1529 1390 dendrophori,
1551 1349 1730 1390 cistophori,

258 1393 578 1433 thyrsophorz'.—574
613 1394 760 1424 Testatus
783 1393 879 1424 Med.
907 1398 988 1423 tert.
1014 1392 1140 1423 Tliuan.
1170 1393 1298 1424 Mazar.
1327 1393 1440 1424 Oxou.
1468 1403 1519 1433 pr.
1549 1392 1646 1423 Leia.
1679 1402 1730 1432 pr.

262 1435 409 1466 Testatur
422 1437 520 1467 Vatt.
538 1446 655 1466 omues
674 1437 748 1467 Pal.
767 1436 874 1467 Oisel.
891 1436 975 1466 Exc.
995 1435 1094 1466 Laeti.
1108 1435 1242 1466 stridore
1257 1435 1353 1466 Med.
1372 1440 1482 1476 quart.
1499 1435 1660 1466 Heinsius
1675 1435 1729 1466 hic

259 1481 450 1517 notaverat,
467 1488 532 1508 non
549 1488 633 1518 opus
651 1489 726 1509 esse
744 1478 812 1519 legi
831 1478 944 1509 Deam.
962 1478 1029 1508 vid.
1046 1478 1147 1508 Fabri
1162 1478 1358 1510 Semestria.
1373 1488 1450 1509 nam
1466 1477 1729 1518 intelligendum

260 1529 333 1550 esse
345 1520 388 1551 de
403 1520 529 1552 Anubi.
543 1521 610 1552 vid.
627 1522 797 1562 Spartiau.
814 1531 847 1561 p.
863 1524 915 1552 76.
934 1522 956 1551 l.
971 1523 1023 1552 28.
1035 1525 1070 1551 et
1085 1520 1128 1551 ad
1145 1521 1238 1552 illum
1251 1521 1363 1552 locum
1375 1521 1516 1552 Salmas.
1533 1531 1566 1561 p.
1579 1523 1650 1551 151.
1663 1520 1732 1552 vid.

262 1563 409 1594 Casaub.
427 1574 460 1603 p.
477 1567 529 1595 23.
545 1567 596 1595 96.
612 1567 665 1595 97.
690 1567 764 1595 134.
789 1563 962 1603 Lamprid.
990 1563 1025 1594 in
1054 1564 1240 1595 Commodo
1256 1574 1289 1604 p.
1301 1566 1355 1595 49.
1368 1565 1391 1594 l.
1409 1566 1461 1595 23.
1484 1565 1493 1581 ‘
1509 1573 1607 1594 sacra
1633 1563 1730 1594 Isidis

260 1605 379 1643 coluit,
395 1611 434 1636 ut
461 1611 496 1637 et
519 1612 625 1646 caput
648 1607 786 1637 raderet
806 1611 842 1637 et
868 1606 1007 1636 Anubin
1035 1606 1218 1645 portaret.'
1244 1607 1415 1646 Spartiau.
1433 1607 1600 1638 Caracall.
1625 1615 1657 1645 p.
1673 1608 1728 1636 89.

257 1650 266 1664 ‘
285 1657 360 1678 cum
379 1647 570 1679 Antoninus
588 1649 794 1680 Commodus
824 1649 871 1678 ita
899 1658 939 1678 ea
956 1648 1068 1688 (sacra
1096 1648 1212 1689 Isidis)
1228 1649 1468 1687 celebraverit,
1485 1653 1521 1679 ut
1537 1653 1573 1679 et
1589 1647 1729 1678 Anubin

259 1695 415 1730 portaret
431 1696 466 1721 et
479 1701 599 1731 pausas
615 1691 756 1722 ederet.'
801 1691 942 1721 Salmas.
967 1700 999 1730 p.
1018 1693 1091 1720 166.
1117 1691 1245 1721 Niliaca
1267 1691 1363 1722 Med.
1381 1696 1492 1732 quart.
1509 1691 1614 1721 sistris
1629 1691 1728 1722 Farn.

257 1734 338 1773 ripis
364 1733 417 1764 ed.
435 1734 549 1764 Vicet.
568 1734 667 1764 Sirtis
682 1735 760 1765 Vat.
784 1738 865 1764 tert.
893 1733 1096 1763 Rom—575
1125 1733 1208 1772 Ripa
1231 1736 1321 1763 sonat
1336 1734 1390 1764 vel
1410 1733 1512 1764 Turba
1529 1734 1642 1765 Oxou.
1658 1742 1728 1765 sec.

248 1775 433 1816 fractosque
459 1776 539 1808 Jun.
556 1786 607 1816 pr.
626 1777 820 1816 Phariosque
847 1776 969 1815 viginti
986 1775 1052 1805 duo
1070 1775 1137 1814 alii,
1154 1776 1237 1807 Exc.
1267 1776 1410 1807 Gevart.
1428 1776 1507 1807 Ala.
1524 1777 1605 1806 Var.
1623 1777 1692 1807 LL.
1709 1786 1728 1807 e

257 1828 366 1858 marg.
398 1820 506 1849 Parin.
535 1824 570 1849 et
594 1819 715 1850 Sched.
743 1818 946 1849 Gud.—576
969 1817 1195 1857 Submissisque
1220 1819 1347 1849 Moret.
1365 1829 1417 1858 pr.
1433 1819 1580 1858 adjungit
1604 1819 1728 1850 Petav-

257 1864 342 1891 tert.
358 1861 440 1891 Var.
469 1861 537 1891 LL.
563 1861 616 1891 ed.
633 1861 845 1892 Antv.—-577
870 1863 983 1899 tuaque
1011 1860 1112 1890 omnia
1133 1870 1223 1891 sacra
1239 1861 1319 1891 Vat.
1346 1871 1398 1901 pr.
1422 1862 1524 1892 Fam.
1544 1861 1728 1902 frequentat

259 1908 330 1933 tres
345 1904 426 1934 Vat.
444 1904 520 1934 Pal.
546 1904 644 1935 Rott.
670 1903 779 1935 Oisel.
794 1903 1002 1942 frequentant
1020 1912 1142 1934 novem
1159 1903 1339 1934 auh—578
1366 1904 1506 1943 Tigridis
1520 1905 1598 1936 Vat.
1617 1905 1727 1945 quint.

261 1945 410 1986 Tybridis
426 1946 479 1976 vel
499 1946 640 1986 Tigridis
656 1947 804 1978 Floreat.
830 1947 959 1977 Moret.
985 1948 1147 1985 pr.—579
1172 1945 1284 1986 ubique
1300 1956 1360 1987 pro
1388 1948 1422 1977 in
1447 1947 1518 1978 orbe
1532 1947 1659 1978 Moret.
1675 1957 1728 1987 pr.

916 2042 1059 2075 NOTAE

255 2109 348 2140 linea
364 2114 457 2140 veste
475 2110 681 2150 utebantur3
705 2109 795 2141 unde
807 2108 965 2143 Juvenali

257 2163 294 2190 et
304 2159 472 2199 Martiali,
486 2160 632 2198 Linigeri
649 2160 820 2191 dicuntur.

1063 2110 1124 2139 575
1150 2107 1286 2138 Pharios
1302 2106 1420 2146 modos]
1445 2107 1657 2138 Concentum
1670 2115 1728 2146 pa-

1019 2158 1122 2189 trium
1151 2167 1206 2189 seu
1224 2158 1477 2198 AEgypssacum,
1502 2167 1523 2189 a
1546 2156 1660 2188 Pharo
1676 2158 1726 2188 iu-

300 2211 363 2239 574
402 2208 544 2239 Testatus
565 2211 674 2240 sudore
696 2209 817 2249 Deum]
853 2210 963 2240 Tanto

256 2262 293 2289 et
319 2258 437 2291 labore
464 2263 500 2289 et
539 2259 660 2289 sudore
689 2264 859 2290 testantur
890 2269 963 2290 esse

256 2308 381 2348 Deum,
397 2318 497 2350 quem
515 2313 662 2349 gestant,
685 2309 729 2339 ob
751 2310 857 2349 majus
874 2309 963 2339 scili-

256 2363 313 2389 cet
328 2359 469 2399 hujusce
487 2359 628 2399 pondus.
673 2359 765 2389 Deos
781 2359 869 2389 euim
887 2368 961 2389 esse

257 2408 442 2449 graviores,
467 2414 527 2439 aut
554 2408 722 2448 putabant
747 2412 805 2438 aut
829 2408 963 2438 simula-

257 2458 352 2498 bant,
377 2459 420 2489 ad
449 2458 638 2498 aagendam
657 2458 774 2500 populi
800 2457 962 2498 supersti-

257 2508 397 2540 tionem.

297 2558 428 2598 Sistris]
464 2559 610 2590 Sistrum
638 2562 691 2589 est
714 2558 960 2598 crepitaculum

257 2619 402 2650 aeneum,
419 2621 484 2651 quo
501 2609 653 2651 AEgyptii
671 2608 874 2640 Sacerdotes
891 2613 961 2638 ute-

254 2659 379 2692 bantur
403 2661 438 2691 iu
463 2661 569 2692 sacris
594 2660 703 2692 Isidis.
733 2659 882 2698 Dicitur,
901 2658 961 2689 ἀπὸ

253 2711 310 2741 τοῦ
336 2709 441 2750 σείειν,
455 2714 592 2752 quatere,
615 2710 706 2752 quod
723 2709 897 2751 quatiatur
925 2712 962 2740 et

256 2769 374 2792 sonum
388 2760 478 2793 edat.

1019 2209 1094 2239 sula
1110 2207 1153 2238 ad
1170 2208 1258 2238 ostia
1274 2207 1356 2238 Nili.
1627 2237 1629 2240 Α

1061 2261 1126 2289 576
1148 2258 1243 2298 Apis]
1275 2258 1343 2288 Seu
1371 2256 1492 2296 Osiris,
1520 2255 1723 2295 Argivorum

1019 2307 1108 2347 Rex,
1132 2307 1228 2339 Jovis
1245 2306 1334 2337 filius
1361 2315 1395 2337 et
1416 2306 1557 2345 Niobes,
1585 2306 1725 2345 trajecit

1017 2357 1051 2387 in
1079 2358 1277 2398 AEgyptum,
1305 2357 1362 2388 ubi
1388 2358 1533 2398 populos
1555 2356 1596 2387 ad
1613 2356 1723 2388 mitio-

1018 2415 1088 2437 rem
1107 2406 1242 2437 vivendi
1274 2406 1440 2437 rationem
1458 2405 1633 2436 traduxit:
1664 2405 1722 2436 do-

1017 2457 1089 2488 cuit
1117 2466 1174 2488 eos
1198 2461 1353 2497 segetum
1377 2456 1555 2494 sationem,
1584 2461 1619 2486 et
1645 2461 1723 2496 post

1017 2507 1148 2538 obitum
1176 2507 1336 2538 adoratus
1363 2510 1416 2537 est
1440 2506 1500 2537 sub
1529 2505 1595 2537 vivi
1628 2506 1722 2538 bovis

1017 2559 1144 2600 specie.

1059 2611 1122 2640 577
1149 2609 1215 2640 Tua
1241 2609 1344 2649 sacra]
1369 2608 1475 2639 Velut
1500 2607 1645 2638 numinis
1664 2608 1723 2638 ali-

1016 2660 1129 2700 cujus,
1145 2659 1355 2691 caerimonias
1380 2658 1584 2691 Consulatus
1600 2657 1651 2690 tui
1667 2667 1726 2689 ce-

1016 2709 1163 2742 lebrant.
