1852 3193
212 224 298 268 282
678 238 750 268 ct„
783 236 1065 268 CLAUDIANI
1100 236 1209 267 vni.

211 330 325 373 Cum
344 330 559 382 transiret,
584 335 704 373 erat:
729 345 807 385 per
827 336 885 381 te,
909 332 1115 385 viresque
1138 335 1311 373 tuorum

212 398 379 441 Fracta
398 399 584 441 ducum:
607 400 812 452 lugetque
834 400 919 439 sibi
932 399 1026 452 jam
1049 412 1147 440 rara
1169 404 1412 453 superstes.

211 466 284 517 Et,
307 480 493 520 quorum
515 466 656 507 turbae
683 467 877 519 spatium
896 467 972 506 vix
994 467 1186 519 praebuit
1206 466 1338 517 orbis,

212 534 317 576 Uno
335 535 443 575 colle
465 535 605 574 latent
624 548 633 575 :
664 534 839 583 sitiens,
869 533 1129 587 inclusaque
1152 534 1274 575 vallo

213 601 403 655 Ereptas
424 601 635 654 quaesivit
657 614 812 655 aquam,
836 614 946 654 quas
967 601 1168 642 hostibus
1190 603 1287 641 ante

212 670 405 722 lrriguas
424 669 511 709 alio
535 669 748 709 Stilichon
764 667 1007 708 deflexerat
1029 673 1147 718 actu,

215 737 541 789 Mirantemque
562 749 700 777 novas
720 737 875 787 ignota
896 749 974 788 per
996 736 1099 776 avia
1119 735 1260 776 valles

213 804 242 845 J
246 809 417 845 usserat
438 817 595 844 averso
615 804 800 844 fluvium
824 804 1007 856 migrare
1028 806 1188 843 meatu.

216 870 362 913 Obvia
385 872 491 926 quid
513 873 668 912 mirum
685 872 818 921 vinci,
842 884 939 912 cum
963 871 1180 910 barbarus
1202 869 1315 910 ultro

1587 597 1673 639 480

212 989 261 1020 cia
275 990 403 1028 arctior,
417 1000 485 1020 cum
499 991 768 1028 transgrederetur
783 999 792 1019 .·
818 990 917 1019 deletu
931 992 974 1019 est
987 998 1042 1028 per·
1069 992 1110 1025 te,
1138 991 1168 1018 et
1181 997 1242 1028 per
1259 988 1407 1019 virtutem
1423 988 1594 1018 Ductorum
1611 989 1678 1017 tuo-

214 1042 284 1062 rum
300 1032 433 1068 :acjum
446 1032 503 1062 illa
514 1042 613 1071 pauca
626 1033 719 1061 velut
732 1035 809 1070 post
820 1040 850 1061 se
864 1034 1017 1069 superstes
1032 1030 1272 1069 reinunensflet.
1288 1030 1389 1069 Atque
1403 1031 1515 1060 hostes
1528 1029 1678 1069 sepeliun-

215 1077 269 1104 tur
281 1075 313 1104 in
326 1075 399 1104 colle
408 1074 516 1108 11nico;
539 1075 648 1103 hostes
661 1083 787 1112 quorum
801 1072 995 1102 multitudini
1006 1073 1061 1102 via·
1069 1073 1197 1101 mundus
1209 1072 1416 1110 suppeditavit
1426 1072 1576 1111 spatium:
1597 1081 1678 1111 gens

214 1117 373 1146 sitibunda
385 1120 412 1146 et
425 1116 624 1155 circurrisepta
638 1125 752 1153 aggere
763 1115 924 1154 requisivit
932 1124 1027 1154 aquas
1036 1115 1185 1151 udemtus,
1193 1124 1266 1153 quas
1277 1114 1408 1143 Stilicho
1418 1117 1574 1144 arerteral
1585 1115 1679 1144 ductu

215 1159 347 1195 diverso,
357 1158 587 1198 priusflueutes
603 1167 662 1196 pro
675 1157 824 1196 hostibus,
839 1160 868 1187 et
887 1158 1092 1196 imperat-erut
1109 1156 1244 1195 fluvium
1260 1157 1464 1186 admirantem
1475 1156 1569 1186 valles
1582 1156 1682 1186 insue-

216 1203 277 1238 tas,
298 1211 354 1241 per
377 1201 443 1231 ‘cias
468 1201 654 1240 incognitas,
662 1201 764 1241 fluere
780 1210 869 1231 cursu
885 1199 1050 1231 contrario.
1091 1199 1174 1234 Quia·
1191 1198 1375 1230 admirabile
1391 1203 1441 1229 est
1455 1198 1595 1238 superari
1613 1207 1631 1228 a
1647 1202 1682 1229 te

834 1284 1068 1296 aeaeaeaeaeaeaeaeaeaeaeae

218 1359 267 1390 pr.
285 1350 370 1380 Exc.
384 1349 594 1380 Voss—470
618 1350 767 1380 transiret
781 1359 874 1389 aquus
882 1349 1014 1379 Tholos.
1046 1353 1225 1380 transnaret
1239 1349 1321 1382 Jnn.
1336 1351 1496 1390 pin—477
1519 1350 1683 1388 lugentque

218 1392 340 1423 Ambr.
373 1402 424 1431 pr.
457 1394 593 1432 lucetque
620 1392 704 1423 Put.
734 1393 865 1432 licetque
894 1392 1030 1422 Tholas.
1051 1393 1121 1431 jam
1150 1402 1223 1423 rara
1249 1393 1301 1422 vel
1326 1402 1404 1431 gens
1432 1402 1506 1422 rara
1534 1391 1685 1422 Oisel.—-

218 1438 283 1467 478
307 1435 408 1465 turbis
424 1434 543 1465 Petav.
561 1445 630 1466 sec.
656 1435 795 1475 spatium
810 1434 908 1465 turbae
924 1435 1006 1465 Vat.
1025 1445 1075 1475 pr.
1104 1436 1217 1477 sufficit
1234 1436 1363 1466 Moret.
1393 1445 1442 1474 pr.
1459 1435 1593 1465 contulit
1604 1434 1686 1465 Vat.

220 1482 331 1517 quart.
364 1478 483 1507 Petav.
516 1487 564 1517 pr.
595 1478 721 1508 Moret.
739 1488 804 1508 sec.
835 1477 951 1508 ini-enit
969 1478 1022 1507 vel
1038 1479 1169 1509 contulit
1185 1478 1388 1509 Med.-—479
1401 1478 1511 1516 jacens
1535 1477 1616 1508 Vat.
1633 1485 1685 1515 pr.

221 1520 322 1551 Farn.
350 1520 526 1560 inclusaque
541 1522 614 1551 colle
628 1520 708 1553 Jun.
724 1522 881 1560 pia—480
909 1521 1039 1550 Erectus
1058 1521 1139 1552 Vat.
1158 1526 1237 1551 tert.
1260 1522 1355 1552 Rott.
1374 1520 1578 1551 Leuat—481
1606 1519 1687 1549 Con·

220 1563 326 1593 tinans
351 1562 429 1593 Pat.
459 1563 632 1602 Contiguus
659 1563 779 1593 decem
805 1563 872 1593 alii.
906 1563 1051 1602 Irriguas
1081 1564 1208 1594 Moret.
1237 1573 1287 1603 pr.
1316 1564 1379 1594 alto
1406 1564 1502 1594 Rott.
1532 1560 1688 1592 Stilichon

222 1605 424 1636 Exc.Laeii.
454 1605 569 1636 Stilico
592 1606 673 1637 Vat.
703 1615 753 1645 pr.
785 1610 819 1636 et
845 1607 953 1645 quint.
985 1607 1157 1636 deduxerat
1184 1605 1265 1636 Vat.
1283 1610 1395 1646 quart.
1413 1606 1535 1636 Petav.
1553 1614 1605 1643 pr.
1635 1604 1689 1634 de·

213 1648 355 1688 flexerat
375 1647 427 1677 vel
448 1649 619 1678 deduxerat
647 1648 759 1679 Oxou.
781 1658 849 1678 sec.
873 1658 947 1677 arcu
977 1657 1093 1678 omnes
1123 1650 1220 1679 Vatt.
1243 1649 1318 1678 Pal.
1344 1649 1446 1678 Farn.
1469 1648 1563 1677 Rott.
1582 1646 1690 1677 Oisel.

221 1694 294 1720 actu
310 1690 404 1721 Med.
424 1695 504 1720 tert.
524 1690 610 1727 Reg.
627 1691 759 1721 Tbnan.
779 1691 900 1720 Petav.
920 1700 970 1729 pr.
988 1691 1121 1721 Bonon.
1137 1690 1272 1720 Tholos.
1290 1690 1409 1720 Ambr.
1427 1694 1506 1720 tert.
1527 1690 1605 1719 Lov.
1620 1693 1689 1719 vet.

223 1733 308 1772 Gyr.
327 1732 438 1763 Oxon.
458 1743 507 1772 pr.
527 1733 623 1763 Leid.
651 1742 718 1763 sec.
736 1734 819 1763 Exc.
851 1733 997 1763 Lucens.
1030 1743 1095 1763 sec.
1120 1734 1204 1763 Exc.
1229 1733 1370 1763 Gevart.
1396 1737 1432 1762 et
1448 1733 1530 1762 Var.
1547 1731 1612 1763 LL.
1631 1730 1685 1760 ed.

224 1775 330 1806 Antv.
346 1775 505 1805 Heinsius
523 1775 734 1815 conjiciebat
746 1779 825 1811 astu,
842 1775 896 1805 cni
912 1775 949 1805 τὸ
965 1786 1037 1806 arcu
1052 1776 1158 1806 niinus
1178 1775 1400 1815 probabatur,
1415 1775 1495 1815 quia
1510 1783 1599 1804 arcus
1617 1778 1690 1804 tan-

224 1821 296 1848 tum
314 1818 423 1848 locuni
436 1818 538 1848 habet
556 1819 589 1847 in
608 1817 878 1857 Aqnaeductibus
895 1818 1062 1858 laqueatis
1078 1819 1128 1848 vel
1152 1817 1342 1854 fomicasss,
1359 1818 1399 1848 de
1416 1817 1536 1857 quibus
1552 1817 1606 1846 liic
1622 1825 1689 1847 uon

224 1860 337 1900 agitur
355 1871 362 1890 2
390 1864 424 1889 et
440 1861 501 1890 hoc
520 1860 699 1899 probatum
716 1860 787 1890 ibat
804 1860 879 1890 loco
895 1861 984 1891 Stat.
1002 1860 1074 1891 Lib.
1092 1870 1116 1890 1.
1134 1861 1226 1899 Sylv.
1252 1863 1303 1891 28.
1327 1862 1335 1876 ‘
1356 1860 1526 1899 praecelsis
1545 1868 1688 1900 quarum

225 1912 313 1942 vaga
330 1902 474 1932 molibus
505 1902 597 1933 unda
625 1902 770 1941 Crescit,
788 1907 822 1933 et
842 1903 1017 1933 innumero
1043 1902 1196 1942 pendens
1229 1903 1472 1933 transmittitur
1495 1901 1602 1932 arcus
1621 1911 1687 1942 quo

227 1945 342 1975 allusit
359 1944 465 1975 Rutil.
479 1945 553 1975 Lib.
572 1954 596 1975 1.
616 1945 697 1975 ltin.
713 1948 767 1975 97.
782 1945 838 1975 ubi
857 1946 927 1983 agit
945 1946 985 1975 de
1003 1946 1122 1983 Roma,
1139 1947 1147 1961 ‘
1160 1944 1249 1977 Quid
1265 1946 1383 1985 loquor
1397 1945 1489 1975 a'e'rio
1503 1944 1693 1984 pendentes

224 1986 356 2018 fornice
384 1988 486 2026 rivos,
514 1988 591 2019 Qua
614 1988 668 2017 vix
697 1987 886 2018 imbriferas
915 1988 1051 2018 tolleret
1082 1987 1146 2018 Iris
1173 1997 1275 2028 aquas
1293 1988 1315 2018 ?’
1342 1988 1505 2018 hactenus
1524 1986 1691 2017 Heius.—

226 2033 289 2061 482
311 2040 367 2070 per
382 2030 467 2060 invia
492 2030 643 2061 Florent.
664 2040 707 2061 111.
726 2033 885 2069 piu—433
909 2041 1015 2061 averso
1042 2031 1136 2061 Med.
1154 2035 1234 2061 tert.
1260 2031 1345 2070 Reg.
1371 2040 1414 2060 m.
1441 2039 1507 2060 see.
1525 2030 1606 2060 Var.
1623 2029 1690 2059 LL.

227 2072 282 2106 ed.
308 2072 413 2104 Antv.
440 2073 567 2104 adverso
595 2073 680 2104 Exc.
707 2074 807 2106 Voss.
835 2074 947 2104 Oxou.
965 2073 1061 2105 Leid.
1089 2073 1340 2114 Lovan2Wolf.
1358 2073 1442 2104 Exc.
1461 2073 1604 2104 Gevart.
1630 2072 1694 2102 Lu-

890 2158 1035 2190 NOTAE

271 2236 332 2264 477
358 2232 426 2263 Sibi
460 2233 629 2272 superstes]
675 2233 781 2266 Quasi
818 2233 934 2263 vivens

230 2288 307 2325 post
345 2288 488 2314 mortem
517 2292 625 2322 suam,
654 2283 689 2313 id
717 2289 781 2322 est,
805 2283 932 2321 vivens,

233 2333 370 2365 ademta
395 2333 459 2363 sibi
480 2334 600 2373 gloria,
615 2343 690 2374 quae
705 2333 842 2364 fortium
864 2334 934 2363 vita

231 2388 295 2414 est.
340 2383 405 2413 Vel
419 2393 492 2413 rara
507 2386 672 2423 superstes,
697 2383 730 2413 id
757 2388 820 2421 est,
837 2383 935 2422 pauci

231 2443 273 2464 ex
291 2433 391 2464 Getis
417 2438 644 2473 remanentes,
660 2433 778 2463 vivunt
795 2433 861 2463 sibi
885 2443 936 2463 sn-

232 2483 408 2524 perstites,
420 2482 455 2513 id
466 2487 528 2521 est,
538 2483 739 2523 superstites
751 2492 818 2512 suae
830 2482 936 2522 genti,

234 2544 311 2575 quae
328 2533 444 2564 deleta
460 2532 572 2564 fuerat
593 2533 773 2563 maximam
791 2537 935 2572 partem.

277 2587 340 2615 479
365 2584 503 2624 Inclusa]
539 2585 667 2615 Notant
699 2584 890 2623 Scriptores
919 2593 938 2613 a

235 2634 419 2665 Stilichone
436 2634 581 2665 inclusos
605 2643 679 2664 esse
703 2633 827 2672 hostes,
848 2636 884 2663 et
896 2632 938 2663 ab

235 2685 355 2716 eodem
371 2685 540 2724 dimissos,
570 2685 683 2725 sicque
705 2684 747 2714 ab
765 2693 804 2714 eo
821 2693 939 2723 pecca-

239 2739 310 2766 tum
326 2745 399 2766 esse
413 2739 535 2766 contra
554 2736 674 2774 Remp.
701 2733 855 2765 Orosius.

990 2237 1160 2271 avertere,
1178 2236 1214 2264 et
1228 2232 1290 2263 sibi
1303 2230 1574 2269 accommodare,
1585 2229 1695 2261 heroi-

990 2293 1065 2313 cnni
1083 2286 1146 2313 est.

1030 2332 1127 2372 Actu]
1153 2332 1296 2372 Agendo
1312 2336 1348 2363 et
1365 2330 1572 2371 impellendo
1588 2339 1692 2371 aquas

990 2381 1056 2412 alio
1082 2382 1199 2413 ductu.
1248 2382 1318 2412 Alii
1346 2382 1463 2421 legunt
1478 2390 1563 2418 arcu,
1581 2379 1613 2410 id
1630 2384 1697 2420 est,

990 2431 1079 2463 fossa
1090 2437 1233 2462 curvata
1248 2431 1373 2462 flumen
1387 2429 1586 2461 deflectere.

1033 2485 1095 2513 483
1118 2482 1278 2522 Jusserat]
1298 2482 1400 2514 Quasi
1414 2490 1536 2511 numen
1546 2480 1695 2522 aliquod.

1033 2533 1151 2563 Averso
1167 2531 1282 2571 meatu]
1321 2532 1443 2570 Cursu,
1474 2532 1530 2572 qui
1559 2540 1696 2562 aversus

991 2582 1035 2612 sit
1051 2586 1086 2612 et
1099 2582 1288 2612 contrarius
1305 2581 1415 2612 cursui
1434 2581 1590 2612 naturali.

1035 2634 1097 2662 484
1123 2631 1237 2670 Obvia}
1276 2632 1368 2664 Quid
1391 2632 1512 2662 mirum
1536 2637 1591 2663 est
1617 2642 1638 2663 a
1661 2635 1696 2663 te

993 2682 1083 2713 vinci
1099 2682 1208 2720 obvia,
1220 2683 1253 2713 id
1266 2687 1330 2721 est,
1346 2682 1527 2722 contraria,
1542 2682 1698 2723 adversa,

993 2731 1130 2763 hostilia
1159 2732 1303 2773 agmina,
1340 2742 1555 2775 quacumque
1579 2742 1697 2766 occur-

281 2787 343 2816 481
366 2783 563 2825 Deliexerat]
586 2785 721 2817 Fluvios
731 2783 773 2816 ab
790 2784 942 2816 hostibus
996 2789 1086 2815 runt.
