<?xml version="1.0" encoding="UTF-8"?>
<!DOCTYPE html PUBLIC "-//W3C//DTD XHTML 1.0 Transitional//EN"
    "http://www.w3.org/TR/xhtml1/DTD/xhtml1-transitional.dtd">
<html xmlns="http://www.w3.org/1999/xhtml" xml:lang="en" lang="en">
 <head>
  <title>
</title>
<meta http-equiv="Content-Type" content="text/html;charset=utf-8" />
  <meta name='ocr-system' content='tesseract 3.04.00' />
  <meta name='ocr-capabilities' content='ocr_page ocr_carea ocr_par ocr_line ocrx_word'/>
</head>
<body>
  <div class='ocr_page' id='page_1' title='image "./operaomniaexedit01clauuoft_0162.png"; bbox 0 0 1852 3193; ppageno 0'>
   <div class='ocr_carea' id='block_1_1' title="bbox 261 221 346 262">
    <p class='ocr_par' dir='ltr' id='par_1_1' title="bbox 261 221 346 262">
     <span class='ocr_line' id='line_1_1' title="bbox 261 221 346 262; baseline 0 -1"><span class='ocrx_word' id='word_1_1' title='bbox 261 221 346 262; x_wconf 71' lang='lat'>144</span> 
     </span>
    </p>
   </div>
   <div class='ocr_carea' id='block_1_2' title="bbox 262 326 741 381">
    <p class='ocr_par' dir='ltr' id='par_1_2' title="bbox 262 326 741 381">
     <span class='ocr_line' id='line_1_2' title="bbox 262 326 741 381; baseline 0.002 -14"><span class='ocrx_word' id='word_1_2' title='bbox 262 326 582 381; x_wconf 86' lang='lat' dir='ltr'>Disposuitque</span> <span class='ocrx_word' id='word_1_3' title='bbox 602 328 741 369; x_wconf 84' lang='lat' dir='ltr'>nefas.</span> 
     </span>
    </p>
   </div>
   <div class='ocr_carea' id='block_1_3' title="bbox 751 230 1221 262">
    <p class='ocr_par' dir='ltr' id='par_1_3' title="bbox 751 230 1221 262">
     <span class='ocr_line' id='line_1_3' title="bbox 751 230 1221 262; baseline -0.011 0"><span class='ocrx_word' id='word_1_4' title='bbox 751 232 828 262; x_wconf 81' lang='lat' dir='ltr'>CL.</span> <span class='ocrx_word' id='word_1_5' title='bbox 861 230 1142 261; x_wconf 80' lang='lat' dir='ltr'>CLAUDIANI</span> <span class='ocrx_word' id='word_1_6' title='bbox 1179 230 1221 258; x_wconf 83' lang='lat' dir='ltr'>V.</span> 
     </span>
    </p>
   </div>
   <div class='ocr_carea' id='block_1_4' title="bbox 802 323 1312 379">
    <p class='ocr_par' dir='ltr' id='par_1_4' title="bbox 802 323 1312 379">
     <span class='ocr_line' id='line_1_4' title="bbox 802 323 1312 379; baseline -0.006 -13"><span class='ocrx_word' id='word_1_7' title='bbox 802 325 892 366; x_wconf 90' lang='lat' dir='ltr'>Alii</span> <span class='ocrx_word' id='word_1_8' title='bbox 913 339 991 379; x_wconf 88' lang='lat' dir='ltr'>per</span> <span class='ocrx_word' id='word_1_9' title='bbox 1012 329 1133 376; x_wconf 82' lang='lat' dir='ltr'>terga</span> <span class='ocrx_word' id='word_1_10' title='bbox 1154 323 1312 364; x_wconf 84' lang='lat' dir='ltr'>ferocis</span> 
     </span>
    </p>
   </div>
   <div class='ocr_carea' id='block_1_5' title="bbox 258 394 1422 582">
    <p class='ocr_par' dir='ltr' id='par_1_5' title="bbox 258 394 1422 582">
     <span class='ocr_line' id='line_1_5' title="bbox 260 394 1285 445; baseline -0.003 -11"><span class='ocrx_word' id='word_1_11' title='bbox 260 394 456 435; x_wconf 80' lang='lat' dir='ltr'>Danubii</span> <span class='ocrx_word' id='word_1_12' title='bbox 479 396 666 435; x_wconf 82' lang='lat' dir='ltr'>solidata</span> <span class='ocrx_word' id='word_1_13' title='bbox 687 400 828 442; x_wconf 84' lang='lat' dir='ltr'>ruunt,</span> <span class='ocrx_word' id='word_1_14' title='bbox 851 396 1120 445; x_wconf 81' lang='lat' dir='ltr'>expertaque</span> <span class='ocrx_word' id='word_1_15' title='bbox 1143 404 1285 431; x_wconf 90' lang='lat' dir='ltr'>remos</span> 
     </span>
     <span class='ocr_line' id='line_1_6' title="bbox 259 457 1422 514; baseline -0.003 -12"><span class='ocrx_word' id='word_1_16' title='bbox 259 461 480 514; x_wconf 78' lang='lat' dir='ltr'>Frangunt</span> <span class='ocrx_word' id='word_1_17' title='bbox 501 468 653 513; x_wconf 74' lang='lat' dir='ltr'>stagna</span> <span class='ocrx_word' id='word_1_18' title='bbox 672 461 804 501; x_wconf 86' lang='lat' dir='ltr'>rotis:</span> <span class='ocrx_word' id='word_1_19' title='bbox 837 459 911 499; x_wconf 83' lang='lat' dir='ltr'>alii</span> <span class='ocrx_word' id='word_1_20' title='bbox 933 472 1010 511; x_wconf 89' lang='lat' dir='ltr'>per</span> <span class='ocrx_word' id='word_1_21' title='bbox 1033 457 1200 512; x_wconf 80' lang='lat' dir='ltr'>Caspia</span> <span class='ocrx_word' id='word_1_22' title='bbox 1218 459 1422 508; x_wconf 84' lang='lat' dir='ltr'>claustra,</span> 
     </span>
     <span class='ocr_line' id='line_1_7' title="bbox 258 526 1285 582; baseline -0.004 -13"><span class='ocrx_word' id='word_1_23' title='bbox 258 527 579 582; x_wconf 80' lang='lat' dir='ltr'>Armeniasque</span> <span class='ocrx_word' id='word_1_24' title='bbox 600 530 737 577; x_wconf 74' lang='lat' dir='ltr'>nives,</span> <span class='ocrx_word' id='word_1_25' title='bbox 757 528 935 580; x_wconf 88' lang='lat' dir='ltr'>inopino</span> <span class='ocrx_word' id='word_1_26' title='bbox 956 526 1130 566; x_wconf 79' lang='lat' dir='ltr'>tramite</span> <span class='ocrx_word' id='word_1_27' title='bbox 1150 526 1285 576; x_wconf 84' lang='lat' dir='ltr'>ducti,</span> 
     </span>
    </p>
   </div>
   <div class='ocr_carea' id='block_1_6' title="bbox 258 595 826 649">
    <p class='ocr_par' dir='ltr' id='par_1_6' title="bbox 258 595 826 649">
     <span class='ocr_line' id='line_1_8' title="bbox 258 595 826 649; baseline -0.007 -13"><span class='ocrx_word' id='word_1_28' title='bbox 258 595 478 637; x_wconf 80' lang='lat' dir='ltr'>Invadunt</span> <span class='ocrx_word' id='word_1_29' title='bbox 497 596 684 637; x_wconf 78' lang='lat' dir='ltr'>Orientis</span> <span class='ocrx_word' id='word_1_30' title='bbox 704 608 826 649; x_wconf 86' lang='lat' dir='ltr'>opes.</span> 
     </span>
    </p>
   </div>
   <div class='ocr_carea' id='block_1_7' title="bbox 886 593 1364 646">
    <p class='ocr_par' dir='ltr' id='par_1_7' title="bbox 886 593 1364 646">
     <span class='ocr_line' id='line_1_9' title="bbox 886 593 1364 646; baseline 0 -12"><span class='ocrx_word' id='word_1_31' title='bbox 886 594 987 634; x_wconf 80' lang='lat' dir='ltr'>Jam</span> <span class='ocrx_word' id='word_1_32' title='bbox 1008 606 1179 646; x_wconf 81' lang='lat' dir='ltr'>pascua</span> <span class='ocrx_word' id='word_1_33' title='bbox 1198 593 1364 634; x_wconf 83' lang='lat' dir='ltr'>fumant</span> 
     </span>
    </p>
   </div>
   <div class='ocr_carea' id='block_1_8' title="bbox 1661 594 1718 637">
    <p class='ocr_par' dir='ltr' id='par_1_8' title="bbox 1661 594 1718 637">
     <span class='ocr_line' id='line_1_10' title="bbox 1661 594 1718 637; baseline -0.018 0"><span class='ocrx_word' id='word_1_34' title='bbox 1661 594 1718 637; x_wconf 81' lang='lat'>30</span> 
     </span>
    </p>
   </div>
   <div class='ocr_carea' id='block_1_9' title="bbox 256 660 1554 784">
    <p class='ocr_par' dir='ltr' id='par_1_9' title="bbox 256 660 1554 784">
     <span class='ocr_line' id='line_1_11' title="bbox 258 660 1554 717; baseline 0.001 -13"><span class='ocrx_word' id='word_1_35' title='bbox 258 662 594 717; x_wconf 82' lang='lat' dir='ltr'>Cappadocum,</span> <span class='ocrx_word' id='word_1_36' title='bbox 613 663 923 715; x_wconf 85' lang='lat' dir='ltr'>volucrumque</span> <span class='ocrx_word' id='word_1_37' title='bbox 944 674 1102 714; x_wconf 84' lang='lat' dir='ltr'>parens</span> <span class='ocrx_word' id='word_1_38' title='bbox 1123 660 1311 713; x_wconf 74' lang='lat' dir='ltr'>Argaeus</span> <span class='ocrx_word' id='word_1_39' title='bbox 1331 674 1554 714; x_wconf 88' lang='lat' dir='ltr'>equorum.</span> 
     </span>
     <span class='ocr_line' id='line_1_12' title="bbox 256 729 1398 784; baseline -0.002 -13"><span class='ocrx_word' id='word_1_40' title='bbox 256 731 286 771; x_wconf 92' lang='lat' dir='ltr'><strong>J</strong></span> <span class='ocrx_word' id='word_1_41' title='bbox 290 744 359 771; x_wconf 83' lang='lat' dir='ltr'>am</span> <span class='ocrx_word' id='word_1_42' title='bbox 381 732 506 772; x_wconf 84' lang='lat' dir='ltr'>rubet</span> <span class='ocrx_word' id='word_1_43' title='bbox 526 732 640 772; x_wconf 81' lang='lat' dir='ltr'>altus</span> <span class='ocrx_word' id='word_1_44' title='bbox 663 731 809 784; x_wconf 78' lang='lat' dir='ltr'>Halys</span> <span class='ocrx_word' id='word_1_45' title='bbox 827 744 836 771; x_wconf 89' lang='lat'><strong>:</strong></span> <span class='ocrx_word' id='word_1_46' title='bbox 868 743 945 770; x_wconf 85' lang='lat' dir='ltr'>nec</span> <span class='ocrx_word' id='word_1_47' title='bbox 968 743 1014 769; x_wconf 87' lang='lat' dir='ltr'>se</span> <span class='ocrx_word' id='word_1_48' title='bbox 1036 729 1224 769; x_wconf 77' lang='lat' dir='ltr'>defendit</span> <span class='ocrx_word' id='word_1_49' title='bbox 1244 729 1398 782; x_wconf 87' lang='lat' dir='ltr'>iniquo</span> 
     </span>
    </p>
   </div>
   <div class='ocr_carea' id='block_1_10' title="bbox 257 797 569 839">
    <p class='ocr_par' dir='ltr' id='par_1_10' title="bbox 257 797 569 839">
     <span class='ocr_line' id='line_1_13' title="bbox 257 797 569 839; baseline 0 0"><span class='ocrx_word' id='word_1_50' title='bbox 257 797 412 839; x_wconf 80' lang='lat' dir='ltr'>Monte</span> <span class='ocrx_word' id='word_1_51' title='bbox 435 798 569 839; x_wconf 85' lang='lat' dir='ltr'>Cilix.</span> 
     </span>
    </p>
   </div>
   <div class='ocr_carea' id='block_1_11' title="bbox 632 797 1414 852">
    <p class='ocr_par' dir='ltr' id='par_1_11' title="bbox 632 797 1414 852">
     <span class='ocr_line' id='line_1_14' title="bbox 632 797 1414 852; baseline -0.003 -13"><span class='ocrx_word' id='word_1_52' title='bbox 632 799 772 852; x_wconf 78' lang='lat' dir='ltr'>Syriae</span> <span class='ocrx_word' id='word_1_53' title='bbox 792 802 956 838; x_wconf 84' lang='lat' dir='ltr'>tractus</span> <span class='ocrx_word' id='word_1_54' title='bbox 978 800 1202 836; x_wconf 82' lang='lat' dir='ltr'>vastantur</span> <span class='ocrx_word' id='word_1_55' title='bbox 1224 797 1414 837; x_wconf 81' lang='lat' dir='ltr'>amoeni:</span> 
     </span>
    </p>
   </div>
   <div class='ocr_carea' id='block_1_12' title="bbox 255 865 1339 920">
    <p class='ocr_par' dir='ltr' id='par_1_12' title="bbox 255 865 1339 920">
     <span class='ocr_line' id='line_1_15' title="bbox 255 865 1339 920; baseline -0.004 -13"><span class='ocrx_word' id='word_1_56' title='bbox 255 865 581 920; x_wconf 87' lang='lat' dir='ltr'>Assuetumque</span> <span class='ocrx_word' id='word_1_57' title='bbox 603 867 762 915; x_wconf 84' lang='lat' dir='ltr'>choris,</span> <span class='ocrx_word' id='word_1_58' title='bbox 785 870 828 906; x_wconf 89' lang='lat' dir='ltr'>et</span> <span class='ocrx_word' id='word_1_59' title='bbox 847 866 949 906; x_wconf 83' lang='lat' dir='ltr'>laeta</span> <span class='ocrx_word' id='word_1_60' title='bbox 970 865 1097 918; x_wconf 84' lang='lat' dir='ltr'>plebe</span> <span class='ocrx_word' id='word_1_61' title='bbox 1119 877 1339 913; x_wconf 85' lang='lat' dir='ltr'>canorum,</span> 
     </span>
    </p>
   </div>
   <div class='ocr_carea' id='block_1_13' title="bbox 246 941 1718 1195">
    <p class='ocr_par' dir='ltr' id='par_1_13' title="bbox 246 941 1718 1195">
     <span class='ocr_line' id='line_1_16' title="bbox 255 941 1718 982; baseline -0.001 -8"><span class='ocrx_word' id='word_1_62' title='bbox 255 943 416 974; x_wconf 79' lang='lat' dir='ltr'>distribuit</span> <span class='ocrx_word' id='word_1_63' title='bbox 433 943 555 973; x_wconf 71' lang='lat' dir='ltr'>scelera.</span> <span class='ocrx_word' id='word_1_64' title='bbox 600 943 649 972; x_wconf 83' lang='lat' dir='ltr'>Hi</span> <span class='ocrx_word' id='word_1_65' title='bbox 664 943 842 982; x_wconf 73' lang='lat' dir='ltr'>irrumpunt</span> <span class='ocrx_word' id='word_1_66' title='bbox 856 952 912 981; x_wconf 81' lang='lat' dir='ltr'>per</span> <span class='ocrx_word' id='word_1_67' title='bbox 929 944 1053 972; x_wconf 82' lang='lat' dir='ltr'>dorsum</span> <span class='ocrx_word' id='word_1_68' title='bbox 1066 941 1238 980; x_wconf 73' lang='lat' dir='ltr'>glaciatum</span> <span class='ocrx_word' id='word_1_69' title='bbox 1259 942 1335 971; x_wconf 74' lang='lat' dir='ltr'>Istri</span> <span class='ocrx_word' id='word_1_70' title='bbox 1346 942 1500 981; x_wconf 75' lang='lat' dir='ltr'>furentis,</span> <span class='ocrx_word' id='word_1_71' title='bbox 1523 945 1553 973; x_wconf 77' lang='lat' dir='ltr'>et</span> <span class='ocrx_word' id='word_1_72' title='bbox 1570 945 1718 982; x_wconf 62' lang='lat' dir='ltr'>rumpunt</span> 
     </span>
     <span class='ocr_line' id='line_1_17' title="bbox 254 984 1718 1024; baseline -0.001 -8"><span class='ocrx_word' id='word_1_73' title='bbox 254 985 394 1016; x_wconf 74' lang='lat' dir='ltr'>curribus</span> <span class='ocrx_word' id='word_1_74' title='bbox 410 995 502 1024; x_wconf 77' lang='lat' dir='ltr'>aquus</span> <span class='ocrx_word' id='word_1_75' title='bbox 519 989 597 1014; x_wconf 82' lang='lat' dir='ltr'>ante</span> <span class='ocrx_word' id='word_1_76' title='bbox 613 988 751 1015; x_wconf 80' lang='lat' dir='ltr'>tentatas</span> <span class='ocrx_word' id='word_1_77' title='bbox 766 985 925 1022; x_wconf 76' lang='lat' dir='ltr'>remigiis:</span> <span class='ocrx_word' id='word_1_78' title='bbox 940 985 988 1014; x_wconf 77' lang='lat' dir='ltr'>illi</span> <span class='ocrx_word' id='word_1_79' title='bbox 1000 994 1058 1023; x_wconf 77' lang='lat' dir='ltr'>per</span> <span class='ocrx_word' id='word_1_80' title='bbox 1073 985 1175 1014; x_wconf 74' lang='lat' dir='ltr'>aditus</span> <span class='ocrx_word' id='word_1_81' title='bbox 1191 984 1329 1023; x_wconf 74' lang='lat' dir='ltr'>Caspios,</span> <span class='ocrx_word' id='word_1_82' title='bbox 1341 988 1369 1014; x_wconf 78' lang='lat' dir='ltr'>et</span> <span class='ocrx_word' id='word_1_83' title='bbox 1383 994 1440 1024; x_wconf 70' lang='lat' dir='ltr'>per</span> <span class='ocrx_word' id='word_1_84' title='bbox 1453 987 1537 1015; x_wconf 77' lang='lat' dir='ltr'>uires</span> <span class='ocrx_word' id='word_1_85' title='bbox 1547 985 1718 1024; x_wconf 79' lang='lat' dir='ltr'>Armeniae,</span> 
     </span>
     <span class='ocr_line' id='line_1_18' title="bbox 254 1026 1718 1067; baseline 0 -9"><span class='ocrx_word' id='word_1_86' title='bbox 254 1029 398 1058; x_wconf 77' lang='lat' dir='ltr'>conducti</span> <span class='ocrx_word' id='word_1_87' title='bbox 413 1029 522 1057; x_wconf 72' lang='lat' dir='ltr'>semita</span> <span class='ocrx_word' id='word_1_88' title='bbox 539 1028 714 1066; x_wconf 76' lang='lat' dir='ltr'>improvisa,</span> <span class='ocrx_word' id='word_1_89' title='bbox 729 1027 854 1056; x_wconf 80' lang='lat' dir='ltr'>irruunt</span> <span class='ocrx_word' id='word_1_90' title='bbox 871 1027 902 1056; x_wconf 86' lang='lat' dir='ltr'>in</span> <span class='ocrx_word' id='word_1_91' title='bbox 921 1027 1090 1066; x_wconf 79' lang='lat' dir='ltr'>Imperium</span> <span class='ocrx_word' id='word_1_92' title='bbox 1115 1026 1267 1056; x_wconf 76' lang='lat' dir='ltr'>Orieulzs.</span> <span class='ocrx_word' id='word_1_93' title='bbox 1312 1028 1387 1056; x_wconf 69' lang='lat' dir='ltr'>dum.</span> <span class='ocrx_word' id='word_1_94' title='bbox 1401 1033 1494 1066; x_wconf 72' lang='lat' dir='ltr'>prata</span> <span class='ocrx_word' id='word_1_95' title='bbox 1513 1027 1718 1067; x_wconf 73' lang='lat' dir='ltr'>Cappadociae</span> 
     </span>
     <span class='ocr_line' id='line_1_19' title="bbox 246 1069 1718 1110; baseline 0 -10"><span class='ocrx_word' id='word_1_96' title='bbox 246 1070 376 1108; x_wconf 79' lang='lat' dir='ltr'>fumant</span> <span class='ocrx_word' id='word_1_97' title='bbox 393 1074 519 1107; x_wconf 64' lang='lat' dir='ltr'>strage,</span> <span class='ocrx_word' id='word_1_98' title='bbox 545 1072 574 1098; x_wconf 79' lang='lat' dir='ltr'>et</span> <span class='ocrx_word' id='word_1_99' title='bbox 601 1069 737 1107; x_wconf 68' lang='lat' dir='ltr'>Argoeus</span> <span class='ocrx_word' id='word_1_100' title='bbox 759 1072 850 1108; x_wconf 80' lang='lat' dir='ltr'>pater</span> <span class='ocrx_word' id='word_1_101' title='bbox 876 1078 1019 1107; x_wconf 80' lang='lat' dir='ltr'>equorum</span> <span class='ocrx_word' id='word_1_102' title='bbox 1045 1069 1284 1097; x_wconf 77' lang='lat' dir='ltr'>celerrimorum.</span> <span class='ocrx_word' id='word_1_103' title='bbox 1330 1070 1405 1098; x_wconf 72' lang='lat' dir='ltr'>dum</span> <span class='ocrx_word' id='word_1_104' title='bbox 1422 1069 1525 1109; x_wconf 77' lang='lat' dir='ltr'>Halys</span> <span class='ocrx_word' id='word_1_105' title='bbox 1546 1069 1718 1110; x_wconf 68' lang='lat' dir='ltr'>profundus</span> 
     </span>
     <span class='ocr_line' id='line_1_20' title="bbox 253 1109 1718 1152; baseline 0 -10"><span class='ocrx_word' id='word_1_106' title='bbox 253 1112 387 1142; x_wconf 80' lang='lat' dir='ltr'>rubescit</span> <span class='ocrx_word' id='word_1_107' title='bbox 405 1111 521 1141; x_wconf 83' lang='lat' dir='ltr'>caede:</span> <span class='ocrx_word' id='word_1_108' title='bbox 555 1120 648 1149; x_wconf 82' lang='lat' dir='ltr'>neque</span> <span class='ocrx_word' id='word_1_109' title='bbox 678 1111 766 1139; x_wconf 66' lang='lat' dir='ltr'>Ciliat</span> <span class='ocrx_word' id='word_1_110' title='bbox 791 1112 914 1140; x_wconf 78' lang='lat' dir='ltr'>tutatur</span> <span class='ocrx_word' id='word_1_111' title='bbox 939 1119 970 1139; x_wconf 77' lang='lat' dir='ltr'>se</span> <span class='ocrx_word' id='word_1_112' title='bbox 994 1111 1125 1139; x_wconf 80' lang='lat' dir='ltr'>culmine</span> <span class='ocrx_word' id='word_1_113' title='bbox 1149 1109 1299 1148; x_wconf 78' lang='lat' dir='ltr'>abrupto:</span> <span class='ocrx_word' id='word_1_114' title='bbox 1330 1114 1434 1148; x_wconf 71' lang='lat' dir='ltr'>gruta&gt;</span> <span class='ocrx_word' id='word_1_115' title='bbox 1458 1112 1598 1150; x_wconf 67' lang='lat' dir='ltr'>rigiones</span> <span class='ocrx_word' id='word_1_116' title='bbox 1614 1112 1718 1152; x_wconf 62' lang='lat' dir='ltr'>Syria?</span> 
     </span>
     <span class='ocr_line' id='line_1_21' title="bbox 252 1152 1717 1195; baseline 0.001 -11"><span class='ocrx_word' id='word_1_117' title='bbox 252 1154 459 1195; x_wconf 79' lang='lat' dir='ltr'>diripiuntur,</span> <span class='ocrx_word' id='word_1_118' title='bbox 486 1156 516 1183; x_wconf 83' lang='lat' dir='ltr'>et</span> <span class='ocrx_word' id='word_1_119' title='bbox 543 1162 635 1192; x_wconf 81' lang='lat' dir='ltr'>equus</span> <span class='ocrx_word' id='word_1_120' title='bbox 659 1152 803 1182; x_wconf 78' lang='lat' dir='ltr'>inimicus</span> <span class='ocrx_word' id='word_1_121' title='bbox 829 1152 927 1182; x_wconf 79' lang='lat' dir='ltr'>calcat</span> <span class='ocrx_word' id='word_1_122' title='bbox 945 1152 1093 1181; x_wconf 80' lang='lat' dir='ltr'>Orontem</span> <span class='ocrx_word' id='word_1_123' title='bbox 1117 1152 1260 1190; x_wconf 81' lang='lat' dir='ltr'>inertem,</span> <span class='ocrx_word' id='word_1_124' title='bbox 1288 1155 1318 1182; x_wconf 76' lang='lat' dir='ltr'>ec</span> <span class='ocrx_word' id='word_1_125' title='bbox 1340 1156 1515 1184; x_wconf 75' lang='lat' dir='ltr'>consuetum</span> <span class='ocrx_word' id='word_1_126' title='bbox 1530 1155 1660 1195; x_wconf 77' lang='lat' dir='ltr'>choreis,</span> <span class='ocrx_word' id='word_1_127' title='bbox 1686 1157 1717 1186; x_wconf 83' lang='lat' dir='ltr'>et</span> 
     </span>
    </p>
   </div>
   <div class='ocr_carea' id='block_1_14' title="bbox 878 1236 1113 1249">
    <p class='ocr_par' dir='ltr' id='par_1_14' title="bbox 878 1236 1113 1249">
     <span class='ocr_line' id='line_1_22' title="bbox 878 1236 1113 1249; baseline -0.004 0"><span class='ocrx_word' id='word_1_128' title='bbox 878 1236 1113 1249; x_wconf 67' lang='lat' dir='ltr'>eeeeeeeeeeee</span> 
     </span>
    </p>
   </div>
   <div class='ocr_carea' id='block_1_15' title="bbox 246 1280 1718 1874">
    <p class='ocr_par' dir='ltr' id='par_1_15' title="bbox 246 1280 1718 1874">
     <span class='ocr_line' id='line_1_23' title="bbox 253 1280 1716 1319; baseline 0.001 -6"><span class='ocrx_word' id='word_1_129' title='bbox 253 1281 459 1313; x_wconf 73' lang='lat' dir='ltr'>Gordianis:</span> <span class='ocrx_word' id='word_1_130' title='bbox 476 1282 484 1299; x_wconf 90' lang='lat'>‘</span> <span class='ocrx_word' id='word_1_131' title='bbox 502 1282 583 1313; x_wconf 85' lang='lat' dir='ltr'>Illos</span> <span class='ocrx_word' id='word_1_132' title='bbox 601 1291 681 1312; x_wconf 81' lang='lat' dir='ltr'>saue</span> <span class='ocrx_word' id='word_1_133' title='bbox 699 1290 759 1312; x_wconf 86' lang='lat' dir='ltr'>xx.</span> <span class='ocrx_word' id='word_1_134' title='bbox 776 1285 912 1312; x_wconf 86' lang='lat' dir='ltr'>senatus</span> <span class='ocrx_word' id='word_1_135' title='bbox 927 1281 1047 1312; x_wconf 82' lang='lat' dir='ltr'>adhoc</span> <span class='ocrx_word' id='word_1_136' title='bbox 1066 1284 1254 1319; x_wconf 80' lang='lat' dir='ltr'>creaverat,</span> <span class='ocrx_word' id='word_1_137' title='bbox 1267 1285 1305 1312; x_wconf 90' lang='lat' dir='ltr'>ut</span> <span class='ocrx_word' id='word_1_138' title='bbox 1321 1280 1491 1312; x_wconf 87' lang='lat' dir='ltr'>divideret</span> <span class='ocrx_word' id='word_1_139' title='bbox 1507 1281 1557 1312; x_wconf 82' lang='lat' dir='ltr'>his</span> <span class='ocrx_word' id='word_1_140' title='bbox 1574 1281 1716 1314; x_wconf 81' lang='lat' dir='ltr'>Italicas</span> 
     </span>
     <span class='ocr_line' id='line_1_24' title="bbox 251 1323 1718 1365; baseline 0.001 -11"><span class='ocrx_word' id='word_1_141' title='bbox 251 1325 406 1364; x_wconf 84' lang='lat' dir='ltr'>regiones</span> <span class='ocrx_word' id='word_1_142' title='bbox 429 1329 549 1355; x_wconf 87' lang='lat' dir='ltr'>contra</span> <span class='ocrx_word' id='word_1_143' title='bbox 575 1325 797 1354; x_wconf 80' lang='lat' dir='ltr'>Maximinum</span> <span class='ocrx_word' id='word_1_144' title='bbox 827 1334 890 1364; x_wconf 90' lang='lat' dir='ltr'>pro</span> <span class='ocrx_word' id='word_1_145' title='bbox 916 1325 1097 1355; x_wconf 84' lang='lat' dir='ltr'>Gordianis</span> <span class='ocrx_word' id='word_1_146' title='bbox 1129 1323 1285 1354; x_wconf 84' lang='lat' dir='ltr'>tuendas’</span> <span class='ocrx_word' id='word_1_147' title='bbox 1316 1334 1349 1363; x_wconf 87' lang='lat' dir='ltr'>p.</span> <span class='ocrx_word' id='word_1_148' title='bbox 1389 1327 1461 1355; x_wconf 80' lang='lat'>156.</span> <span class='ocrx_word' id='word_1_149' title='bbox 1497 1329 1533 1356; x_wconf 88' lang='lat' dir='ltr'>et</span> <span class='ocrx_word' id='word_1_150' title='bbox 1566 1334 1718 1365; x_wconf 56' lang='lat' dir='ltr'>same.—</span> 
     </span>
     <span class='ocr_line' id='line_1_25' title="bbox 250 1366 1717 1406; baseline 0.001 -9"><span class='ocrx_word' id='word_1_151' title='bbox 250 1369 293 1397; x_wconf 81' lang='lat'>26</span> <span class='ocrx_word' id='word_1_152' title='bbox 318 1367 525 1406; x_wconf 78' lang='lat' dir='ltr'>Imposuitque</span> <span class='ocrx_word' id='word_1_153' title='bbox 550 1367 690 1397; x_wconf 71' lang='lat' dir='ltr'>&#39;l&#39;holos.</span> <span class='ocrx_word' id='word_1_154' title='bbox 709 1366 829 1402; x_wconf 76' lang='lat' dir='ltr'>feracis</span> <span class='ocrx_word' id='word_1_155' title='bbox 858 1368 938 1396; x_wconf 87' lang='lat' dir='ltr'>Vat.</span> <span class='ocrx_word' id='word_1_156' title='bbox 971 1376 1039 1397; x_wconf 84' lang='lat' dir='ltr'>sec.</span> <span class='ocrx_word' id='word_1_157' title='bbox 1058 1367 1181 1403; x_wconf 78' lang='lat' dir='ltr'>seroces</span> <span class='ocrx_word' id='word_1_158' title='bbox 1210 1367 1345 1397; x_wconf 65' lang='lat' dir='ltr'>Tholos</span> <span class='ocrx_word' id='word_1_159' title='bbox 1374 1371 1487 1397; x_wconf 81' lang='lat' dir='ltr'>tamen</span> <span class='ocrx_word' id='word_1_160' title='bbox 1505 1367 1603 1403; x_wconf 78' lang='lat' dir='ltr'>ferox</span> <span class='ocrx_word' id='word_1_161' title='bbox 1629 1368 1717 1399; x_wconf 81' lang='lat' dir='ltr'><em>Rho-</em></span> 
     </span>
     <span class='ocr_line' id='line_1_26' title="bbox 249 1409 1715 1448; baseline 0 -8"><span class='ocrx_word' id='word_1_162' title='bbox 249 1410 348 1440; x_wconf 79' lang='lat' dir='ltr'>danus</span> <span class='ocrx_word' id='word_1_163' title='bbox 365 1411 464 1440; x_wconf 72' lang='lat' dir='ltr'>Cous.</span> <span class='ocrx_word' id='word_1_164' title='bbox 485 1410 604 1439; x_wconf 82' lang='lat' dir='ltr'>Manlii</span> <span class='ocrx_word' id='word_1_165' title='bbox 619 1419 669 1439; x_wconf 83' lang='lat' dir='ltr'>vs.</span> <span class='ocrx_word' id='word_1_166' title='bbox 686 1412 739 1438; x_wconf 84' lang='lat'>53.</span> <span class='ocrx_word' id='word_1_167' title='bbox 756 1409 820 1438; x_wconf 80' lang='lat' dir='ltr'>nisi</span> <span class='ocrx_word' id='word_1_168' title='bbox 836 1409 882 1439; x_wconf 88' lang='lat' dir='ltr'>ibi</span> <span class='ocrx_word' id='word_1_169' title='bbox 899 1409 1196 1448; x_wconf 67' lang='lat' dir='ltr'>legendumferaoe.</span> <span class='ocrx_word' id='word_1_170' title='bbox 1216 1409 1306 1447; x_wconf 86' lang='lat' dir='ltr'>alibi,</span> <span class='ocrx_word' id='word_1_171' title='bbox 1328 1410 1336 1424; x_wconf 90' lang='lat'>‘</span> <span class='ocrx_word' id='word_1_172' title='bbox 1351 1409 1532 1440; x_wconf 79' lang='lat' dir='ltr'>Snbvectae</span> <span class='ocrx_word' id='word_1_173' title='bbox 1550 1410 1715 1441; x_wconf 86' lang='lat' dir='ltr'>Rhodano</span> 
     </span>
     <span class='ocr_line' id='line_1_27' title="bbox 249 1450 1716 1491; baseline 0.002 -10"><span class='ocrx_word' id='word_1_174' title='bbox 249 1452 414 1482; x_wconf 87' lang='lat' dir='ltr'>Tiberina</span> <span class='ocrx_word' id='word_1_175' title='bbox 440 1461 499 1491; x_wconf 86' lang='lat' dir='ltr'>per</span> <span class='ocrx_word' id='word_1_176' title='bbox 527 1452 616 1482; x_wconf 75' lang='lat' dir='ltr'>ostia</span> <span class='ocrx_word' id='word_1_177' title='bbox 645 1452 768 1482; x_wconf 77' lang='lat' dir='ltr'>classes</span> <span class='ocrx_word' id='word_1_178' title='bbox 804 1451 879 1481; x_wconf 84' lang='lat' dir='ltr'>Nec</span> <span class='ocrx_word' id='word_1_179' title='bbox 908 1452 999 1490; x_wconf 88' lang='lat' dir='ltr'>prius</span> <span class='ocrx_word' id='word_1_180' title='bbox 1026 1451 1184 1482; x_wconf 87' lang='lat' dir='ltr'>inventas</span> <span class='ocrx_word' id='word_1_181' title='bbox 1214 1450 1331 1482; x_wconf 85' lang='lat' dir='ltr'>Araris</span> <span class='ocrx_word' id='word_1_182' title='bbox 1358 1452 1417 1482; x_wconf 83' lang='lat' dir='ltr'>tibi</span> <span class='ocrx_word' id='word_1_183' title='bbox 1445 1452 1549 1482; x_wconf 86' lang='lat' dir='ltr'>donat</span> <span class='ocrx_word' id='word_1_184' title='bbox 1570 1452 1716 1484; x_wconf 60' lang='lat' dir='ltr'>aristas)</span> 
     </span>
     <span class='ocr_line' id='line_1_28' title="bbox 250 1493 1715 1533; baseline 0.001 -9"><span class='ocrx_word' id='word_1_185' title='bbox 250 1494 413 1525; x_wconf 78' lang='lat' dir='ltr'>Heinsius</span> <span class='ocrx_word' id='word_1_186' title='bbox 440 1494 480 1524; x_wconf 86' lang='lat' dir='ltr'>ad</span> <span class='ocrx_word' id='word_1_187' title='bbox 508 1504 600 1524; x_wconf 88' lang='lat' dir='ltr'>oram</span> <span class='ocrx_word' id='word_1_188' title='bbox 625 1493 738 1533; x_wconf 81' lang='lat' dir='ltr'>Lngd.</span> <span class='ocrx_word' id='word_1_189' title='bbox 766 1493 848 1523; x_wconf 87' lang='lat' dir='ltr'>edit.</span> <span class='ocrx_word' id='word_1_190' title='bbox 880 1497 1061 1524; x_wconf 55' lang='lat' dir='ltr'>Lais—27</span> <span class='ocrx_word' id='word_1_191' title='bbox 1095 1494 1188 1524; x_wconf 76' lang='lat' dir='ltr'>remis</span> <span class='ocrx_word' id='word_1_192' title='bbox 1214 1494 1365 1524; x_wconf 87' lang='lat' dir='ltr'>Florent.</span> <span class='ocrx_word' id='word_1_193' title='bbox 1392 1494 1522 1525; x_wconf 87' lang='lat' dir='ltr'>Thnan.</span> <span class='ocrx_word' id='word_1_194' title='bbox 1550 1495 1715 1526; x_wconf 62' lang='lat' dir='ltr'>Pan—28</span> 
     </span>
     <span class='ocr_line' id='line_1_29' title="bbox 248 1536 1713 1576; baseline 0.001 -9"><span class='ocrx_word' id='word_1_195' title='bbox 248 1540 351 1567; x_wconf 79' lang='lat' dir='ltr'>castra</span> <span class='ocrx_word' id='word_1_196' title='bbox 382 1537 459 1567; x_wconf 88' lang='lat' dir='ltr'>Pat.</span> <span class='ocrx_word' id='word_1_197' title='bbox 485 1537 613 1567; x_wconf 81' lang='lat' dir='ltr'>Moret.</span> <span class='ocrx_word' id='word_1_198' title='bbox 643 1546 712 1567; x_wconf 84' lang='lat' dir='ltr'>sec.</span> <span class='ocrx_word' id='word_1_199' title='bbox 741 1546 759 1566; x_wconf 93' lang='lat' dir='ltr'>a</span> <span class='ocrx_word' id='word_1_200' title='bbox 786 1546 830 1566; x_wconf 88' lang='lat' dir='ltr'>m.</span> <span class='ocrx_word' id='word_1_201' title='bbox 859 1546 909 1576; x_wconf 87' lang='lat' dir='ltr'>pr.</span> <span class='ocrx_word' id='word_1_202' title='bbox 942 1537 1041 1566; x_wconf 80' lang='lat' dir='ltr'>lustra</span> <span class='ocrx_word' id='word_1_203' title='bbox 1059 1546 1163 1576; x_wconf 85' lang='lat' dir='ltr'>marg.</span> <span class='ocrx_word' id='word_1_204' title='bbox 1182 1536 1394 1576; x_wconf 52' lang='lat' dir='ltr'>lungun—29</span> <span class='ocrx_word' id='word_1_205' title='bbox 1416 1536 1516 1567; x_wconf 82' lang='lat' dir='ltr'>limite</span> <span class='ocrx_word' id='word_1_206' title='bbox 1535 1537 1713 1569; x_wconf 57' lang='lat' dir='ltr'>Pria—31</span> 
     </span>
     <span class='ocr_line' id='line_1_30' title="bbox 250 1579 1715 1619; baseline 0.001 -10"><span class='ocrx_word' id='word_1_207' title='bbox 250 1580 378 1618; x_wconf 82' lang='lat' dir='ltr'>Egenus</span> <span class='ocrx_word' id='word_1_208' title='bbox 393 1580 476 1609; x_wconf 88' lang='lat' dir='ltr'>Lov.</span> <span class='ocrx_word' id='word_1_209' title='bbox 495 1590 513 1609; x_wconf 91' lang='lat' dir='ltr'>a</span> <span class='ocrx_word' id='word_1_210' title='bbox 530 1589 573 1609; x_wconf 90' lang='lat' dir='ltr'>m.</span> <span class='ocrx_word' id='word_1_211' title='bbox 592 1589 644 1619; x_wconf 86' lang='lat' dir='ltr'>pr.</span> <span class='ocrx_word' id='word_1_212' title='bbox 667 1589 810 1618; x_wconf 79' lang='lat' dir='ltr'>equarum</span> <span class='ocrx_word' id='word_1_213' title='bbox 826 1579 905 1609; x_wconf 75' lang='lat' dir='ltr'>vat.</span> <span class='ocrx_word' id='word_1_214' title='bbox 924 1588 993 1609; x_wconf 81' lang='lat' dir='ltr'>sec.</span> <span class='ocrx_word' id='word_1_215' title='bbox 1012 1579 1121 1609; x_wconf 85' lang='lat' dir='ltr'>Oisel.</span> <span class='ocrx_word' id='word_1_216' title='bbox 1147 1588 1299 1618; x_wconf 77' lang='lat' dir='ltr'>uquarum</span> <span class='ocrx_word' id='word_1_217' title='bbox 1323 1579 1436 1609; x_wconf 90' lang='lat' dir='ltr'>Oxou.</span> <span class='ocrx_word' id='word_1_218' title='bbox 1455 1589 1503 1619; x_wconf 84' lang='lat' dir='ltr'>pr.</span> <span class='ocrx_word' id='word_1_219' title='bbox 1520 1588 1538 1609; x_wconf 87' lang='lat' dir='ltr'>a</span> <span class='ocrx_word' id='word_1_220' title='bbox 1555 1590 1598 1610; x_wconf 90' lang='lat' dir='ltr'>m.</span> <span class='ocrx_word' id='word_1_221' title='bbox 1617 1589 1715 1619; x_wconf 89' lang='lat' dir='ltr'>pr.—</span> 
     </span>
     <span class='ocr_line' id='line_1_31' title="bbox 249 1621 1714 1661; baseline 0.001 -10"><span class='ocrx_word' id='word_1_222' title='bbox 249 1624 290 1652; x_wconf 83' lang='lat'>32</span> <span class='ocrx_word' id='word_1_223' title='bbox 315 1622 398 1651; x_wconf 78' lang='lat' dir='ltr'>intus</span> <span class='ocrx_word' id='word_1_224' title='bbox 413 1623 483 1652; x_wconf 78' lang='lat' dir='ltr'>Alis</span> <span class='ocrx_word' id='word_1_225' title='bbox 500 1623 612 1653; x_wconf 78' lang='lat' dir='ltr'>Oxou.</span> <span class='ocrx_word' id='word_1_226' title='bbox 630 1631 682 1661; x_wconf 87' lang='lat' dir='ltr'>pr.</span> <span class='ocrx_word' id='word_1_227' title='bbox 698 1622 776 1652; x_wconf 74' lang='lat' dir='ltr'>Alix</span> <span class='ocrx_word' id='word_1_228' title='bbox 792 1621 888 1652; x_wconf 90' lang='lat' dir='ltr'>Leid.</span> <span class='ocrx_word' id='word_1_229' title='bbox 906 1631 974 1651; x_wconf 81' lang='lat' dir='ltr'>sec.</span> <span class='ocrx_word' id='word_1_230' title='bbox 994 1622 1079 1651; x_wconf 78' lang='lat' dir='ltr'>Exe.</span> <span class='ocrx_word' id='word_1_231' title='bbox 1097 1621 1242 1652; x_wconf 85' lang='lat' dir='ltr'>Gevart.</span> <span class='ocrx_word' id='word_1_232' title='bbox 1267 1622 1326 1651; x_wconf 74' lang='lat' dir='ltr'>ulis</span> <span class='ocrx_word' id='word_1_233' title='bbox 1340 1621 1453 1652; x_wconf 80' lang='lat' dir='ltr'>Vicet.</span> <span class='ocrx_word' id='word_1_234' title='bbox 1470 1621 1567 1653; x_wconf 91' lang='lat' dir='ltr'>Leid.</span> <span class='ocrx_word' id='word_1_235' title='bbox 1585 1622 1714 1654; x_wconf 85' lang='lat' dir='ltr'>Lovan.</span> 
     </span>
     <span class='ocr_line' id='line_1_32' title="bbox 247 1663 1714 1704; baseline 0.001 -10"><span class='ocrx_word' id='word_1_236' title='bbox 247 1664 334 1694; x_wconf 78' lang='lat' dir='ltr'>intus</span> <span class='ocrx_word' id='word_1_237' title='bbox 349 1664 403 1694; x_wconf 89' lang='lat' dir='ltr'>vel</span> <span class='ocrx_word' id='word_1_238' title='bbox 420 1666 500 1694; x_wconf 80' lang='lat' dir='ltr'>altus</span> <span class='ocrx_word' id='word_1_239' title='bbox 515 1665 593 1694; x_wconf 86' lang='lat' dir='ltr'>Vat.</span> <span class='ocrx_word' id='word_1_240' title='bbox 612 1664 720 1704; x_wconf 78' lang='lat' dir='ltr'>quint.</span> <span class='ocrx_word' id='word_1_241' title='bbox 746 1664 829 1694; x_wconf 76' lang='lat' dir='ltr'>intus</span> <span class='ocrx_word' id='word_1_242' title='bbox 845 1665 925 1694; x_wconf 70' lang='lat' dir='ltr'>Vat.</span> <span class='ocrx_word' id='word_1_243' title='bbox 944 1664 1026 1701; x_wconf 87' lang='lat' dir='ltr'>duo,</span> <span class='ocrx_word' id='word_1_244' title='bbox 1048 1670 1083 1694; x_wconf 80' lang='lat' dir='ltr'>et</span> <span class='ocrx_word' id='word_1_245' title='bbox 1101 1663 1244 1694; x_wconf 85' lang='lat' dir='ltr'>totidem</span> <span class='ocrx_word' id='word_1_246' title='bbox 1267 1664 1362 1694; x_wconf 76' lang='lat' dir='ltr'>Med.</span> <span class='ocrx_word' id='word_1_247' title='bbox 1380 1664 1461 1694; x_wconf 89' lang='lat' dir='ltr'>Lov.</span> <span class='ocrx_word' id='word_1_248' title='bbox 1479 1664 1558 1694; x_wconf 89' lang='lat' dir='ltr'>Pat.</span> <span class='ocrx_word' id='word_1_249' title='bbox 1575 1664 1714 1696; x_wconf 82' lang='lat' dir='ltr'>Tholos.</span> 
     </span>
     <span class='ocr_line' id='line_1_33' title="bbox 248 1706 1712 1747; baseline 0.001 -10"><span class='ocrx_word' id='word_1_250' title='bbox 248 1706 323 1737; x_wconf 89' lang='lat' dir='ltr'>Pal.</span> <span class='ocrx_word' id='word_1_251' title='bbox 340 1707 441 1737; x_wconf 88' lang='lat' dir='ltr'>Farn.</span> <span class='ocrx_word' id='word_1_252' title='bbox 459 1707 567 1738; x_wconf 85' lang='lat' dir='ltr'>Oisel.</span> <span class='ocrx_word' id='word_1_253' title='bbox 586 1708 671 1746; x_wconf 82' lang='lat' dir='ltr'>Reg.</span> <span class='ocrx_word' id='word_1_254' title='bbox 686 1707 816 1736; x_wconf 80' lang='lat' dir='ltr'>Mazar.</span> <span class='ocrx_word' id='word_1_255' title='bbox 834 1706 900 1736; x_wconf 87' lang='lat' dir='ltr'>duo</span> <span class='ocrx_word' id='word_1_256' title='bbox 918 1708 1039 1736; x_wconf 88' lang='lat' dir='ltr'>Petav.</span> <span class='ocrx_word' id='word_1_257' title='bbox 1064 1706 1164 1736; x_wconf 88' lang='lat' dir='ltr'>ambo</span> <span class='ocrx_word' id='word_1_258' title='bbox 1181 1707 1306 1736; x_wconf 75' lang='lat' dir='ltr'>Moret.</span> <span class='ocrx_word' id='word_1_259' title='bbox 1323 1706 1390 1736; x_wconf 82' lang='lat' dir='ltr'>duo</span> <span class='ocrx_word' id='word_1_260' title='bbox 1410 1706 1526 1738; x_wconf 79' lang='lat' dir='ltr'>Ambr.</span> <span class='ocrx_word' id='word_1_261' title='bbox 1546 1707 1641 1737; x_wconf 84' lang='lat' dir='ltr'>Leid.</span> <span class='ocrx_word' id='word_1_262' title='bbox 1659 1717 1712 1747; x_wconf 89' lang='lat' dir='ltr'>pr.</span> 
     </span>
     <span class='ocr_line' id='line_1_34' title="bbox 248 1748 1713 1790; baseline 0.001 -11"><span class='ocrx_word' id='word_1_263' title='bbox 248 1753 285 1779; x_wconf 85' lang='lat' dir='ltr'>et</span> <span class='ocrx_word' id='word_1_264' title='bbox 300 1759 385 1780; x_wconf 89' lang='lat' dir='ltr'>uuus</span> <span class='ocrx_word' id='word_1_265' title='bbox 402 1749 549 1787; x_wconf 59' lang='lat' dir='ltr'>Heium,</span> <span class='ocrx_word' id='word_1_266' title='bbox 577 1750 631 1789; x_wconf 86' lang='lat' dir='ltr'>qui</span> <span class='ocrx_word' id='word_1_267' title='bbox 649 1749 728 1779; x_wconf 83' lang='lat' dir='ltr'>iude</span> <span class='ocrx_word' id='word_1_268' title='bbox 744 1748 950 1788; x_wconf 79' lang='lat' dir='ltr'>conjiciebat</span> <span class='ocrx_word' id='word_1_269' title='bbox 968 1749 1162 1779; x_wconf 45' lang='lat' dir='ltr'>Indus—33</span> <span class='ocrx_word' id='word_1_270' title='bbox 1186 1758 1310 1778; x_wconf 76' lang='lat' dir='ltr'>amoenoe</span> <span class='ocrx_word' id='word_1_271' title='bbox 1331 1749 1413 1788; x_wconf 77' lang='lat' dir='ltr'>legit</span> <span class='ocrx_word' id='word_1_272' title='bbox 1430 1748 1518 1779; x_wconf 87' lang='lat' dir='ltr'>idem</span> <span class='ocrx_word' id='word_1_273' title='bbox 1538 1749 1713 1790; x_wconf 83' lang='lat' dir='ltr'>Heinsius,</span> 
     </span>
     <span class='ocr_line' id='line_1_35' title="bbox 248 1791 1713 1833; baseline 0.001 -11"><span class='ocrx_word' id='word_1_274' title='bbox 248 1791 307 1832; x_wconf 83' lang='lat' dir='ltr'>qui</span> <span class='ocrx_word' id='word_1_275' title='bbox 323 1797 358 1822; x_wconf 88' lang='lat' dir='ltr'>et</span> <span class='ocrx_word' id='word_1_276' title='bbox 373 1797 449 1831; x_wconf 84' lang='lat' dir='ltr'>post</span> <span class='ocrx_word' id='word_1_277' title='bbox 463 1802 606 1821; x_wconf 77' lang='lat' dir='ltr'>canorum</span> <span class='ocrx_word' id='word_1_278' title='bbox 621 1801 752 1821; x_wconf 79' lang='lat' dir='ltr'>versum</span> <span class='ocrx_word' id='word_1_279' title='bbox 767 1791 884 1821; x_wconf 80' lang='lat' dir='ltr'>deesse</span> <span class='ocrx_word' id='word_1_280' title='bbox 902 1792 1108 1831; x_wconf 81' lang='lat' dir='ltr'>suspicatur.</span> <span class='ocrx_word' id='word_1_281' title='bbox 1126 1795 1244 1820; x_wconf 74' lang='lat' dir='ltr'>viantes</span> <span class='ocrx_word' id='word_1_282' title='bbox 1256 1800 1316 1830; x_wconf 85' lang='lat' dir='ltr'>pro</span> <span class='ocrx_word' id='word_1_283' title='bbox 1333 1794 1451 1821; x_wconf 73' lang='lat' dir='ltr'>tractus</span> <span class='ocrx_word' id='word_1_284' title='bbox 1463 1802 1569 1831; x_wconf 76' lang='lat' dir='ltr'>marg.</span> <span class='ocrx_word' id='word_1_285' title='bbox 1588 1792 1713 1833; x_wconf 84' lang='lat' dir='ltr'>Isiugr.</span> 
     </span>
     <span class='ocr_line' id='line_1_36' title="bbox 246 1834 1711 1874; baseline 0.001 -10"><span class='ocrx_word' id='word_1_286' title='bbox 246 1836 331 1865; x_wconf 79' lang='lat'>—34</span> <span class='ocrx_word' id='word_1_287' title='bbox 355 1844 495 1865; x_wconf 78' lang='lat' dir='ltr'>sonorum</span> <span class='ocrx_word' id='word_1_288' title='bbox 511 1834 604 1864; x_wconf 88' lang='lat' dir='ltr'>Pric.</span> <span class='ocrx_word' id='word_1_289' title='bbox 622 1834 717 1865; x_wconf 86' lang='lat' dir='ltr'>Leid.</span> <span class='ocrx_word' id='word_1_290' title='bbox 730 1834 838 1874; x_wconf 76' lang='lat' dir='ltr'>phoebe</span> <span class='ocrx_word' id='word_1_291' title='bbox 855 1843 960 1874; x_wconf 82' lang='lat' dir='ltr'>marg.</span> <span class='ocrx_word' id='word_1_292' title='bbox 978 1835 1103 1864; x_wconf 87' lang='lat' dir='ltr'>Morin.</span> <span class='ocrx_word' id='word_1_293' title='bbox 1120 1836 1148 1863; x_wconf 80' lang='lat' dir='ltr'>et</span> <span class='ocrx_word' id='word_1_294' title='bbox 1165 1834 1235 1863; x_wconf 81' lang='lat' dir='ltr'>Iotoe</span> <span class='ocrx_word' id='word_1_295' title='bbox 1251 1834 1333 1864; x_wconf 74' lang='lat' dir='ltr'>Var.</span> <span class='ocrx_word' id='word_1_296' title='bbox 1351 1834 1417 1864; x_wconf 90' lang='lat' dir='ltr'>LL.</span> <span class='ocrx_word' id='word_1_297' title='bbox 1437 1834 1489 1864; x_wconf 78' lang='lat' dir='ltr'>cd.</span> <span class='ocrx_word' id='word_1_298' title='bbox 1506 1834 1612 1865; x_wconf 86' lang='lat' dir='ltr'>Antv.</span> <span class='ocrx_word' id='word_1_299' title='bbox 1631 1845 1649 1865; x_wconf 91' lang='lat' dir='ltr'>a</span> <span class='ocrx_word' id='word_1_300' title='bbox 1666 1845 1711 1866; x_wconf 91' lang='lat' dir='ltr'>m.</span> 
     </span>
    </p>
   </div>
   <div class='ocr_carea' id='block_1_16' title="bbox 905 1898 1050 1929">
    <p class='ocr_par' dir='ltr' id='par_1_16' title="bbox 905 1898 1050 1929">
     <span class='ocr_line' id='line_1_37' title="bbox 905 1898 1050 1929; baseline 0 0"><span class='ocrx_word' id='word_1_301' title='bbox 905 1898 1050 1929; x_wconf 82' lang='lat' dir='ltr'>NOTAE</span> 
     </span>
    </p>
   </div>
   <div class='ocr_carea' id='block_1_17' title="bbox 238 1950 948 2793">
    <p class='ocr_par' dir='ltr' id='par_1_17' title="bbox 243 1950 947 2191">
     <span class='ocr_line' id='line_1_38' title="bbox 288 1950 947 1992; baseline 0.002 -11"><span class='ocrx_word' id='word_1_302' title='bbox 288 1953 331 1981; x_wconf 80' lang='lat'>26</span> <span class='ocrx_word' id='word_1_303' title='bbox 355 1950 581 1992; x_wconf 79' lang='lat' dir='ltr'>Disposuitque</span> <span class='ocrx_word' id='word_1_304' title='bbox 610 1952 713 1992; x_wconf 80' lang='lat' dir='ltr'>nefas]</span> <span class='ocrx_word' id='word_1_305' title='bbox 760 1952 947 1983; x_wconf 82' lang='lat' dir='ltr'>Constituit</span> 
     </span>
     <span class='ocr_line' id='line_1_39' title="bbox 245 2001 946 2041; baseline 0.003 -11"><span class='ocrx_word' id='word_1_306' title='bbox 245 2004 283 2031; x_wconf 90' lang='lat' dir='ltr'>ut</span> <span class='ocrx_word' id='word_1_307' title='bbox 299 2001 406 2031; x_wconf 85' lang='lat' dir='ltr'>scelus</span> <span class='ocrx_word' id='word_1_308' title='bbox 422 2012 529 2041; x_wconf 78' lang='lat' dir='ltr'>sunni,</span> <span class='ocrx_word' id='word_1_309' title='bbox 554 2012 613 2032; x_wconf 87' lang='lat' dir='ltr'>seu</span> <span class='ocrx_word' id='word_1_310' title='bbox 637 2003 761 2033; x_wconf 86' lang='lat' dir='ltr'>bellum</span> <span class='ocrx_word' id='word_1_311' title='bbox 779 2002 946 2032; x_wconf 85' lang='lat' dir='ltr'>nefarium</span> 
     </span>
     <span class='ocr_line' id='line_1_40' title="bbox 243 2053 947 2091; baseline 0.001 -9"><span class='ocrx_word' id='word_1_312' title='bbox 243 2060 263 2082; x_wconf 85' lang='lat' dir='ltr'>a</span> <span class='ocrx_word' id='word_1_313' title='bbox 279 2062 315 2083; x_wconf 90' lang='lat' dir='ltr'>se</span> <span class='ocrx_word' id='word_1_314' title='bbox 331 2053 532 2091; x_wconf 83' lang='lat' dir='ltr'>excitatum,</span> <span class='ocrx_word' id='word_1_315' title='bbox 558 2063 624 2084; x_wconf 85' lang='lat' dir='ltr'>nna</span> <span class='ocrx_word' id='word_1_316' title='bbox 647 2063 721 2084; x_wconf 84' lang='lat' dir='ltr'>cuni</span> <span class='ocrx_word' id='word_1_317' title='bbox 748 2053 900 2084; x_wconf 87' lang='lat' dir='ltr'>cladibus</span> <span class='ocrx_word' id='word_1_318' title='bbox 929 2063 947 2083; x_wconf 88' lang='lat' dir='ltr'>a</span> 
     </span>
     <span class='ocr_line' id='line_1_41' title="bbox 246 2101 946 2144; baseline 0.001 -12"><span class='ocrx_word' id='word_1_319' title='bbox 246 2101 361 2141; x_wconf 84' lang='lat' dir='ltr'>Getis,</span> <span class='ocrx_word' id='word_1_320' title='bbox 391 2112 460 2133; x_wconf 85' lang='lat' dir='ltr'>ase</span> <span class='ocrx_word' id='word_1_321' title='bbox 489 2103 620 2142; x_wconf 80' lang='lat' dir='ltr'>accitis,</span> <span class='ocrx_word' id='word_1_322' title='bbox 650 2108 946 2144; x_wconf 81' lang='lat' dir='ltr'>spargereturper</span> 
     </span>
     <span class='ocr_line' id='line_1_42' title="bbox 243 2152 749 2191; baseline 0.002 -9"><span class='ocrx_word' id='word_1_323' title='bbox 243 2152 435 2191; x_wconf 89' lang='lat' dir='ltr'>provincias</span> <span class='ocrx_word' id='word_1_324' title='bbox 453 2157 488 2182; x_wconf 89' lang='lat' dir='ltr'>et</span> <span class='ocrx_word' id='word_1_325' title='bbox 505 2153 606 2183; x_wconf 86' lang='lat' dir='ltr'>urbes</span> <span class='ocrx_word' id='word_1_326' title='bbox 623 2163 749 2184; x_wconf 87' lang='lat' dir='ltr'>omnes.</span> 
     </span>
    </p>

    <p class='ocr_par' dir='ltr' id='par_1_18' title="bbox 240 2202 948 2383">
     <span class='ocr_line' id='line_1_43' title="bbox 285 2202 948 2241; baseline 0.003 -9"><span class='ocrx_word' id='word_1_327' title='bbox 285 2205 327 2232; x_wconf 82' lang='lat'>27</span> <span class='ocrx_word' id='word_1_328' title='bbox 351 2202 506 2241; x_wconf 76' lang='lat' dir='ltr'>Danubii]</span> <span class='ocrx_word' id='word_1_329' title='bbox 541 2204 607 2233; x_wconf 84' lang='lat' dir='ltr'>Seu</span> <span class='ocrx_word' id='word_1_330' title='bbox 630 2204 732 2234; x_wconf 88' lang='lat' dir='ltr'>Istri:</span> <span class='ocrx_word' id='word_1_331' title='bbox 757 2202 877 2234; x_wconf 86' lang='lat' dir='ltr'>fluvius</span> <span class='ocrx_word' id='word_1_332' title='bbox 896 2208 948 2235; x_wconf 87' lang='lat' dir='ltr'>est</span> 
     </span>
     <span class='ocr_line' id='line_1_44' title="bbox 241 2251 947 2291; baseline 0.003 -10"><span class='ocrx_word' id='word_1_333' title='bbox 241 2251 408 2282; x_wconf 85' lang='lat' dir='ltr'>maximus</span> <span class='ocrx_word' id='word_1_334' title='bbox 439 2252 605 2291; x_wconf 83' lang='lat' dir='ltr'>Enropae:</span> <span class='ocrx_word' id='word_1_335' title='bbox 651 2253 759 2283; x_wconf 85' lang='lat' dir='ltr'>oritur</span> <span class='ocrx_word' id='word_1_336' title='bbox 798 2262 840 2283; x_wconf 86' lang='lat' dir='ltr'>ex</span> <span class='ocrx_word' id='word_1_337' title='bbox 872 2253 947 2283; x_wconf 89' lang='lat' dir='ltr'>vico</span> 
     </span>
     <span class='ocr_line' id='line_1_45' title="bbox 240 2301 948 2342; baseline 0.001 -11"><span class='ocrx_word' id='word_1_338' title='bbox 240 2301 534 2342; x_wconf 81' lang='lat' dir='ltr'>Vittembergensi</span> <span class='ocrx_word' id='word_1_339' title='bbox 549 2312 556 2331; x_wconf 74' lang='grc' dir='ltr'>ε</span> <span class='ocrx_word' id='word_1_340' title='bbox 582 2311 617 2332; x_wconf 86' lang='lat' dir='ltr'>se</span> <span class='ocrx_word' id='word_1_341' title='bbox 634 2306 794 2332; x_wconf 85' lang='lat' dir='ltr'>exonerat</span> <span class='ocrx_word' id='word_1_342' title='bbox 810 2302 842 2332; x_wconf 91' lang='lat' dir='ltr'>in</span> <span class='ocrx_word' id='word_1_343' title='bbox 859 2302 948 2332; x_wconf 88' lang='lat' dir='ltr'>Pou-</span> 
     </span>
     <span class='ocr_line' id='line_1_46' title="bbox 241 2352 512 2383; baseline 0.004 -1"><span class='ocrx_word' id='word_1_344' title='bbox 241 2355 314 2383; x_wconf 86' lang='lat' dir='ltr'>tum</span> <span class='ocrx_word' id='word_1_345' title='bbox 331 2352 512 2383; x_wconf 79' lang='lat' dir='ltr'>Euxinum.</span> 
     </span>
    </p>

    <p class='ocr_par' dir='ltr' id='par_1_19' title="bbox 238 2402 942 2591">
     <span class='ocr_line' id='line_1_47' title="bbox 284 2402 942 2442; baseline 0 -9"><span class='ocrx_word' id='word_1_346' title='bbox 284 2405 326 2433; x_wconf 81' lang='lat'>28</span> <span class='ocrx_word' id='word_1_347' title='bbox 352 2402 466 2442; x_wconf 81' lang='lat' dir='ltr'>Caspia</span> <span class='ocrx_word' id='word_1_348' title='bbox 481 2402 631 2442; x_wconf 76' lang='lat' dir='ltr'>claustra]</span> <span class='ocrx_word' id='word_1_349' title='bbox 668 2402 793 2433; x_wconf 87' lang='lat' dir='ltr'>Aditus</span> <span class='ocrx_word' id='word_1_350' title='bbox 810 2402 942 2442; x_wconf 71' lang='lat' dir='ltr'>Caspiae</span> 
     </span>
     <span class='ocr_line' id='line_1_48' title="bbox 240 2451 942 2492; baseline 0 -10"><span class='ocrx_word' id='word_1_351' title='bbox 240 2451 403 2492; x_wconf 78' lang='lat' dir='ltr'>regionis,</span> <span class='ocrx_word' id='word_1_352' title='bbox 426 2452 551 2491; x_wconf 84' lang='lat' dir='ltr'>Caspio</span> <span class='ocrx_word' id='word_1_353' title='bbox 571 2451 653 2481; x_wconf 85' lang='lat' dir='ltr'>mari</span> <span class='ocrx_word' id='word_1_354' title='bbox 670 2452 810 2483; x_wconf 79' lang='lat' dir='ltr'>vicinae:</span> <span class='ocrx_word' id='word_1_355' title='bbox 836 2453 942 2482; x_wconf 77' lang='lat' dir='ltr'>claus-</span> 
     </span>
     <span class='ocr_line' id='line_1_49' title="bbox 242 2501 942 2541; baseline 0 -10"><span class='ocrx_word' id='word_1_356' title='bbox 242 2505 297 2531; x_wconf 87' lang='lat' dir='ltr'>tra</span> <span class='ocrx_word' id='word_1_357' title='bbox 323 2501 380 2532; x_wconf 87' lang='lat' dir='ltr'>alii</span> <span class='ocrx_word' id='word_1_358' title='bbox 396 2507 520 2531; x_wconf 84' lang='lat' dir='ltr'>vocant</span> <span class='ocrx_word' id='word_1_359' title='bbox 546 2502 681 2539; x_wconf 78' lang='grc' dir='ltr'>κλεῖδας,</span> <span class='ocrx_word' id='word_1_360' title='bbox 707 2503 818 2541; x_wconf 84' lang='lat' dir='ltr'>claves,</span> <span class='ocrx_word' id='word_1_361' title='bbox 844 2501 942 2541; x_wconf 85' lang='lat' dir='ltr'>regni</span> 
     </span>
     <span class='ocr_line' id='line_1_50' title="bbox 238 2550 396 2591; baseline -0.006 -9"><span class='ocrx_word' id='word_1_362' title='bbox 238 2550 396 2591; x_wconf 76' lang='lat' dir='ltr'>alicujus.</span> 
     </span>
    </p>

    <p class='ocr_par' dir='ltr' id='par_1_20' title="bbox 239 2601 941 2691">
     <span class='ocr_line' id='line_1_51' title="bbox 282 2601 941 2642; baseline 0.002 -11"><span class='ocrx_word' id='word_1_363' title='bbox 282 2604 325 2631; x_wconf 85' lang='lat'>29</span> <span class='ocrx_word' id='word_1_364' title='bbox 347 2601 573 2642; x_wconf 79' lang='lat' dir='ltr'>Armeniasque</span> <span class='ocrx_word' id='word_1_365' title='bbox 587 2601 687 2642; x_wconf 83' lang='lat' dir='ltr'>nives]</span> <span class='ocrx_word' id='word_1_366' title='bbox 711 2601 874 2632; x_wconf 81' lang='lat' dir='ltr'>Armenia</span> <span class='ocrx_word' id='word_1_367' title='bbox 890 2612 941 2632; x_wconf 85' lang='lat' dir='ltr'>re-</span> 
     </span>
     <span class='ocr_line' id='line_1_52' title="bbox 239 2650 484 2691; baseline 0 -9"><span class='ocrx_word' id='word_1_368' title='bbox 239 2650 295 2691; x_wconf 82' lang='lat' dir='ltr'>gio</span> <span class='ocrx_word' id='word_1_369' title='bbox 310 2656 363 2682; x_wconf 85' lang='lat' dir='ltr'>est</span> <span class='ocrx_word' id='word_1_370' title='bbox 379 2651 484 2682; x_wconf 80' lang='lat' dir='ltr'>Asiae.</span> 
     </span>
    </p>

    <p class='ocr_par' dir='ltr' id='par_1_21' title="bbox 240 2700 942 2793">
     <span class='ocr_line' id='line_1_53' title="bbox 282 2700 940 2742; baseline 0 -10"><span class='ocrx_word' id='word_1_371' title='bbox 282 2703 323 2731; x_wconf 85' lang='grc'>30</span> <span class='ocrx_word' id='word_1_372' title='bbox 350 2701 490 2732; x_wconf 80' lang='lat' dir='ltr'>Orientis</span> <span class='ocrx_word' id='word_1_373' title='bbox 503 2701 588 2741; x_wconf 82' lang='lat' dir='ltr'>opes]</span> <span class='ocrx_word' id='word_1_374' title='bbox 612 2700 653 2732; x_wconf 92' lang='lat' dir='ltr'>Id</span> <span class='ocrx_word' id='word_1_375' title='bbox 667 2706 733 2742; x_wconf 83' lang='lat' dir='ltr'>est,</span> <span class='ocrx_word' id='word_1_376' title='bbox 754 2701 940 2742; x_wconf 86' lang='lat' dir='ltr'>Imperium</span> 
     </span>
     <span class='ocr_line' id='line_1_54' title="bbox 240 2750 942 2793; baseline -0.003 -11"><span class='ocrx_word' id='word_1_377' title='bbox 240 2750 406 2785; x_wconf 81' lang='lat' dir='ltr'>Orientis.</span> <span class='ocrx_word' id='word_1_378' title='bbox 466 2752 646 2793; x_wconf 81' lang='lat' dir='ltr'>Virgilius:</span> <span class='ocrx_word' id='word_1_379' title='bbox 689 2752 699 2768; x_wconf 94' lang='lat'>‘</span> <span class='ocrx_word' id='word_1_380' title='bbox 723 2751 942 2783; x_wconf 81' lang='lat' dir='ltr'>inclementia</span> 
     </span>
    </p>
   </div>
   <div class='ocr_carea' id='block_1_18' title="bbox 1001 1951 1713 2242">
    <p class='ocr_par' dir='ltr' id='par_1_22' title="bbox 1001 1951 1708 2042">
     <span class='ocr_line' id='line_1_55' title="bbox 1001 1951 1708 1992; baseline 0 -10"><span class='ocrx_word' id='word_1_381' title='bbox 1001 1952 1130 1982; x_wconf 91' lang='lat' dir='ltr'>Divum</span> <span class='ocrx_word' id='word_1_382' title='bbox 1155 1952 1228 1982; x_wconf 88' lang='lat' dir='ltr'>Has</span> <span class='ocrx_word' id='word_1_383' title='bbox 1253 1951 1377 1982; x_wconf 81' lang='lat' dir='ltr'>evertit</span> <span class='ocrx_word' id='word_1_384' title='bbox 1402 1961 1496 1992; x_wconf 88' lang='lat' dir='ltr'>opes,</span> <span class='ocrx_word' id='word_1_385' title='bbox 1519 1951 1708 1992; x_wconf 85' lang='lat' dir='ltr'>sternitque</span> 
     </span>
     <span class='ocr_line' id='line_1_56' title="bbox 1001 2002 1361 2042; baseline 0 -10"><span class='ocrx_word' id='word_1_386' title='bbox 1001 2012 1020 2032; x_wconf 88' lang='lat' dir='ltr'>a</span> <span class='ocrx_word' id='word_1_387' title='bbox 1036 2003 1183 2032; x_wconf 78' lang='lat' dir='ltr'>culmine</span> <span class='ocrx_word' id='word_1_388' title='bbox 1199 2002 1361 2042; x_wconf 77' lang='lat' dir='ltr'>&#39;Frojam.’</span> 
     </span>
    </p>

    <p class='ocr_par' dir='ltr' id='par_1_23' title="bbox 1003 2051 1713 2242">
     <span class='ocr_line' id='line_1_57' title="bbox 1030 2051 1713 2093; baseline 0 -10"><span class='ocrx_word' id='word_1_389' title='bbox 1030 2055 1066 2083; x_wconf 85' lang='lat'>31</span> <span class='ocrx_word' id='word_1_390' title='bbox 1088 2052 1238 2092; x_wconf 80' lang='lat' dir='ltr'>Argoeus]</span> <span class='ocrx_word' id='word_1_391' title='bbox 1256 2053 1356 2082; x_wconf 78' lang='lat' dir='ltr'>Mons</span> <span class='ocrx_word' id='word_1_392' title='bbox 1369 2051 1597 2092; x_wconf 75' lang='lat' dir='ltr'>Cappadociae</span> <span class='ocrx_word' id='word_1_393' title='bbox 1612 2061 1713 2093; x_wconf 88' lang='lat' dir='ltr'>equo-</span> 
     </span>
     <span class='ocr_line' id='line_1_58' title="bbox 1003 2103 1711 2144; baseline 0.001 -11"><span class='ocrx_word' id='word_1_394' title='bbox 1003 2113 1076 2134; x_wconf 88' lang='lat' dir='ltr'>rum</span> <span class='ocrx_word' id='word_1_395' title='bbox 1103 2103 1307 2143; x_wconf 87' lang='lat' dir='ltr'>pernicitate</span> <span class='ocrx_word' id='word_1_396' title='bbox 1329 2103 1496 2134; x_wconf 80' lang='lat' dir='ltr'>celebris:</span> <span class='ocrx_word' id='word_1_397' title='bbox 1533 2103 1711 2144; x_wconf 84' lang='lat' dir='ltr'>Cappado-</span> 
     </span>
     <span class='ocr_line' id='line_1_59' title="bbox 1003 2153 1708 2194; baseline -0.003 -9"><span class='ocrx_word' id='word_1_398' title='bbox 1003 2155 1057 2185; x_wconf 83' lang='lat' dir='ltr'>cia</span> <span class='ocrx_word' id='word_1_399' title='bbox 1075 2164 1186 2194; x_wconf 88' lang='lat' dir='ltr'>porro,</span> <span class='ocrx_word' id='word_1_400' title='bbox 1204 2154 1297 2194; x_wconf 81' lang='lat' dir='ltr'>regio</span> <span class='ocrx_word' id='word_1_401' title='bbox 1315 2153 1406 2184; x_wconf 76' lang='lat' dir='ltr'>Asiae</span> <span class='ocrx_word' id='word_1_402' title='bbox 1433 2153 1570 2184; x_wconf 89' lang='lat' dir='ltr'>minoris</span> <span class='ocrx_word' id='word_1_403' title='bbox 1591 2162 1708 2184; x_wconf 87' lang='lat' dir='ltr'>versus</span> 
     </span>
     <span class='ocr_line' id='line_1_60' title="bbox 1003 2202 1707 2242; baseline -0.001 -9"><span class='ocrx_word' id='word_1_404' title='bbox 1003 2205 1165 2242; x_wconf 86' lang='lat' dir='ltr'>Pontum,</span> <span class='ocrx_word' id='word_1_405' title='bbox 1181 2202 1319 2242; x_wconf 86' lang='lat' dir='ltr'>optimis</span> <span class='ocrx_word' id='word_1_406' title='bbox 1335 2206 1369 2232; x_wconf 86' lang='lat' dir='ltr'>et</span> <span class='ocrx_word' id='word_1_407' title='bbox 1387 2202 1522 2241; x_wconf 85' lang='lat' dir='ltr'>pascuis</span> <span class='ocrx_word' id='word_1_408' title='bbox 1549 2206 1584 2232; x_wconf 91' lang='lat' dir='ltr'>et</span> <span class='ocrx_word' id='word_1_409' title='bbox 1612 2202 1707 2242; x_wconf 86' lang='lat' dir='ltr'>equis</span> 
     </span>
    </p>
   </div>
   <div class='ocr_carea' id='block_1_19' title="bbox 1001 2253 1707 2342">
    <p class='ocr_par' dir='ltr' id='par_1_24' title="bbox 1001 2253 1707 2342">
     <span class='ocr_line' id='line_1_61' title="bbox 1001 2253 1164 2284; baseline -0.012 0"><span class='ocrx_word' id='word_1_410' title='bbox 1001 2253 1164 2284; x_wconf 85' lang='lat' dir='ltr'>abundat.</span> 
     </span>
     <span class='ocr_line' id='line_1_62' title="bbox 1043 2301 1707 2342; baseline 0.002 -10"><span class='ocrx_word' id='word_1_411' title='bbox 1043 2305 1084 2332; x_wconf 79' lang='lat'>32</span> <span class='ocrx_word' id='word_1_412' title='bbox 1109 2301 1226 2342; x_wconf 78' lang='lat' dir='ltr'>Halys]</span> <span class='ocrx_word' id='word_1_413' title='bbox 1250 2301 1388 2331; x_wconf 81' lang='lat' dir='ltr'>Fluvius</span> <span class='ocrx_word' id='word_1_414' title='bbox 1407 2311 1448 2331; x_wconf 83' lang='lat' dir='ltr'>ex</span> <span class='ocrx_word' id='word_1_415' title='bbox 1461 2301 1574 2332; x_wconf 85' lang='lat' dir='ltr'>Tauro</span> <span class='ocrx_word' id='word_1_416' title='bbox 1591 2304 1707 2333; x_wconf 81' lang='lat' dir='ltr'>monte</span> 
     </span>
    </p>
   </div>
   <div class='ocr_carea' id='block_1_20' title="bbox 995 2352 1709 2792">
    <p class='ocr_par' dir='ltr' id='par_1_25' title="bbox 997 2352 1709 2442">
     <span class='ocr_line' id='line_1_63' title="bbox 1000 2352 1709 2393; baseline 0.001 -11"><span class='ocrx_word' id='word_1_417' title='bbox 1000 2361 1160 2382; x_wconf 84' lang='lat' dir='ltr'>nascens:</span> <span class='ocrx_word' id='word_1_418' title='bbox 1178 2353 1276 2382; x_wconf 81' lang='lat' dir='ltr'>alluit</span> <span class='ocrx_word' id='word_1_419' title='bbox 1288 2352 1709 2393; x_wconf 78' lang='lat' dir='ltr'>Cappadociam,Syriam‚</span> 
     </span>
     <span class='ocr_line' id='line_1_64' title="bbox 997 2402 1276 2442; baseline -0.007 -9"><span class='ocrx_word' id='word_1_420' title='bbox 997 2402 1276 2442; x_wconf 74' lang='lat' dir='ltr'>Paphlagoniam.</span> 
     </span>
    </p>

    <p class='ocr_par' dir='ltr' id='par_1_26' title="bbox 996 2449 1705 2541">
     <span class='ocr_line' id='line_1_65' title="bbox 1039 2449 1705 2491; baseline 0 -9"><span class='ocrx_word' id='word_1_421' title='bbox 1039 2451 1168 2491; x_wconf 71' lang='lat' dir='ltr'>Inique]</span> <span class='ocrx_word' id='word_1_422' title='bbox 1201 2449 1353 2491; x_wconf 86' lang='lat' dir='ltr'>Difficili,</span> <span class='ocrx_word' id='word_1_423' title='bbox 1376 2450 1557 2491; x_wconf 84' lang='lat' dir='ltr'>salebroso,</span> <span class='ocrx_word' id='word_1_424' title='bbox 1584 2450 1705 2491; x_wconf 85' lang='lat' dir='ltr'>arduo,</span> 
     </span>
     <span class='ocr_line' id='line_1_66' title="bbox 996 2500 1153 2541; baseline 0.013 -11"><span class='ocrx_word' id='word_1_425' title='bbox 996 2500 1153 2541; x_wconf 86' lang='lat' dir='ltr'>abrupto.</span> 
     </span>
    </p>

    <p class='ocr_par' dir='ltr' id='par_1_27' title="bbox 997 2549 1704 2642">
     <span class='ocr_line' id='line_1_67' title="bbox 1039 2549 1704 2591; baseline 0 -11"><span class='ocrx_word' id='word_1_426' title='bbox 1039 2553 1078 2581; x_wconf 83' lang='lat'>33</span> <span class='ocrx_word' id='word_1_427' title='bbox 1106 2550 1210 2590; x_wconf 70' lang='lat' dir='ltr'>Cilix]</span> <span class='ocrx_word' id='word_1_428' title='bbox 1249 2550 1380 2581; x_wconf 80' lang='lat' dir='ltr'>Taurus</span> <span class='ocrx_word' id='word_1_429' title='bbox 1419 2559 1514 2580; x_wconf 88' lang='lat' dir='ltr'>mons</span> <span class='ocrx_word' id='word_1_430' title='bbox 1555 2549 1704 2591; x_wconf 82' lang='lat' dir='ltr'>Ciliciae,</span> 
     </span>
     <span class='ocr_line' id='line_1_68' title="bbox 997 2600 1443 2642; baseline 0 -11"><span class='ocrx_word' id='word_1_431' title='bbox 997 2611 1072 2642; x_wconf 81' lang='lat' dir='ltr'>quae</span> <span class='ocrx_word' id='word_1_432' title='bbox 1091 2606 1142 2631; x_wconf 80' lang='lat' dir='ltr'>est</span> <span class='ocrx_word' id='word_1_433' title='bbox 1158 2601 1190 2631; x_wconf 88' lang='lat' dir='ltr'>in</span> <span class='ocrx_word' id='word_1_434' title='bbox 1206 2600 1288 2632; x_wconf 83' lang='lat' dir='ltr'>Asia</span> <span class='ocrx_word' id='word_1_435' title='bbox 1305 2601 1443 2631; x_wconf 86' lang='lat' dir='ltr'>minore.</span> 
     </span>
    </p>

    <p class='ocr_par' dir='ltr' id='par_1_28' title="bbox 995 2649 1702 2732">
     <span class='ocr_line' id='line_1_69' title="bbox 1037 2649 1702 2691; baseline 0.002 -10"><span class='ocrx_word' id='word_1_436' title='bbox 1037 2650 1156 2691; x_wconf 82' lang='lat' dir='ltr'>Syriae]</span> <span class='ocrx_word' id='word_1_437' title='bbox 1181 2651 1268 2681; x_wconf 77' lang='lat' dir='ltr'>Haec</span> <span class='ocrx_word' id='word_1_438' title='bbox 1292 2655 1344 2681; x_wconf 74' lang='lat' dir='ltr'>est</span> <span class='ocrx_word' id='word_1_439' title='bbox 1358 2650 1451 2690; x_wconf 85' lang='lat' dir='ltr'>regio</span> <span class='ocrx_word' id='word_1_440' title='bbox 1469 2649 1599 2681; x_wconf 74' lang='lat' dir='ltr'>Ciliciae</span> <span class='ocrx_word' id='word_1_441' title='bbox 1622 2659 1702 2682; x_wconf 89' lang='lat' dir='ltr'>con-</span> 
     </span>
     <span class='ocr_line' id='line_1_70' title="bbox 995 2701 1152 2732; baseline 0.006 -1"><span class='ocrx_word' id='word_1_442' title='bbox 995 2701 1152 2732; x_wconf 86' lang='lat' dir='ltr'>termina.</span> 
     </span>
    </p>

    <p class='ocr_par' dir='ltr' id='par_1_29' title="bbox 1037 2750 1702 2792">
     <span class='ocr_line' id='line_1_71' title="bbox 1037 2750 1702 2792; baseline -0.002 -9"><span class='ocrx_word' id='word_1_443' title='bbox 1037 2753 1080 2783; x_wconf 72' lang='lat'>34</span> <span class='ocrx_word' id='word_1_444' title='bbox 1101 2751 1322 2792; x_wconf 73' lang='lat' dir='ltr'>Assuetumque</span> <span class='ocrx_word' id='word_1_445' title='bbox 1334 2750 1450 2792; x_wconf 78' lang='lat' dir='ltr'>choris]</span> <span class='ocrx_word' id='word_1_446' title='bbox 1464 2750 1554 2792; x_wconf 86' lang='lat' dir='ltr'>Syri,</span> <span class='ocrx_word' id='word_1_447' title='bbox 1565 2754 1601 2782; x_wconf 85' lang='lat' dir='ltr'>et</span> <span class='ocrx_word' id='word_1_448' title='bbox 1613 2760 1702 2792; x_wconf 76' lang='lat' dir='ltr'>prue-</span> 
     </span>
    </p>
   </div>
  </div>
 </body>
</html>
