1857 3177
592 235 642 265 IN
679 232 911 265 RUFINUM
948 230 1043 260 LlB.
1077 229 1127 258 11.
1500 216 1580 256 151

130 336 251 378 Intra
277 340 395 376 tecta
414 335 557 374 timor.
618 330 819 372 Tandem
842 339 1049 369 succurre
1069 323 1213 365 ruenti

129 404 233 444 Heu
256 402 433 457 patriae,
453 400 673 440 Stilichon
693 413 701 439 z
735 399 900 439 dilecta
915 396 985 436 hic
1003 394 1190 447 pignora
1207 394 1327 430 certe
1345 403 1355 439 ;

132 471 221 512 Hic
242 470 402 510 domus
422 484 431 518 3
463 469 531 508 hic
555 467 760 507 thalamis
778 466 967 519 primum
989 460 1236 514 genialibus
1258 469 1400 497 omen.

132 539 221 580 Hic
246 539 327 579 tibi
350 538 504 578 felices
526 536 666 576 erexit
688 534 807 584 regia
824 531 984 573 taedas.

132 607 220 647 Vel
240 607 374 654 solus,
398 608 590 657 sperate,
609 604 724 643 veni.
785 601 852 641 Te
875 598 1030 652 pradia
1044 596 1145 636 viso

132 675 455 725 Langucsecnt,
480 671 687 723 uvidique
710 668 842 709 cadet
863 664 1082 706 dementia
1100 660 1300 702 monstri.

131 742 316 782 Talibus
339 746 519 791 urgetur
539 739 708 778 discors
732 735 907 776 Aurora
931 730 1158 786 procellis.
1506 726 1590 766 100

133 851 243 881 ”mitem
262 854 326 887 est,
349 851 382 878 at
398 850 497 878 metus
511 846 648 877 acerbior
666 848 798 883 rugatur
814 844 898 874 intra
912 843 1025 873 domos.
1049 839 1216 872 Auxiliare
1232 839 1356 869 tandem
1369 837 1496 878 patrioe,
1510 837 1566 867 heu
1578 836 1593 869 Ι

131 893 265 928 cadenti,
288 902 306 922 0
324 890 474 922 Stilicho:
499 891 549 920 hic
564 888 702 929 profecto
727 888 816 918 liberi
845 887 892 916 tui
907 887 973 916 cari
989 890 1067 915 sunt
1083 895 1090 913 :
1115 884 1165 913 hic
1180 884 1285 913 domus
1302 886 1372 919 tua,
1396 881 1445 911 hic
1457 881 1595 920 primum

132 934 196 965 fnit
209 934 398 974 praesagium
416 943 477 972 pro
493 935 570 963 lecto
587 938 645 963 tuo
663 931 807 971 nuptiali.
856 930 919 960 llic
942 929 1025 959 Aula
1041 927 1167 958 sustulit
1181 935 1237 966 pro
1259 930 1292 956 tc
1301 923 1594 962 sacesfortunataS.

136 979 243 1008 Etiam
263 978 342 1007 solus
355 977 450 1014 adsis,
475 978 635 1015 expectate
651 973 794 1005 Stilicho
810 985 816 1003 :
840 983 955 1012 pugnoe
971 973 1152 1011 torpesceret,
1169 973 1199 999 te
1219 970 1388 1007 conspecto,
1407 970 1436 997 et
1452 965 1596 997 vecordia

128 1021 266 1060 portenti
292 1020 379 1050 arari
405 1019 582 1057 dejicietur.
632 1018 743 1047 Oriens
762 1016 910 1046 turbatur
934 1015 981 1044 his
1008 1011 1241 1053 tempestatibus
1254 1011 1488 1041 discordiarum.
1533 1008 1596 1039 Sed

745 1087 978 1100 eeeeeeeeeeee

135 1149 211 1180 Pat.
228 1150 383 1179 rem—94
410 1147 497 1177 luter
509 1146 589 1176 Yat.
620 1154 686 1175 sec.
716 1143 835 1174 Ainbr.
857 1152 907 1182 pr.
931 1141 1056 1172 Moret.
1083 1149 1150 1169 sec.
1176 1138 1277 1169 Farn.
1299 1138 1392 1168 Rott.
1411 1136 1507 1167 Med.
1524 1145 1594 1169 sec.

136 1193 219 1222 Exc.
248 1191 347 1228 Lmti,
374 1190 428 1220 cd.
457 1190 571 1219 Parni.
594 1194 628 1218 et
652 1187 763 1217 Vicet.
792 1186 879 1216 lutra
898 1185 988 1215 Prie.
1012 1183 1112 1213 mirm-
1132 1183 1204 1212 l’at.
1230 1181 1424 1211 IuenliVat.
1441 1186 1597 1220 quart.—

134 1238 173 1265 95
200 1234 333 1265 Stilicho
349 1234 426 1263 Yat.
444 1237 513 1271 opt.
539 1231 692 1261 Stilichon
711 1230 793 1259 Exc.
813 1230 954 1259 Lucens.
971 1236 1022 1266 pr.
1040 1226 1171 1255 Stilicon
1190 1225 1312 1253 incert.
1332 1223 1452 1253 Heius.
1479 1223 1597 1253 delecta

139 1277 230 1307 Leid.
250 1287 300 1316 pr.
333 1277 439 1306 dilecti
465 1275 531 1305 ha’c
548 1276 634 1311 Rea.
671 1272 776 1302 dilecti
800 1275 828 1301 et
846 1271 1005 1300 Vansec.
1040 1272 1094 1298 tua
1110 1268 1173 1296 sint
1190 1267 1254 1296 hoec
1269 1266 1421 1296 Floreat.
1448 1265 1597 1295 sunthaec

138 1320 230 1350 Med.
252 1329 320 1349 sec.
345 1323 398 1348 tua
416 1319 477 1348 sint
495 1318 544 1346 hic
563 1317 656 1346 Rott.
671 1320 703 1344 et
723 1315 801 1343 Yat.
819 1322 886 1343 sec.
906 1321 966 1351 pro
985 1320 1052 1340 var.
1070 1310 1235 1340 loen—96
1258 1308 1403 1337 thalamis
1419 1312 1486 1336 vet.
1512 1306 1599 1346 Gyr.

136 1361 213 1391 Vat.
232 1361 339 1391 Liviu.
377 1359 506 1390 thalami
526 1359 602 1388 Yat.
626 1366 692 1387 sec.
714 1357 799 1386 Exc.
829 1355 927 1392 Laeti,
956 1353 1009 1382 ed.
1038 1353 1152 1382 Parin.
1169 1351 1284 1381 vicet.
1323 1349 1478 1379 thalamus
1502 1349 1599 1380 Rott.

135 1404 267 1434 Thuan.
297 1403 427 1433 Mazar.
450 1400 571 1432 Ambr.
597 1409 646 1440 pr.
675 1399 797 1429 Petav.
827 1402 906 1427 tert.
924 1396 1036 1426 Oxou.
1054 1399 1089 1424 et
1106 1393 1184 1424 Ald.
1209 1393 1363 1422 thalamus
1377 1391 1431 1421 vel
1454 1391 1600 1421 thalamis

138 1446 216 1476 Put.
234 1447 352 1476 Petav.
370 1455 419 1486 pr.
441 1444 602 1485 proprium
618 1448 687 1472 tres
706 1441 782 1471 Vat.
797 1440 871 1470 Pal.
891 1440 984 1469 Rott.
1004 1437 1110 1467 Oisel.
1130 1436 1214 1466 Exc.
1230 1435 1317 1465 Laeti
1335 1439 1370 1465 et
1388 1434 1530 1464 Lucens.
1547 1443 1599 1473 pr.

132 1488 268 1528 primum
285 1489 385 1519 Farn.
410 1487 543 1518 Thuan.
561 1490 627 1516 vet.
647 1484 730 1524 (jyr.
751 1484 830 1513 Vat.
848 1482 957 1513 Livin.
970 1479 1064 1511 Med.
1091 1483 1202 1520 quart.
1221 1478 1305 1509 Exc.
1324 1478 1468 1509 Gevart.
1487 1481 1521 1507 et
1536 1477 1601 1507 Lu-

136 1541 227 1563 cens.
244 1541 309 1562 sec.
334 1532 414 1561 item
429 1529 482 1561 ed.
500 1530 614 1561 Vicet.
632 1537 739 1567 marg.
756 1526 878 1565 Isingr.
900 1523 1062 1565 proprium
1075 1523 1126 1552 vel
1159 1521 1293 1561 primum
1309 1520 1375 1551 duo
1387 1520 1466 1550 Vat.
1488 1519 1599 1558 genia-

136 1575 215 1605 libus
232 1575 284 1604 vel
319 1573 490 1612 gentilibus
508 1573 591 1602 Exc.
607 1571 705 1602 Laeti.
727 1568 904 1609 genialibus
921 1567 974 1598 vel
1005 1565 1195 1605 genitalibus
1218 1565 1300 1602 Reg.
1320 1563 1400 1594 l'ut.
1418 1562 1527 1592 Oxou.
1547 1571 1599 1602 pr.

133 1617 320 1655 genitalibus
344 1616 465 1657 reliqui
489 1625 615 1654 omnes,
643 1615 728 1644 Exc.
754 1613 897 1643 Lucens.
916 1620 967 1651 pr.
984 1614 1020 1640 et
1037 1608 1110 1638 cod.
1130 1608 1245 1638 Rhem.
1267 1606 1346 1637 Am.
1363 1605 1416 1637 ed.
1435 1605 1547 1636 Parni.
1566 1608 1603 1636 et

138 1660 251 1691 vicet.
280 1660 369 1700 qnod
399 1659 520 1700 probat
548 1657 720 1693 Heinsius,
746 1655 802 1695 qui
830 1660 865 1685 et
892 1654 941 1684 ita
963 1651 1145 1693 legendum
1173 1650 1304 1680 monuit
1321 1647 1411 1688 apud
1438 1648 1602 1679 Senecam

137 1703 232 1733 initio
251 1702 406 1733 Medea‘:
442 1704 450 1719 ‘
466 1703 583 1741 Tuque
610 1699 766 1741 genitalis
790 1698 855 1729 tori
884 1696 1013 1727 Lucina
1039 1693 1175 1725 custos)
1207 1693 1342 1733 primum
1355 1690 1531 1731 genialibus
1547 1690 1601 1722 vel

135 1746 298 1786 proprium
311 1745 503 1785 genitalibus
519 1745 598 1775 Vat.
623 1753 673 1784 pr.
702 1743 786 1772 Exc.
814 1741 912 1771 Laeti.
948 1737 1120 1778 gentilibus
1144 1737 1228 1767 Exc.
1246 1736 1343 1766 Voss.
1371 1743 1414 1764 m.
1433 1744 1484 1774 pr.
1515 1743 1602 1764 omne

140 1789 224 1828 Reg.
253 1799 341 1819 omen
357 1789 410 1818 vel
432 1798 518 1818 omne
546 1788 667 1818 Petav.
692 1786 773 1816 item
801 1784 915 1814 Oxou.
932 1783 1071 1821 pin—97
1098 1780 1163 1810 Hic
1183 1779 1242 1809 tibi
1265 1777 1338 1808 fere
1362 1786 1477 1808 omnes
1493 1775 1602 1807 Codd.

140 1831 224 1862 Exc.
258 1832 404 1862 Gevart.
429 1831 482 1862 ed.
507 1831 620 1860 Parin.
639 1828 719 1860 Ald.
752 1827 862 1859 Colin.
880 1830 915 1856 et
931 1825 1044 1855 Vicet.
1078 1822 1143 1853 Hic
1159 1821 1322 1851 ubiVarr.
1341 1821 1409 1850 LL.
1423 1819 1477 1850 ed.
1495 1817 1601 1849 Antv.

138 1874 202 1904 lioec
218 1875 349 1905 aL—os
382 1883 506 1914 sperare
525 1874 602 1904 Vnt.
627 1877 738 1913 quart.
761 1879 885 1911 sperare
911 1869 964 1898 vel
986 1875 1132 1906 superare
1150 1865 1235 1904 Reg.
1259 1864 1375 1894 Oxon.
1391 1863 1468 1892 duo.
1493 1859 1604 1893 venis!

140 1917 232 1948 Med.
250 1920 449 1957 quam—99
482 1917 682 1955 languescunt
701 1915 780 1944 Pat.
811 1913 922 1943 cudent
940 1910 1014 1941 Pal.
1038 1908 1198 1947 rabidique
1218 1916 1279 1946 pro
1302 1905 1445 1945 avidique
1460 1903 1603 1944 conjicit

142 1959 314 1990 Heinsius.
351 1961 449 1990 vestri
476 1969 536 1999 pro
572 1958 701 1989 monstri
719 1958 803 1987 Exc.
823 1955 1027 1985 Voss—100
1057 1951 1151 1982 dictis
1168 1959 1229 1990 pro
1259 1948 1376 1979 discors
1399 1947 1493 1978 Med.
1523 1951 1606 1977 tert.

799 2028 829 2059 N
837 2026 943 2059 OTAE

183 2089 223 2117 95
258 2087 392 2126 Patriae]
440 2088 528 2117 Nun]
558 2085 844 2123 Constantinopo-

142 2137 181 2167 lis
207 2137 405 2167 Stilichonis
434 2137 546 2177 pati-ia
569 2137 643 2166 est?
689 2135 755 2165 vix
773 2143 845 2164 cre-

143 2187 197 2218 do,
243 2186 361 2217 Patria
392 2192 543 2220 vocatur,
586 2186 663 2225 quia
701 2184 845 2215 Stilicho

142 2237 196 2267 hic
213 2236 330 2267 habuit
341 2236 488 2274 domum,
511 2236 563 2267 hic
582 2235 679 2266 duxit
694 2244 846 2272 uxorem,

144 2297 185 2318 ex
200 2297 265 2329 qua
280 2287 403 2318 liberos
420 2287 580 2326 suscepit.

186 2342 225 2370 95
252 2337 409 2377 Pignora]
445 2337 573 2376 Liberi,
587 2336 643 2378 qui
658 2340 736 2366 sunt
754 2336 847 2367 velut

146 2389 303 2430 pignora,
330 2388 451 2430 quibus
479 2388 646 2427 Princeps
674 2385 846 2426 astrictus,

146 2440 273 2471 debent
301 2440 407 2481 magis
445 2449 558 2471 amare
601 2438 759 2478 patriam,
790 2438 846 2469 ubi

145 2492 216 2522 nati
234 2492 281 2522 illi
298 2497 387 2522 sunt.

186 2544 229 2572 96
253 2542 396 2573 Primum
407 2541 551 2572 thalamis
560 2540 736 2580 genialibus
746 2539 848 2579 omen]

147 2591 187 2623 Id
204 2598 269 2631 est,
296 2594 439 2632 primuni
471 2592 655 2632 auspicium
680 2590 763 2621 felix
787 2600 848 2631 pro

149 2642 238 2673 lecto
261 2643 417 2683 nuptiali.
462 2642 648 2682 Virgilius:
681 2642 689 2658 ‘
716 2641 853 2672 Primis-

150 2700 214 2732 qne
224 2692 363 2732 jugarat
379 2692 582 2723 Ominibus.y
616 2691 706 2722 Olim
721 2690 850 2731 nuptiae

150 2749 215 2771 non
229 2742 499 2781 celebrabantur,
516 2743 577 2774 nisi
591 2742 779 2782 auspicato,
793 2750 851 2771 seu

151 2791 313 2832 inspectis
326 2792 454 2823 avibus.
500 2792 652 2823 Genialis
664 2792 712 2822 sic
727 2791 854 2823 dicitur

901 2090 920 2111 a
935 2079 1060 2117 Genio,
1077 2081 1208 2108 naturae
1225 2079 1260 2105 et
1276 2073 1462 2114 voluptatis
1480 2073 1570 2104 Deo.

943 2133 983 2162 97
1012 2130 1134 2169 Toedas]
1180 2128 1286 2158 Faces
1308 2125 1476 2164 nuptiales
1504 2123 1604 2154 altius

900 2180 1145 2212 attollebantur
1171 2188 1190 2207 a
1212 2175 1377 2207 matribus
1393 2182 1607 2214 sponsarum,

902 2231 1019 2271 sicque
1046 2227 1238 2269 conjugium
1270 2224 1402 2255 feticius
1433 2223 1506 2255 fore
1533 2233 1607 2255 cre-

902 2280 1070 2312 debatur:
1106 2275 1311 2318 δαῒς,δαΐδος,
1341 2276 1434 2314 taeda,
1464 2275 1518 2306 vel
1541 2273 1606 2313 fax

901 2342 1039 2363 accensa.

944 2386 985 2414 98
1014 2381 1101 2422 Viso]
1134 2381 1222 2411 Laus
1238 2379 1390 2409 Heroum
1405 2384 1526 2416 magna
1543 2379 1608 2412 est,

903 2434 1052 2465 victores
1077 2431 1247 2467 extitisse,
1275 2428 1389 2458 statim
1413 2429 1518 2466 atque
1543 2425 1608 2456 visi

904 2490 994 2515 sunt.
1040 2483 1169 2515 Notum
1209 2478 1292 2510 illud
1333 2477 1419 2508 Julii
1452 2475 1609 2516 Caesaris,

902 2536 911 2551 ‘
936 2535 1036 2573 Veni,
1053 2533 1134 2571 vidi,
1151 2530 1239 2561 vici.’

946 2589 988 2616 99
1005 2583 1173 2616 Dementia
1186 2578 1330 2618 monstri]
1353 2576 1526 2608 Vecordia
1539 2576 1610 2608 Ru-

905 2636 964 2667 fini
978 2635 1118 2666 monstri
1135 2631 1271 2674 pessimi
1287 2627 1529 2660 contundetur.

950 2690 1012 2718 100
1037 2685 1167 2716 Discors
1180 2679 1319 2718 Aurora]
1366 2677 1490 2708 Oriens
1509 2686 1609 2709 vexa-

908 2741 962 2771 tus
975 2734 1164 2769 discordiis,
1182 2736 1216 2762 et
1229 2730 1322 2761 velut
1336 2727 1610 2768 tempestatibus,

908 2796 968 2818 seu
985 2785 1095 2817 ventis
1111 2781 1291 2815 contrariis
1308 2779 1471 2821 agitatus.
