1852 3193
188 205 273 247 414
663 213 739 243 ch.
772 208 1053 242 cLAumANi
1088 208 1175 238 xv.

187 311 347 352 Insula
365 310 601 366 (Sardoam
622 312 794 350 veteres
815 304 966 345 dixere
986 301 1159 357 coloni)

189 379 330 421 Dives
353 393 455 431 ager
475 378 657 430 frugum.
719 374 887 414 Poenos
911 372 1103 413 Italosve
1126 371 1296 426 petenti

190 446 453 500 Opportuna
474 445 576 485 situ.
639 442 756 493 Quae
776 454 876 495 pars
898 440 1084 480 vicinior
1106 439 1242 490 Afris,
1568 437 1656 480 510

190 514 335 554 Plana
355 514 466 561 solo,
488 512 652 552 ratibus
675 510 866 550 clemens
885 523 894 550 ε
928 522 1026 562 quae
1049 508 1231 562 respicit
1251 506 1435 557 Arcton,

191 581 395 629 Immitis,
419 579 676 633 scopulosa,
697 590 882 632 procax,
904 577 1154 630 subitisque
1176 589 1335 617 sonora

193 648 407 688 Flauus.
472 647 663 687 Insanos
687 645 870 686 infamat
891 646 1039 685 navita
1061 649 1246 685 montes.

192 713 311 756 Hinc
334 715 557 755 hominum
579 713 892 768 pecudumque
914 713 1023 761 lues,
1048 712 1149 753 hinc
1169 710 1348 766 pestifer
1369 708 1444 750 a‘eLr

194 780 346 833 Saevit,
368 787 412 823 et
434 783 631 822 exclusis
654 787 836 834 regnant
854 779 1147 833 Aquilonibus
1169 776 1336 819 Austri.
1575 773 1662 817 516

196 848 327 899 Quos
348 850 426 890 ubi
448 850 627 890 luctatis
648 849 805 903 procul
826 848 1010 901 effugere
1033 847 1219 898 carinis3

195 977 402 1017 Sardiniam)
416 984 505 1009 terra
522 982 566 1009 est
575 978 722 1017 soecunda
736 979 907 1009 messibus.-
940 979 1093 1009 commoda
1108 978 1150 1008 ob
1172 978 1267 1008 sitnm
1285 982 1397 1008 nautae
1421 975 1506 1007 eunti
1524 974 1565 1006 ad
1584 976 1664 1023 Car-

194 1021 407 1060 tltaginienses
435 1025 490 1051 aut
517 1023 557 1052 ad
583 1023 700 1052 Italos.-
735 1031 775 1051 ea
800 1031 884 1061 pars,
910 1031 985 1060 quae
1009 1021 1135 1060 propior
1150 1025 1201 1050 est
1227 1019 1349 1058 Africae
1373 1019 1476 1050 habet
1501 1018 1665 1059 planitzem

194 1073 379 1103 camporum,
405 1069 439 1093 et
467 1069 518 1094 est
543 1063 675 1101 benigna
704 1063 850 1094 naribus:
883 1074 950 1104 quae
968 1072 1046 1103 pars
1069 1065 1185 1102 specta!
1203 1061 1460 1102 Septemtrionem
1477 1067 1526 1091 est
1543 1071 1663 1101 aspera,

193 1106 343 1144 lapidosa,
358 1107 494 1145 molesta,
510 1110 540 1136 et
555 1107 692 1136 stridens
708 1105 894 1146 fluminibus
908 1106 1088 1146 repentini&
1137 1106 1245 1136 Nauia
1262 1105 1417 1135 maledicit
1440 1103 1604 1151 montibus
1616 1105 1666 1134 in-

193 1148 278 1178 sanis
292 1149 390 1188 hujus
409 1151 527 1179 insulae
542 1160 550 1180 :
583 1149 655 1180 hinc
665 1149 763 1189 pestis
777 1149 936 1180 hominum
951 1152 981 1180 et
997 1149 1176 1184 bestiarum,
1190 1148 1261 1178 hinc
1277 1147 1333 1178 a'e'r
1350 1146 1516 1178 insalubris
1530 1145 1619 1194 furit
1634 1148 1662 1176 et

197 1190 276 1221 Noti
291 1191 490 1223 dominantur·
514 1192 613 1233 pulsis
634 1192 849 1232 Aquilonibus.
898 1192 985 1228 Quos
1004 1192 1034 1222 N
1039 1197 1112 1222 otos
1129 1195 1292 1232 postquam
1309 1190 1431 1221 milites
1447 1190 1552 1230 procul
1567 1191 1666 1220 evita-

812 1297 1046 1309 aeaeaeaeaeaeaeaeaeaeaeae

200 1365 269 1393 cet.
311 1361 345 1392 in
370 1363 499 1402 speciem
522 1363 615 1395 Prie.
638 1363 773 1395 Thuan.
791 1365 871 1396 Pat.
911 1364 1070 1396 Humanae
1085 1365 1184 1405 specie
1202 1364 1269 1395 duo
1287 1363 1410 1396 Leidd.
1429 1373 1505 1394 cuni
1523 1361 1669 1403 triginta

199 1404 287 1441 aliis,
302 1406 387 1436 Exc.
407 1408 552 1437 Gevart.
570 1407 651 1438 Var.
670 1408 735 1439 LL.
753 1418 771 1437 e
789 1418 893 1448 marg.
910 1410 1135 1440 Parm.—508
1159 1408 1340 1438 Sandalium
1357 1408 1441 1438 Exc.
1458 1407 1559 1438 Laeti.
1593 1405 1670 1435 Sar-

200 1447 326 1477 daniam
344 1448 426 1479 Put.
469 1450 666 1480 Dardaniam
683 1451 803 1482 Petav.
819 1461 887 1482 set·-
913 1461 957 1481 tn.
976 1461 1027 1492 pr.
1071 1451 1252 1482 Sardiniam
1270 1456 1347 1482 octo
1364 1450 1434 1480 alii.
1481 1448 1670 1479 Sardoniam

201 1490 277 1520 Pal.
294 1491 390 1521 Med.
409 1501 459 1531 pr.
479 1493 607 1522 Mazar.
626 1503 709 1524 unus
726 1494 869 1532 Heinsfi,
886 1494 943 1535 qui
959 1494 1110 1525 Sardoam
1126 1495 1332 1534 legin—509
1355 1503 1431 1532 ager
1447 1492 1541 1523 Med.
1557 1495 1668 1532 quart.

200 1532 253 1563 ed.
271 1533 385 1564 Vicet.
421 1545 554 1575 agerque
571 1535 666 1567 Med.
685 1542 764 1567 tert.
800 1537 957 1577 Italosque
973 1538 1053 1569 Pat.
1090 1538 1225 1568 Italosve
1242 1537 1341 1568 ambo
1359 1537 1484 1567 Moret.
1503 1536 1585 1566 Lov.
1602 1533 1670 1565 duo

203 1575 315 1606 oxon.
342 1576 408 1606 duo
435 1578 555 1608 Leidd.
585 1578 775 1611 Ald.—510
798 1581 1005 1619 quo'sholos.
1047 1581 1176 1613 Austris
1200 1585 1268 1611 vet.
1297 1580 1382 1620 Gyr.
1413 1579 1514 1610 Fan-n.
1537 1577 1671 1608 Tliuan.

202 1617 292 1654 Afris
310 1619 361 1648 vel
377 1621 506 1650 Austris
529 1621 624 1652 Meti.
651 1626 826 1653 see—511
855 1624 953 1653 Plena
978 1623 1075 1655 Leid.
1101 1633 1152 1663 pr.
1179 1623 1259 1654 Vat.
1287 1624 1505 1663 quint.—5l2
1530 1619 1672 1651 Inmunis

201 1659 282 1690 Var.
301 1660 370 1691 LL.
390 1661 442 1692 ed.
461 1661 675 1694 Arum—513
703 1665 866 1695 Fluctibus
882 1666 965 1696 Exc.
982 1666 1079 1696 Laeti.
1097 1666 1203 1696 Gesn.
1219 1671 1253 1696 et
1271 1666 1324 1696 ed.
1339 1665 1481 1703 Bipont.
1525 1663 1672 1694 Flatibus

202 1701 268 1733 dno
284 1703 403 1733 Leidd.
421 1710 454 1733 et
474 1705 615 1744 triginta
631 1707 700 1743 alii,
728 1707 812 1737 Exc.
840 1707 982 1739 Gevart.
1007 1708 1130 1738 Sched.
1158 1707 1250 1738 Gud.
1279 1708 1332 1738 ed.
1352 1708 1465 1737 Parin.
1494 1710 1529 1736 et
1556 1706 1672 1736 Vicet.

204 1745 365 1776 Fluctibus
390 1747 441 1776 vel
472 1747 615 1778 Flatibus
637 1749 717 1780 Vat.
742 1759 793 1789 pr.
821 1750 973 1780 Florent.
1001 1750 1098 1781 Med.
1117 1752 1294 1780 sem—514
1320 1749 1384 1779 Hic
1399 1749 1554 1779 hominum
1569 1748 1671 1778 ethic

198 1787 330 1827 pestifer
350 1789 434 1827 Reg.
453 1790 532 1819 Pat.
573 1793 599 1819 si
622 1791 753 1830 pestiffr
770 1792 883 1822 Oxou.
907 1802 959 1831 pr.
1000 1794 1097 1832 pestis
1120 1796 1151 1822 et
1173 1802 1228 1822 aer
1252 1793 1334 1822 Var.
1354 1792 1420 1822 LL.
1444 1791 1498 1821 ed.
1525 1790 1672 1821 Antv.—

204 1833 265 1860 515
289 1831 426 1860 excussis
445 1831 540 1861 Med.
558 1837 639 1863 tert.
682 1834 817 1863 excussis
837 1835 886 1864 vel
904 1835 1038 1864 exclusis
1055 1835 1295 1865 Maza=·.—516
1321 1834 1406 1869 Quos
1433 1837 1467 1864 ut
1491 1833 1587 1865 Med.
1603 1842 1677 1869 sec,

870 1926 1010 1958 NOTAE

245 1997 308 2026 508
343 1995 509 2037 Sardoam]
553 1998 710 2029 Sardinia
739 1999 866 2030 dicitnr
893 2010 911 2030 a

201 2047 312 2079 Sardo
328 2048 488 2079 Herculis
504 2048 573 2080 filio
587 2061 594 2087 3
614 2059 690 2081 nam
704 2056 806 2082 antea
821 2050 911 2082 dice-

201 2098 304 2129 batur
318 2097 471 2129 Snndalia
488 2104 523 2130 et
539 2099 745 2140 Sandaliotis,
770 2100 830 2131 ἀπὸ
856 2102 912 2132 τοῦ

203 2147 382 2187 σανδαλίου,
396 2149 477 2179 solea
503 2151 557 2180 vel
582 2151 693 2190 calceo,
717 2153 815 2193 cujus
830 2151 913 2192 figu-

204 2208 276 2230 ram
304 2199 464 2230 imitatur.
521 2200 710 2241 Sallustius,
731 2203 912 2235 ‘Sardinia

202 2247 292 2280 facie
308 2249 444 2289 vestigii
460 2250 619 2282 humani.'

248 2301 308 2329 511
323 2299 457 2339 Arcton]
476 2299 620 2341 Ἄρκτον,
638 2301 762 2340 Ursam,
779 2301 911 2342 signum

202 2349 513 2390 Septemtrionale:
534 2350 588 2382 hic
608 2351 745 2392 ponitur
757 2361 816 2392 pro
829 2352 911 2392 Sep-

205 2400 401 2432 temtrioue.

248 2454 312 2483 512
339 2452 478 2492 Procax]
504 2452 662 2485 Obnoxia
678 2453 815 2485 Austris
835 2464 911 2495 pro-

206 2502 358 2540 cacibus,
385 2507 422 2533 et
451 2508 572 2535 nautas
598 2504 783 2535 crudeliter
807 2505 913 2545 impe-

205 2551 371 2582 tentibus.

249 2605 313 2634 513
337 2603 480 2644 Insanos]
529 2604 619 2636 Nihil
646 2605 734 2636 enim
761 2605 911 2646 gentium

207 2650 342 2691 feritas,
391 2660 492 2695 atque
534 2656 712 2688 insanorum
748 2657 910 2688 montium

207 2702 299 2743 (nam
324 2704 374 2736 ita
401 2705 583 2749 vocantur)
604 2706 820 2740 ‘immanitas
835 2717 912 2750 pro-

209 2749 329 2785 suem?
354 2754 483 2788 Florus.

1012 1999 1167 2040 Infamat]
1211 2000 1349 2040 Nautae,
1380 1999 1436 2041 qui
1466 1998 1592 2040 saepius
1617 1999 1674 2031 hic

965 2049 1183 2090 naufragium
1211 2051 1401 2090 patiuntur,
1426 2050 1573 2082 reddunt
1601 2061 1676 2083 sco-

966 2101 1063 2140 pulos
1089 2101 1164 2131 illos
1188 2099 1344 2140 infames,
1364 2106 1401 2132 et
1421 2100 1584 2132 conviciis
1599 2111 1674 2133 cre·

967 2150 1034 2182 bris
1064 2151 1300 2191 detestandos,
1331 2152 1482 2194 dirisque
1510 2152 1554 2183 ab
1585 2153 1674 2185 irato

965 2205 1146 2232 nautarum
1162 2212 1287 2243 genere
1301 2202 1533 2235 devovendos.

1008 2254 1071 2283 514
1106 2253 1208 2293 Hinc]
1256 2254 1306 2284 Ex
1334 2253 1399 2286 hoc
1428 2252 1606 2293 insalubri,
1633 2262 1674 2284 ac

967 2302 1141 2342 pestilenti
1167 2304 1235 2335 situ
1263 2304 1394 2344 insulae,
1410 2304 1444 2335 in
1470 2313 1573 2345 quam
1595 2303 1674 2335 ideo

966 2353 1082 2384 exules
1137 2363 1376 2396 nonnunquam
1435 2354 1675 2386 mittebantur.

966 2403 1158 2435 Martialis:
1195 2406 1204 2422 ‘
1223 2405 1328 2436 Nullo
1357 2405 1429 2436 fata
1457 2405 1534 2436 loco
1564 2404 1673 2445 possis

966 2453 1174 2493 excludere3
1199 2464 1275 2486 cum
1292 2465 1382 2486 mors
1397 2454 1542 2486 Venerit
1555 2454 1591 2485 in
1605 2464 1675 2486 me-

966 2502 1022 2533 dio
1037 2503 1172 2543 Tyburt·
1187 2504 1347 2535 Sardinia
1361 2504 1437 2536 est!

1008 2557 1070 2585 515
1088 2553 1215 2594 Austri]
1239 2555 1446 2596 Morborum,
1458 2555 1576 2597 pestis,
1585 2565 1672 2588 mor-

967 2603 1077 2644 tisque
1094 2610 1266 2644 parentes.

1007 2657 1071 2684 516
1094 2654 1238 2685 Laciacis
1250 2655 1381 2698 carinis]
1405 2656 1483 2688 Hoc
1499 2660 1566 2697 est,
1581 2656 1675 2689 navi-

965 2705 1028 2736 bus
1059 2705 1219 2736 luctando
1246 2716 1306 2737 seu
1330 2716 1453 2748 magno
1478 2712 1604 2739 conatu
1639 2711 1676 2739 et

968 2754 1164 2787 discrimine
1181 2756 1310 2788 aversis
1323 2766 1364 2789 ac
1377 2757 1536 2791 detortis.
