1857 3177
577 202 622 232 ru
663 200 892 230 nortuum
931 199 1024 228 1213.
1057 199 1110 229 ιι.
1494 190 1575 230 157

118 297 294 339 Evitare
314 297 470 343 minas,
495 297 537 336 in
558 301 749 337 nostram
772 295 920 336 Gallia
942 293 1108 334 caedem

119 364 359 418 Conjurata
378 365 510 404 venit.
572 363 794 416 Quicquid
815 363 921 415 ligat
940 362 1095 402 ultima
1114 360 1296 414 Tethys,

121 432 352 472 Extremus
373 432 485 471 ultra
506 431 658 470 volitat
679 443 781 482 gens
803 431 840 469 si
861 442 947 482 qua
970 429 1219 477 Britannos,

121 499 243 540 Mota
264 499 383 539 mihi.
445 498 600 538 Tantis
623 498 827 551 capiendi
847 497 1062 538 credimur
1081 497 1210 537 armis
1227 496 1244 534 2
1501 495 1578 535 150

119 567 205 607 Tot
224 567 360 618 signis
377 578 507 606 unum
524 566 682 618 petitur
705 567 838 617 caput
855 565 872 603 Τ
906 563 1020 603 unde
1043 563 1207 604 cruoris

121 633 216 674 Ista
237 634 369 673 sitis?
402 633 618 686 geminum
641 632 741 672 coeli
764 632 850 671 sibi
871 631 1070 671 vindicat
1086 643 1233 679 axem,

122 700 180 741 Et
199 701 363 741 nullum
385 700 475 741 vult
492 713 591 740 esse
613 712 786 752 parem:
819 698 1100 738 succumbere
1120 699 1267 751 poscit

122 767 288 808 Cuncta
308 768 392 807 sibi
411 781 419 807 :
451 768 557 818 regit
579 766 767 814 Italiam,
792 764 1047 818 Libyenque
1066 764 1256 805 coerect:

119 834 334 888 Hispanis
356 834 583 885 Gallisque
597 832 745 886 jubet:
778 844 864 872 non
885 831 1026 872 orbita
1047 831 1179 880 Solis,
1492 834 1574 874 155

119 943 234 974 choreis.
275 944 382 974 Gallia
397 944 575 984 conspirans
592 944 623 974 in
642 944 758 974 cladem
772 946 909 973 nostram
927 945 1090 982 properat:
1115 941 1145 972 id
1162 951 1260 980 omne,
1277 941 1354 981 quod
1370 951 1453 971 »mre
1478 946 1581 972 extri·-

122 996 204 1016 mum
225 987 424 1025 constringit,
440 987 527 1027 siqua
542 987 627 1016 natio
644 990 777 1025 rugatur
793 989 881 1016 trans
898 985 1070 1016 Britannos
1086 984 1222 1021 ultimos,
1239 985 1378 1014 excitata
1392 989 1444 1014 est
1462 989 1583 1015 contra

122 1038 181 1059 me.
227 1029 298 1060 Nos
322 1031 476 1060 tradimur
492 1029 763 1068 comprehendendi
780 1029 877 1058 tantis
892 1026 1107 1058 exercitibus!
1136 1027 1223 1056 Unus
1245 1027 1330 1056 homo
1356 1027 1517 1056 lacessitur
1537 1031 1580 1057 tot

121 1069 271 1102 vexillis?
299 1072 386 1102 Unde
409 1072 469 1102 ista
494 1073 587 1101 venit
610 1072 763 1111 cupiditas
784 1070 945 1109 sanguinis
956 1069 970 1101 ,7
994 1069 1133 1099 Stilicho
1151 1069 1260 1098 trilmit
1278 1068 1335 1098 sibi
1356 1068 1467 1099 Orbem
1483 1070 1583 1108 dupli-

122 1122 199 1151 cem,
215 1117 243 1143 et
266 1115 414 1144 neminem
438 1115 560 1154 patitur
576 1123 638 1143 esse
659 1123 765 1152 patrem
784 1113 861 1142 sibi.
911 1111 995 1142 l’etit
1009 1111 1111 1141 omnia
1126 1111 1235 1149 subjici
1249 1111 1326 1141 sibi:
1349 1111 1500 1147 gubernat
1519 1112 1582 1142 lta-

124 1155 210 1196 liam,
224 1160 253 1187 εἰ
269 1157 411 1197 reprimit
435 1157 566 1196 Libyam
577 1167 586 1185 .·
609 1156 740 1195 imperat
761 1155 923 1195 Hispanis,
938 1157 966 1184 et
987 1154 1101 1184 Gallis.
1149 1154 1218 1184 Non
1235 1154 1282 1184 ria
1299 1154 1380 1184 Solis
1394 1154 1584 1184 circumscri-

740 1246 972 1258 eeeeeeeeeeee

126 1318 287 1349 Stiliconis
303 1317 382 1348 Vat.
400 1318 576 1347 seo—147
600 1316 728 1346 erasisse
745 1314 873 1344 Incert.
892 1312 1010 1343 Heins.
1036 1313 1134 1343 minas
1151 1312 1230 1342 Vat.
1251 1321 1302 1351 pr.
1319 1315 1389 1342 vet.
1407 1311 1491 1352 Gyr.
1505 1313 1585 1343 Yat.

127 1361 235 1391 Livin.
253 1361 338 1390 Exc.
356 1360 498 1389 Lucens.
512 1368 580 1388 sec.
604 1367 711 1387 manus
728 1362 796 1387 tres
812 1356 976 1386 vat.Pa1.
995 1355 1095 1384 Farn.
1117 1356 1320 1385 Rom—148
1336 1354 1415 1384 redit
1435 1355 1487 1384 vel
1504 1356 1587 1385 venit

128 1403 209 1433 Put.
246 1403 332 1441 rigat
351 1401 429 1431 Vat.
447 1410 499 1441 pr.
518 1406 553 1431 et
570 1400 646 1430 Vat.
666 1400 772 1430 Livin.
791 1399 837 1428 ita
854 1398 1000 1429 Gesner.
1034 1397 1110 1436 legit
1136 1397 1258 1427 Petav.
1280 1399 1455 1427 sem—140
1478 1397 1587 1428 volitat

124 1455 202 1484 gens
216 1444 299 1475 ultra
314 1444 450 1475 Tliolos.
467 1443 533 1474 duo
549 1443 739 1473 Van—150
764 1442 849 1472 Nota
879 1440 957 1470 Aul.
982 1440 1079 1471 Juut.
1097 1439 1206 1470 Colin.
1246 1439 1323 1469 Vota
1337 1439 1474 1470 Tholos.
1512 1441 1589 1470 tatis

128 1488 206 1519 Pat.
229 1487 327 1518 tantis
342 1488 462 1517 Petav.
480 1490 561 1517 tert.
581 1484 697 1515 Aiubr.
713 1494 763 1524 pr.
788 1484 878 1523 digni
894 1483 1016 1513 Petav.
1036 1492 1087 1522 pr.
1109 1491 1128 1511 a
1144 1492 1188 1513 m.
1209 1491 1276 1512 sec.
1295 1481 1373 1512 Ald.
1396 1482 1500 1521 dignis
1512 1482 1588 1513 Pal.

129 1531 224 1561 Rott.
242 1531 327 1569 Reg.
343 1530 472 1560 Thuau.
490 1529 621 1559 Bonon.
634 1527 771 1558 Thoios.
790 1527 872 1557 Lov.
891 1530 926 1556 et
938 1525 1062 1556 Petav.
1080 1534 1148 1555 sec.
1165 1535 1184 1555 a
1200 1534 1243 1554 m.
1262 1534 1312 1564 pr.
1329 1524 1395 1554 duo
1410 1525 1504 1555 Med.
1522 1524 1589 1556 duo

131 1572 247 1603 Ambr.
266 1572 408 1603 totidem
434 1572 555 1602 Heius.
579 1571 659 1601 Var.
686 1570 754 1600 LL.
779 1569 832 1599 ed.
858 1568 962 1599 Autv.
1001 1568 1099 1598 tantis
1114 1567 1167 1597 vel
1184 1567 1290 1606 dignis
1306 1566 1404 1597 Rott.
1423 1577 1441 1596 a
1458 1577 1501 1598 m.
1519 1576 1589 1598 sec.

131 1615 244 1646 Oxon.
274 1625 325 1654 pr.
352 1614 445 1645 Leid.
474 1624 523 1654 pr.
550 1614 633 1644 Exc.
663 1613 760 1644 Laeti.
794 1611 884 1651 digni
899 1611 1059 1651 capiendis
1073 1610 1127 1640 vel
1143 1612 1241 1640 tantis
1255 1609 1395 1649 capiendi
1413 1610 1495 1640 Exc.
1511 1609 1589 1641 Par.

129 1668 197 1690 rec.
216 1658 377 1689 Heinsius
406 1662 499 1687 recte
525 1661 719 1694 notaverat,
742 1653 779 1685 τὸ
803 1654 908 1693 dignis
929 1658 1044 1684 uatum
1069 1662 1140 1683 esse
1154 1662 1207 1692 ³ex
1224 1662 1307 1682 voce
1329 1652 1429 1690 signis
1445 1652 1476 1682 in
1495 1661 1592 1682 versu

129 1710 196 1742 seq.
219 1701 372 1731 credimur
390 1700 469 1730 Put.
488 1700 610 1730 Petav.
628 1709 680 1739 pr.
705 1697 860 1728 tradimur
877 1697 929 1727 vel
942 1697 1096 1727 credimur
1114 1696 1200 1736 Reg.
1221 1695 1332 1725 Oxou.
1350 1697 1507 1734 pr.—151
1525 1705 1592 1725 nos·

130 1748 214 1774 trum
228 1743 356 1774 Tluum.
387 1743 523 1783 petimur
539 1742 657 1773 Ambr.
674 1743 834 1782 pr.—152
862 1739 963 1770 Tanta
987 1739 1060 1769 sitis
1075 1739 1160 1769 Prie.
1196 1737 1306 1768 Stilico
1327 1737 1422 1768 Med.
1445 1747 1511 1768 sec.
1538 1738 1593 1768 ed.

132 1786 249 1817 Parm.
273 1785 405 1817 Stilicon
421 1785 479 1816 sibi
497 1786 581 1816 Exc.
600 1784 699 1815 Laeti.
723 1783 789 1814 coeli
804 1782 864 1813 sibi
880 1783 958 1812 Vat.
970 1792 1039 1812 sec.
1056 1782 1155 1812 Farn.
1170 1782 1253 1812 Lov.
1267 1781 1395 1811 Moret.
1413 1790 1480 1811 sec.
1495 1780 1591 1810 Leid.

133 1839 184 1869 pr.
203 1828 268 1860 duo
286 1829 399 1860 Oxou.
416 1829 500 1859 Exc.
524 1827 609 1859 Cod.
627 1827 745 1857 Rhem.
763 1831 797 1856 et
814 1826 957 1856 Gevart.
979 1825 1062 1855 Var.
1080 1825 1147 1854 LL.
1166 1824 1221 1854 ed.
1239 1822 1343 1853 Antv.
1362 1827 1396 1852 et
1420 1822 1497 1853 Ald.
1542 1824 1593 1852 sed

131 1872 199 1902 coeli
215 1872 285 1910 jam
300 1872 412 1902 Vicet.
428 1876 464 1901 et
480 1880 586 1909 marg.
604 1869 728 1910 Isiugr.
765 1868 906 1899 vendicat
923 1866 1021 1898 ambo
1044 1867 1280 1897 Moret.—l53
1304 1865 1400 1903 poscit
1425 1865 1479 1895 vel
1495 1866 1593 1894 credit

133 1914 230 1945 Rott.
259 1914 353 1955 [NB.
379 1914 477 1944 deest
503 1913 555 1944 hic
587 1921 700 1943 versus
729 1911 762 1942 in
788 1911 902 1941 Vicet.
932 1908 1218 1948 editione.]—154
1242 1907 1431 1947 Libyamque
1449 1912 1593 1947 quatuor

134 1957 214 1987 Vat.
232 1957 307 1987 Pal.
328 1957 425 1987 Farn.
441 1956 534 1987 Prie.
551 1956 636 1986 Exc.
651 1955 750 1985 Laeti.
787 1953 975 1993 Libyemqne
1000 1952 1110 1982 Oisel.
1128 1952 1256 1992 Muzar.
1276 1950 1372 1980 Leid.
1399 1959 1450 1988 pr.
1475 1948 1590 1979 Oxou.

138 2008 189 2038 pr.
218 2003 253 2030 et
281 1998 398 2030 Ambr.
425 1998 508 2029 Lov.
529 1998 654 2028 Petav.
677 2005 745 2027 sec.
760 1996 840 2026 Var.
867 1995 935 2025 LL.
964 1994 1019 2025 ed.
1035 1993 1140 2024 Antv.
1179 1993 1358 2032 Libyenque
1373 1990 1492 2022 Ambr.
1511 1995 1591 2022 tert.

793 2067 938 2099 NOTAE

185 2152 244 2181 148
267 2149 383 2189 Ligat]
405 2147 613 2187 Constringit
628 2146 748 2187 glacie.
773 2144 843 2174 Alii
940 2146 1002 2173 152
1025 2140 1140 2181 Axem]
1165 2141 1249 2172 Axis
1266 2139 1415 2180 pertinet
1427 2138 1469 2169 ad
1486 2143 1596 2171 rotas:

139 2201 268 2240 legunt,
284 2199 382 2239 rigat,
399 2198 573 2229 uecmale.
898 2192 1102 2224 transfertur
1132 2192 1173 2221 ad
1200 2191 1305 2231 polos,
1330 2190 1448 2230 quibus
1474 2190 1595 2221 coelum

183 2249 311 2291 Tethys]
358 2249 417 2279 Est
446 2248 584 2288 ΤὲῐῐιῨε,
616 2246 780 2287 Τὲιὶι-Ῡῦς,
808 2248 844 2274 et
897 2242 1147 2274 vertidicitur:
1172 2242 1237 2271 imo
1252 2245 1286 2270 et
1306 2241 1441 2280 ponitur
1465 2250 1526 2280 pro
1547 2250 1598 2271 or-

139 2301 267 2339 Thetis,
290 2299 468 2331 Theudcs:
500 2299 574 2329 h‘aec
605 2297 754 2337 nympha
778 2305 846 2326 ma-
898 2294 940 2324 be
957 2298 992 2323 et
1009 2291 1168 2332 regione:
1186 2291 1238 2321 hic
1253 2291 1396 2329 gemimus·
1409 2291 1480 2320 axis
1495 2291 1597 2330 signi·

142 2351 213 2382 rina
226 2355 334 2382 mater
348 2350 491 2381 Achillis
506 2359 514 2385 ;
538 2349 596 2378 ina
614 2352 722 2378 mater
737 2347 844 2386 Nym·
898 2342 979 2374 fleat
993 2347 1175 2383 utrumque
1190 2341 1318 2377 orbem,
1343 2346 1522 2380 utrumque
1533 2340 1600 2371 Im-

144 2402 285 2442 pharum
300 2400 416 2436 maris,
443 2408 503 2429 seu
529 2396 728 2428 Nereidum.
774 2394 843 2426 Hic
898 2394 1029 2434 perium
1047 2393 1201 2424 Orientis
1216 2397 1251 2422 et
1268 2390 1484 2422 Occidentis.

143 2451 286 2483 sumitur
300 2460 360 2491 pro
377 2450 471 2480 mari.
942 2447 1001 2475 155
1032 2443 1190 2483 Gallisque
1204 2442 1309 2482 jubet]
1332 2440 1432 2480 Apud
1461 2441 1598 2472 Cicero-

188 2504 250 2534 149
277 2501 411 2541 Volant]
447 2501 622 2540 vagatum
657 2497 779 2529 alludit
803 2496 844 2528 ad
899 2495 1110 2527 nemetalios
1124 2495 1194 2534 ejus
1208 2490 1599 2522 saeculiauctoresdubeo

143 2553 381 2584 Britannorum
410 2551 514 2582 vitam
530 2557 649 2590 vagam
668 2552 705 2580 et
727 2547 845 2580 errati-
899 2557 966 2578 non
989 2547 1148 2587 jungitur
1180 2554 1255 2574 cum
1286 2542 1400 2572 ‹htivo
1431 2541 1488 2571 sed
1521 2550 1597 2572 cum

145 2611 232 2634 cam.
900 2597 1093 2629 accusativo
1118 2601 1152 2626 et
1180 2593 1366 2629 infinitivo3
1396 2596 1444 2629 ut,
1470 2590 1598 2632 ‘jubeo

190 2654 251 2682 150
274 2653 365 2683 Mota
380 2650 473 2691 mihi]
496 2649 574 2682 Hoc
586 2654 652 2690 est,
665 2652 772 2681 contra
786 2658 846 2679 me.
899 2653 935 2679 te
950 2649 1036 2679 bene
1063 2647 1222 2687 sperare‚’
1245 2646 1311 2674 διε.
1357 2642 1483 2673 Contra
1499 2640 1598 2672 Clau-

148 2702 243 2733 Alias
257 2703 439 2744 significat,
449 2713 507 2744 pro
522 2713 580 2735 me.
616 2703 678 2744 Ut,
693 2702 752 2733 tihi
765 2701 846 2733 mili·
900 2698 1019 2729 dianus
1037 2698 1071 2728 in
1088 2696 1150 2726 hoc
1166 2695 1254 2732 loco,
1280 2697 1315 2723 et
1340 2690 1516 2722 Cornelius
1531 2690 1598 2720 Ta-

147 2755 196 2783 tut
211 2752 321 2794 oether,
335 2753 370 2784 id
386 2757 453 2794 est,
465 2763 523 2794 pro
537 2756 580 2785 te.
900 2749 988 2781 citus
1016 2748 1106 2779 Ann.
1133 2744 1191 2777 lib.
1215 2751 1298 2774 vul.
1326 2741 1335 2758 ‘
1353 2741 1474 2783 quibus
1490 2740 1600 2781 jusse-
