1852 3193
218 210 302 252 170
723 221 799 252 cn.

832 219 1113 251 CLAUDIAM
1149 218 1190 246 V.

215 317 447 370 frangebat
468 317 695 359 Macetum
715 317 840 366 fines,
863 327 1104 367 murosque
1130 313 1325 363 subibat,

217 385 565 435 Thessalonica,
588 391 702 425 tuos.

764 385 908 424 Sensu
934 383 1056 423 dolor
1078 381 1218 422 haeret
1238 383 1283 422 in
1306 382 1397 423 alto

1594 380 1679 421 280

221 451 433 502 Abditas,
458 457 500 493 ct
522 455 681 493 tacitas
704 451 911 491 vindictae
935 450 1165 503 praestrui't
1185 451 1272 491 iras
1291 463 1300 491 :

221 520 547 573 Spectatorque
569 521 720 560 favens
744 519 863 559 odiis
885 519 1026 567 locus,
1060 523 1252 571 aptaque
1273 518 1364 558 leto

220 587 445 641 Tempora
463 603 471 629 :
504 602 584 628 nec
608 589 843 641 quisquam
865 592 989 627 tanta
1011 586 1064 627 de
1087 586 1214 639 plebe
1236 590 1452 639 repertus,

223 655 436 695 Proderet
458 656 648 696 incautis
671 656 747 707 qui
769 654 905 694 corda
931 654 1145 693 minantia
1167 654 1328 693 verbis.

224 722 342 772 Quae
366 737 456 763 non
477 723 735 777 posteritas,
760 735 860 775 quae
883 734 970 762 non
991 721 1220 761 mirabitur
1241 725 1351 761 actas
1599 718 1685 760 285

223 791 356 832 Tanti
379 791 614 832 consilium
634 790 754 842 vulgi
777 791 985 843 potuisse
1006 790 1157 838 taceri,

224 857 317 899 Aut
336 859 510 899 facinus
532 864 622 899 tam
643 859 803 912 grande
824 859 911 911 tegi
929 859 947 898 ‘l
980 857 1230 910 mentisque
1249 856 1443 897 calorem

223 957 335 988 debant
351 957 392 987 ad
409 960 464 987 tua
480 956 603 995 moenia,
620 966 639 986 0
660 956 883 987 Thessalonica.
915 956 1059 986 Tristitia
1080 965 1184 994 pressa
1202 955 1234 984 111
1247 955 1336 984 corde
1347 953 1502 993 profundo
1518 953 1618 995 ¹infixa
1633 956 1690 993 est,

222 1010 258 1029 cxc
282 1003 439 1038 proeparat
463 1000 574 1028 niciam·
599 999 846 1036 indignationem
871 1000 1022 1028 silentem.
1067 998 1167 1027 Locus
1190 1000 1377 1035 opportunus
1403 996 1470 1025 odio
1497 996 1689 1027 exercendo

223 1045 416 1081 expectatur,
442 1044 470 1070 et
488 1044 606 1079 tempus
621 1042 810 1070 commodum
838 1041 930 1070 morti
955 1041 1136 1077 inferendae.
1184 1039 1292 1076 Neque
1316 1039 1396 1066 ullus
1418 1039 1559 1067 inventus
1581 1042 1625 1069 est
1656 1039 1692 1070 in

223 1083 468 1120 tuntajnvenum
484 1083 595 1120 turba,
613 1082 665 1120 qui
681 1082 859 1119 divulgaret
876 1091 1028 1111 sermones
1044 1083 1178 1110 minaces
1203 1080 1297 1109 dictis
1322 1079 1580 1118 imprudentibus.
1628 1081 1692 1115 Qui

222 1135 283 1155 non
321 1126 530 1163 obstupescent
563 1123 692 1163 posteri,
722 1133 788 1162 quae
811 1133 871 1152 non
894 1124 1020 1160 soecnlu,
1042 1123 1202 1152 consiliam
1228 1125 1326 1152 ttzntoe
1357 1122 1569 1153 multitudinis
1594 1123 1694 1163 sileri,

223 1170 277 1197 «1ιὶ
286 1166 411 1204 fac-enin
423 1169 490 1196 tam
505 1175 652 1205 magnum
667 1166 815 1196 occultari
824 1163 987 1206 poluisse?
1011 1169 1041 1196 et
1051 1165 1209 1204 fervorem
1225 1165 1324 1195 animi
1351 1175 1409 1195 non
1418 1164 1534 1204 frangi
1548 1166 1692 1206 colloquio

837 1248 1072 1259 eeeeeeeeeeee

225 1304 310 1336 Lov.
328 1313 373 1335 m.
390 1314 443 1345 pr.
483 1303 659 1335 Haemom‘z's
676 1304 755 1334 Vat.
772 1313 823 1344 pr.
861 1305 1019 1342 digressus
1046 1305 1131 1336 Exc.
1148 1305 1293 1336 Lucens.
1320 1315 1370 1345 pr.
1403 1315 1584 1346 progressus
1605 1307 1693 1339 Exc.

225 1348 306 1379 Pat.
321 1357 389 1377 rec.
407 1347 462 1377 ed.
480 1347 597 1377 Parm.
616 1351 652 1377 et
670 1347 784 1377 Vicet.
824 1347 909 1376 meis
921 1347 987 1377 (luo
1003 1347 1083 1377 Vat.
1101 1348 1219 1378 Petav.
1238 1351 1401 1388 pin—‘279
1426 1350 1592 1380 Mac-edum
1624 1354 1694 1380 tres

225 1391 307 1421 Vat.
325 1390 401 1420 Pal.
421 1390 520 1420 Farn.
536 1389 629 1420 Pric.
656 1390 752 1420 Rott.
774 1388 885 1420 Oisel.
927 1390 1087 1420 Macetum
1110 1390 1175 1420 duo
1192 1391 1274 1421 Vat.
1305 1392 1377 1422 Pal.
1407 1391 1501 1422 Med.
1532 1401 1583 1432 pr.
1608 1402 1693 1423 unus

227 1432 348 1463 Heins.
373 1432 452 1463 Vat.
471 1432 579 1462 Livin.
599 1432 683 1462 Exc.
704 1433 849 1462 Lucens.
868 1441 936 1462 sec.
972 1435 1074 1462 terras
1098 1443 1158 1473 pro
1171 1433 1258 1474 fines
1280 1434 1359 1464 Pat.
1376 1435 1456 1465 Vat.
1479 1444 1546 1465 sec.
1572 1445 1617 1466 111.
1644 1444 1695 1475 pr.

226 1478 334 1506 —280
362 1475 578 1506 Thessalieona
605 1475 844 1506 Mazar.—281
884 1475 1020 1505 ambitus
1052 1475 1148 1506 Med.
1178 1485 1227 1516 pr.
1265 1476 1380 1507 tacitus
1406 1477 1538 1507 Thuan.
1560 1478 1695 1508 Tholos.

226 1518 380 1558 prcestz'tit
407 1518 617 1548 Farn.-—282
642 1518 712 1547 odio
740 1518 814 1548 Pal.
841 1518 994 1549 Florem.
1022 1517 1102 1549 Pal.
1129 1519 1214 1549 Lov.
1242 1519 1337 1549 Med.
1367 1529 1420 1560 pr.
1448 1529 1532 1550 unns
1552 1520 1699 1552 Heinsii.

226 1561 332 1592 odium
347 1560 442 1591 Med.
461 1565 572 1600 quart.
587 1560 648 1591 odii
662 1559 740 1590 Ald.
756 1560 866 1591 Colin.
884 1562 944 1591 leto
961 1561 1013 1592 vel
1025 1564 1094 1591 voto
1109 1562 1187 1592 vat.
1206 1562 1421 1602 quint—283
1435 1572 1492 1593 neu
1510 1563 1603 1593 Med.
1615 1568 1696 1595 tert.

228 1612 283 1633 nec
299 1603 378 1634 Vat.
396 1603 509 1633 Livin.
545 1603 704 1643 quisquam
720 1606 762 1633 est
781 1604 862 1634 Vat.
881 1608 964 1634 tert.
982 1604 1077 1634 Med.
1097 1609 1208 1644 quart.
1244 1606 1281 1635 cle
1297 1608 1386 1635 tanta
1403 1606 1483 1636 Vat.
1500 1610 1582 1636 tert.
1602 1606 1695 1637 Prie.

228 1645 360 1676 Moret.
377 1655 445 1676 sec.
483 1647 521 1676 de
548 1649 637 1676 tanta
663 1649 707 1676 est
725 1647 850 1676 Moret.
884 1656 936 1686 pr.
971 1647 1060 1686 plebe
1090 1652 1234 1687 quatuor
1251 1648 1332 1677 Vat.
1365 1648 1441 1678 Pal.
1468 1648 1567 1678 Fam.
1595 1648 1696 1680 Rott.

229 1687 338 1719 Oisel.
373 1688 452 1728 pube
469 1694 538 1719 vet.
558 1689 642 1729 Gyr.
659 1689 739 1720 Vat.
759 1689 868 1719 Livin.
884 1690 967 1720 Exc.
986 1690 1129 1720 Lucens.
1147 1699 1213 1720 sec.
1239 1689 1329 1730 quod
1355 1690 1538 1730 probatum
1562 1690 1698 1722 videtur

228 1730 385 1768 Heinsio,
402 1731 459 1772 qui
487 1732 694 1772 ascripserat
720 1732 833 1762 locum
864 1732 905 1762 de
931 1732 1010 1762 bell.
1029 1732 1124 1763 Gild.
1149 1742 1199 1763 vs.
1216 1734 1291 1762 416.
1317 1733 1367 1763 ita
1393 1733 1539 1764 Gesner.
1558 1734 1698 1774 Bipont.

223 1772 304 1812 pube
331 1774 386 1804 vel
414 1773 501 1813 plebe
532 1774 615 1805 Pur.
653 1775 772 1805 locutus
798 1784 859 1814 pro
884 1778 1025 1814 repertus
1053 1775 1271 1806 Oisel.—·284
1302 1776 1443 1815 proderit
1473 1776 1539 1806 dud
1564 1777 1694 1808 Mon-et.

227 1814 362 1846 Thoan.
380 1817 499 1847 Ambr.
524 1826 592 1847 sec.
619 1817 740 1848 incert.
772 1818 892 1847 Heius.
917 1817 973 1847 ed.
996 1818 1112 1848 Yicet.
1148 1818 1282 1848 minacia
1310 1818 1404 1849 Pric.
1433 1819 1511 1850 Pat.
1550 1821 1699 1850 micantia

228 1858 309 1889 Vat.
326 1867 377 1899 pr.
395 1869 439 1890 111.
458 1862 621 1900 pr.—286
644 1859 823 1890 conscilium
840 1860 942 1890 Farn.
976 1860 1097 1891 consilii
1116 1860 1212 1892 Med.
1236 1864 1396 1901 piu—287
1432 1863 1597 1903 mortisque
1621 1862 1699 1894 cod.

888 1933 1029 1967 NOTAE

228 1999 272 2029 ab
289 1998 430 2029 AEmone
447 1998 670 2029 Deucalionis
686 1998 769 2039 filio,
794 1999 939 2030 sumitur

238 2058 293 2087 >ro
309 2048 482 2078 Thessalia
499 2048 644 2079 Graeciae
661 2049 810 2088 regione.
835 2049 939 2080 Ovid.

235 2099 406 2129 ‘AEmonis
438 2099 592 2129 AEmonio
626 2099 811 2130 Laodamia
844 2100 940 2141 viro‚'

229 2146 263 2179 id
278 2151 344 2187 est,
361 2148 552 2178 Protesilao
566 2149 727 2179 Thessalo
744 2150 903 2190 principi.

272 2200 338 2228 279
366 2198 541 2236 stlat-etum]
589 2199 740 2229 'Macetia
762 2204 798 2229 et
823 2200 938 2230 Mace-

231 2246 336 2278 donia
352 2252 429 2277 sunt
447 2256 548 2276 unum
573 2252 609 2277 et
633 2248 737 2287 idem,
756 2249 808 2279 vel
824 2249 940 2279 Mace·

231 2298 282 2329 tia
299 2303 352 2329 est
369 2307 448 2338 pars
468 2298 691 2330 Macedoniae.

274 2352 337 2380 280
377 2348 608 2390 Thessalonica]
656 2349 746 2380 Urbs
778 2351 940 2391 primaria

233 2399 464 2439 Macedoniae,
482 2401 580 2440 vulgo
597 2400 766 2441 Salonichi,
788 2401 822 2433 S.
841 2389 958 2433 Pauli!

233 2451 391 2492 epistolis
409 2454 640 2482 cohonestata.
679 2452 719 2482 In
735 2452 811 2491 hac,
827 2453 939 2483 Rufini

235 2501 382 2533 crudelis
411 2502 632 2541 instigatione
649 2501 871 2540 Theodosius,
896 2504 938 2534 ob

239 2552 457 2592 magistratus
475 2553 619 2583 violatos
647 2553 696 2583 ira
718 2553 939 2593 1101011118,οἰ-

241 2602 327 2633 vium
352 2607 503 2643 stragem
528 2602 646 2634 edidit.
692 2603 781 2634 Hinc
802 2605 843 2636 ab
861 2605 940 2635 Am-

247 2653 349 2684 )rosio
388 2653 576 2685 Mediolani
613 2654 783 2693 Praesule,
821 2657 940 2696 templi

239 2703 333 2735 aditu
361 2704 564 2745 prohibitus,
599 2714 663 2736 nec
693 2705 858 2737 admissus
888 2711 942 2738 est

240 2754 343 2797 priuS,
364 2765 465 2797 quam
491 2759 527 2787 et
552 2756 789 2797 poenitentiam
819 2758 943 2798 egerit,

995 2003 1030 2030 et
1054 2000 1132 2039 lege
1160 1999 1305 2038 caverit,
1327 2002 1365 2029 ut
1382 1998 1546 2038 capitales
1564 2002 1698 2031 senten-

996 2050 1054 2081 tiae
1072 2056 1152 2081 ante
1178 2050 1388 2090 trigesimum
1407 2050 1495 2080 diem
1523 2055 1606 2081 ratae
1633 2060 1702 2082 non

994 2101 1215 2132 haberentur.
1275 2100 1349 2131 Lex
1384 2105 1506 2140 postea
1543 2101 1701 2132 salutaris

995 2150 1201 2181 Antiochiae.
1244 2150 1343 2180 Hanc
1360 2151 1458 2188 enini,
1474 2150 1517 2181 ob
1531 2154 1699 2190 raptatam

994 2201 1029 2230 in
1060 2200 1229 2231 seditione
1246 2200 1419 2230 Flaccillae
1438 2200 1602 2240 Augustae
1634 2205 1701 2232 sta-

995 2256 1100 2291 tuam,
1117 2251 1226 2281 everti
1243 2252 1413 2292 jusserat:
1450 2252 1509 2282 sed
1527 2253 1608 2293 legis
1629 2263 1699 2284 suae

993 2310 1087 2331 mora
1104 2301 1269 2340 placatus,
1293 2306 1328 2331 et
1345 2310 1426 2331 voce
1447 2302 1555 2331 sancti
1574 2302 1701 2333 Eremi-

995 2357 1040 2383 tae
1072 2353 1250 2391 monentis,
1287 2362 1329 2383 ne
1370 2357 1511 2392 propter
1548 2353 1700 2385 mulieris

995 2404 1186 2443 imaginem,
1200 2408 1251 2434 tot
1263 2403 1329 2434 Dei
1347 2403 1510 2443 imagines
1524 2403 1701 2445 perderet,

995 2455 1069 2484 urbi
1087 2454 1255 2495 pepercit.

1036 2507 1100 2535 286
1124 2504 1248 2544 Taceri]
1292 2502 1422 2543 Ecquid
1441 2504 1528 2533 enim
1546 2507 1701 2535 remanet

995 2556 1179 2593 occultum,
1197 2555 1288 2596 quod
1315 2554 1357 2585 ad
1374 2553 1531 2585 notitiam
1545 2554 1701 2586 multitu-

996 2607 1082 2636 dinis
1100 2605 1278 2646 pervenit?

1039 2661 1100 2689 287
1137 2658 1315 2697 Mentisque
1341 2657 1472 2688 calorem
1497 2666 1557 2687 non
1583 2655 1702 2698 rumpi]

998 2708 1179 2739 Fervidum
1205 2708 1248 2738 de
1272 2706 1458 2738 occidendo
1475 2705 1597 2738 Rufino
1624 2716 1701 2748 pro-

997 2757 1145 2798 positum
1162 2766 1228 2789 non
1243 2755 1371 2797 violari,
1384 2755 1497 2798 rumpi
1518 2755 1625 2788 etiam
1651 2757 1702 2788 iu·
