1852 3193
188 213 273 255 :364
673 221 745 250 ct„
779 213 1063 248 eLAumANt
1100 213 1185 243 xv.

191 320 295 360 Solo
317 319 450 359 ducta
472 318 594 358 Noto
613 331 621 357 ε
652 326 872 366 nunquam
895 324 1052 352 secura
1070 311 1218 360 futuri,

192 386 372 439 Semper
392 387 534 438 inops,
556 383 763 434 ventique
786 379 916 419 fidem
938 380 1149 431 poscebat
1170 384 1213 418 et
1235 378 1349 418 anni.
1594 374 1650 414 65

194 454 326 494 Hanc
350 465 522 505 quoque
544 462 656 489 nunc
680 447 844 488 Gildon
866 447 1016 499 rapuit
1047 446 1129 486 sub
1152 445 1235 485 fine
1257 443 1451 486 cadentis

196 520 419 561 Autumni.
484 517 653 558 Pavido
675 516 875 556 metimur
896 515 1061 555 coerula
1084 518 1203 562 voto,

197 588 374 640 Puppis
396 589 431 627 si
455 600 541 640 qua
562 586 695 634 venit,
719 584 757 623 si
781 582 884 636 quid
917 582 1096 622 fortasse
1116 580 1286 634 potenti

195 657 280 697 Vel
301 655 440 709 pudor
461 654 644 694 extorsit
665 653 854 701 domino,
879 651 945 691 vel
968 650 1121 704 praedo
1143 650 1329 702 reliquit.

198 724 426 764 Pasoimur
448 723 624 763 arbitrio
648 721 817 761 Mauri:
850 732 930 759 nec
952 719 1103 758 debita
1123 717 1260 766 reddi,
1603 713 1660 754 70

200 792 288 832 Sed
312 805 390 831 sua
413 791 595 832 concedi
611 789 769 843 jactat,
793 787 1043 840 gaudetque
1065 785 1260 834 diurnos,

197 912 378 953 difficultate
395 912 525 951 impulsa
547 921 605 941 nno
622 911 750 949 Austro,
765 919 919 948 nunquam
935 911 1003 938 tuta
1022 917 1082 947 pro
1093 906 1219 943 futuro,
1235 914 1329 944 usque
1342 913 1472 944 pazzper,
1488 906 1518 933 et
1534 901 1665 941 rogabat

191 954 334 992 favorem
349 955 446 991 renti,
459 958 487 984 et
501 955 586 984 unni.
606 954 723 982 Gildon
737 952 851 981 ademit
865 951 950 981 nobis
960 951 1055 980 etiam
1067 950 1143 979 hunc
1153 949 1307 988 Libyam,
1318 947 1372 977 sub
1384 947 1503 977 exitum
1513 945 1666 976 Autumni

189 997 346 1037 finientis.
365 997 604 1035 Prospeclamns
620 995 728 1030 maria,
743 994 896 1024 desiderio
911 993 1033 1029 timido,
1047 992 1074 1021 si
1090 992 1192 1030 aliqua
1208 991 1295 1020 navis
1307 989 1442 1028 advenit,
1453 988 1596 1025 siforsan
1611 991 1664 1018 aut

202 1039 382 1068 verecundia
395 1039 546 1077 expressit
562 1037 679 1076 aliquid
695 1048 712 1066 α
730 1035 1082 1075 ἰμιπηηοίονιηὶάαηάο,
1094 1034 1142 1063 vel
1157 1033 1184 1062 si
1200 1033 1302 1071 prceclo
1315 1032 1419 1061 omisit
1433 1030 1572 1071 aliquid.
1601 1031 1666 1060 Nu-

201 1082 314 1111 trimur
325 1081 366 1110 ad
379 1084 486 1111 nutum
503 1080 624 1118 Ham-i,
635 1082 664 1108 et
681 1079 742 1108 iste
757 1078 913 1116 gloriatur
926 1086 984 1107 non
999 1076 1126 1115 rependi
1140 1075 1245 1105 debita
1257 1073 1441 1113 frumenta,
1454 1074 1506 1103 sed
1518 1082 1572 1103 sua
1583 1072 1668 1113 dari,

817 1175 1054 1186 eeeeeeeeeeee

207 1251 407 1282 Vicet.—65
422 1255 452 1282 et
469 1252 544 1283 anni
562 1252 613 1282 vel
631 1252 662 1282 in
678 1262 793 1283 aunum
805 1252 977 1291 Reg.—66
990 1252 1064 1281 dum
1079 1260 1140 1290 pro
1156 1249 1365 1280 nuncPetav.
1379 1257 1446 1278 sec.
1457 1247 1572 1277 Gildon
1584 1246 1678 1280 Exc.

208 1294 309 1324 Laeti.
340 1294 437 1324 Gildo
469 1305 584 1325 omnes
601 1295 696 1326 Vatt.
725 1295 796 1326 Pal.
828 1296 926 1326 Farn.
952 1294 1053 1324 tenuit
1080 1293 1156 1324 Pal.
1177 1292 1270 1323 Med.
1298 1301 1349 1332 pr.
1377 1291 1445 1321 inc.
1467 1289 1586 1321 Heius.
1612 1289 1672 1322 lib.

208 1337 330 1368 Barth.
354 1338 486 1368 tacentis
504 1337 624 1367 Ambr.
656 1348 723 1368 sec.
742 1339 884 1368 cudentes
904 1337 957 1367 vel
972 1337 1108 1376 potentis
1126 1337 1294 1367 Low—67
1319 1334 1448 1365 metitur
1476 1332 1580 1364 Oisel.
1595 1332 1674 1364 Par.

209 1379 293 1410 Put.
325 1389 369 1409 m.
388 1389 438 1418 pr.
464 1381 559 1411 Leid.
578 1391 626 1420 pr.
646 1381 759 1411 Oxou.
777 1390 842 1411 sec.
861 1380 1022 1411 Pulman.
1041 1379 1161 1410 Ambr.
1192 1382 1274 1409 tert.
1302 1378 1387 1408 Exc.
1416 1376 1556 1406 Gevart.
1580 1378 1674 1415 ponto

210 1422 427 1452 Mazar.—68
445 1422 551 1462 Siqua
568 1424 651 1453 venit
665 1423 774 1454 Oxou.
792 1433 842 1463 pr.
861 1424 939 1464 quod
958 1422 1070 1453 oxon.
1087 1432 1154 1453 sec.
1168 1424 1278 1461 parato
1292 1421 1470 1451 Pric.-69
1482 1419 1588 1458 proedo
1600 1417 1678 1448 Pal.

212 1464 308 1496 Med.
323 1474 373 1504 pr.
391 1475 475 1495 nnus
493 1466 611 1496 Heins.
631 1467 712 1503 Rea.
728 1467 857 1497 Thuan.
880 1467 963 1497 Lov.
977 1465 1113 1496 Tlrolos.
1129 1465 1241 1495 Oxou.
1258 1474 1309 1504 pr.
1324 1462 1404 1493 Ald.
1426 1462 1537 1502 proeda
1553 1470 1676 1491 novem

211 1507 278 1537 alii.
302 1508 408 1546 proeclo
427 1509 478 1538 vel
507 1510 614 1547 praeda
643 1509 736 1540 Med.
769 1519 820 1549 pr.
850 1510 935 1540 Exc.
962 1509 1043 1539 Pat.
1064 1517 1132 1540 rec.
1150 1507 1312 1538 Heinsius
1330 1505 1538 1544 ascripserat
1565 1504 1677 1534 locum

210 1550 381 1588 Spartian.
414 1551 446 1580 in
477 1551 602 1582 Severo
635 1562 713 1592 pag.
743 1555 795 1582 71.
824 1553 833 1569 ‘
851 1557 972 1592 postea
990 1551 1232 1582 invadentibus
1263 1548 1377 1580 multis
1409 1546 1679 1587 Rempublicam‚

212 1602 265 1622 res
282 1592 434 1623 Romana
460 1594 678 1632 praedonibus
704 1595 853 1634 direptui
881 1594 1054 1625 fnit.’—70
1078 1603 1137 1624 mm
1152 1593 1256 1624 debita
1271 1592 1408 1623 Thuan.
1433 1589 1512 1621 Ald.
1528 1599 1583 1620 nec
1597 1589 1678 1619 Vat.

212 1634 327 1665 Livin.
343 1636 433 1665 reddi*
447 1636 527 1666 Vat.
544 1645 610 1666 sec.
629 1637 730 1667 reddit
747 1642 825 1667 octo
842 1636 912 1675 alii,
926 1637 1007 1667 Var.
1021 1637 1088 1667 LL.
1106 1636 1161 1666 ed.
1179 1636 1371 1666 Antv.—7l
1393 1632 1679 1673 gaudetjactatque

878 1732 1022 1764 NOTAE

257 1809 298 1837 64
322 1806 394 1837 Solo
409 1808 502 1836 ductu
522 1807 618 1846 Noto]
658 1808 735 1838 Non
754 1807 843 1847 quod
866 1807 920 1837 Li-

151 1888 157 1897 ·
214 1856 282 1896 bya
306 1856 347 1886 ad
384 1866 441 1886 nos
472 1856 598 1887 Austro
626 1857 827 1895 adducatur,
861 1857 922 1888 sed

216 1906 423 1936 frumentum
468 1906 501 1936 in
549 1906 656 1947 Libya
709 1911 922 1938 contentum.

218 1957 345 1988 Auster
376 1958 447 1988 sive
479 1957 602 1995 Notus,
629 1962 750 1988 ventus
776 1958 924 1999 pluvium

219 2007 276 2038 sed
305 2008 338 2038 in
370 2007 489 2039 Africa
515 2018 668 2047 serenus,
696 2008 791 2039 favet
814 2010 926 2040 nautis

219 2067 260 2088 ex
280 2057 401 2088 Africa
417 2059 449 2088 in
468 2058 605 2089 Italiam
623 2060 851 2092 venientibus,

264 2109 431 2148 Nunquam
450 2119 557 2139 secura
575 2110 696 2151 ficturz']
721 2111 850 2151 Libyca
874 2121 930 2141 an-

223 2170 311 2191 nona
323 2170 493 2200 nunquam
508 2161 589 2190 satis
604 2165 678 2191 tuta
693 2171 730 2191 ac
748 2167 843 2192 certa
856 2166 930 2192 erat

224 2211 333 2250 nobis,
349 2220 410 2250 pro
427 2209 541 2240 futuro
559 2215 725 2250 tempore,
752 2212 794 2242 ob
822 2212 931 2243 incer-

222 2267 292 2292 tam
332 2260 410 2290 anni
437 2260 625 2300 Libyaeque
652 2261 797 2291 sitientis
821 2272 929 2302 spem,

223 2315 456 2352 incertamque
499 2311 772 2351 navigationem:
813 2312 929 2353 sicque

224 2366 262 2392 ut
277 2361 516 2398 adveheretur,
531 2361 732 2401 optabamus
751 2366 788 2392 ut
813 2372 932 2403 annus,

226 2421 284 2442 seu
317 2417 501 2452 proventus
533 2412 651 2452 Libyae
684 2422 812 2443 annuus
843 2419 933 2445 esset

226 2462 325 2501 fidus,
343 2467 378 2492 et
392 2462 479 2492 bene
495 2463 721 2503 responderet
739 2464 826 2494 votis
845 2465 933 2504 agri-

225 2514 334 2552 colae;
364 2514 565 2553 optabamus
596 2514 711 2554 etiam,
742 2519 779 2545 ut
813 2521 933 2546 ventus

226 2564 356 2596 Auster
382 2564 514 2596 faveret
541 2565 709 2596 fideliter:
744 2575 820 2596 nam
852 2566 932 2597 alio-

230 2616 311 2657 quin
342 2617 481 2646 Romam
501 2616 621 2647 advehi
652 2626 718 2647 non
746 2621 862 2657 posset
877 2627 934 2648 au-

229 2675 315 2697 nnus
332 2666 388 2696 ille
407 2672 604 2705 proventus

273 2718 314 2746 67
339 2716 509 2757 llIetz'mur]
536 2717 802 2757 Prospectamus
829 2717 936 2749 maria

231 2765 347 2806 ocum,
370 2770 408 2797 ut
434 2766 544 2798 solent
561 2766 768 2800 frumentum
798 2768 938 2800 alimen-

977 1811 1116 1847 tumque
1128 1809 1366 1846 expectantes,
1383 1804 1443 1835 sed
1461 1803 1578 1835 timido
1591 1808 1682 1844 voto,

976 1865 1035 1886 seu
1053 1855 1243 1886 desiderio:
1269 1855 1396 1894 saepius
1421 1854 1509 1884 enim
1526 1853 1684 1894 despera-

977 1917 1065 1945 mus,
1089 1916 1149 1937 seu
1172 1906 1344 1944 metimur,
1360 1905 1394 1935 id
1411 1909 1475 1943 est,
1491 1909 1684 1944 spectamus

979 1966 1080 1997 quam
1096 1956 1198 1995 longo
1226 1956 1312 1986 mari
1340 1954 1525 1995 interjecto
1542 1953 1648 1985 distet
1666 1963 1686 1985 a

981 2007 1079 2038 nobis
1096 2005 1318 2037 frumentum.

1027 2058 1165 2097 Coerula]
1188 2057 1300 2088 Maria
1327 2056 1375 2087 sic
1403 2055 1494 2087 dicta
1525 2064 1544 2086 a
1573 2053 1687 2086 colore

983 2109 1144 2139 coeruleo.

1026 2162 1068 2190 69
1097 2160 1148 2190 Vel
1161 2156 1276 2199 pudor]
1300 2158 1335 2189 Si
1353 2157 1464 2198 pudor
1478 2156 1603 2198 aliquid
1619 2155 1688 2187 fru-

983 2209 1089 2241 menti
1121 2209 1269 2240 extorsit
1315 2218 1334 2239 a
1361 2208 1509 2239 Gildone
1542 2212 1688 2248 tyranno

984 2264 1139 2301 potente.

1033 2313 1089 2343 Vel
1112 2311 1232 2351 praedo]
1269 2309 1305 2341 Si
1321 2309 1437 2349 Gildo,
1462 2308 1519 2350 qni
1536 2306 1690 2339 Africam

987 2362 1162 2403 praedatus
1179 2366 1243 2400 est,
1263 2361 1410 2401 aliquam
1433 2364 1534 2391 terrae
1559 2362 1690 2399 partem
1713 2382 1715 2384 .

987 2413 1137 2453 reliquit,
1152 2421 1250 2452 quam
1269 2420 1335 2441 non
1352 2410 1396 2440 sit
1412 2408 1654 2449 depopulatus.

1031 2466 1072 2493 70
1090 2461 1215 2500 Mauri]
1238 2460 1407 2498 Gildonis,
1421 2459 1476 2499 qui
1493 2458 1691 2488 interlorem

989 2512 1118 2544 Africa).
1139 2516 1284 2552 partem,
1300 2510 1357 2540 ubi
1374 2509 1489 2540 Mauri
1505 2512 1596 2549 sunt,
1612 2507 1694 2539 diri-

989 2562 1076 2603 puit.

1033 2612 1100 2642 Nec
1115 2610 1235 2650 debita]
1260 2610 1439 2641 Gloriatur
1461 2618 1496 2639 se
1524 2618 1590 2639 non
1617 2608 1693 2640 red-

990 2663 1071 2693 dere
1100 2661 1284 2700 frumenta,
1301 2671 1377 2702 qnae
1403 2660 1546 2691 deberet
1572 2659 1692 2690 Romae

991 2723 1102 2745 rerum
1119 2713 1276 2752 dominae,
1305 2712 1364 2743 sed
1381 2712 1462 2743 dare
1485 2715 1523 2742 ut
1546 2710 1694 2748 famulas,

991 2774 1066 2807 quae
1084 2773 1142 2795 sua
1159 2767 1248 2794 sunt.

1824 111 1836 130 ,υ
1823 97 1835 102 ·.
1811 0 1841 83 ,ιίῄῖ
