1852 3193
220 188 304 229 363
688 196 764 225 cn.
797 191 1078 224 GLAumANi
1115 190 1200 220 XV.

222 294 304 335 llle
326 293 400 334 diu
422 294 548 334 miles
569 291 773 345 populus,
797 288 870 340 qui
891 286 1071 339 praesuit
1091 286 1200 335 orbi,

223 361 313 411 Qui
336 362 510 402 trabeas
531 365 573 401 et
594 361 764 410 sceptra
785 356 934 404 dabat,
956 367 1086 407 quem
1109 366 1284 406 semper
1304 353 1347 392 in
1367 352 1498 392 armis

223 429 493 469 Horribilem
512 429 675 478 gentes,
700 424 923 477 placidum
946 434 1120 462 sensere
1142 423 1357 461 suhactae.

224 495 355 536 Nunc
377 495 624 541 inhonorus,
649 504 795 543 egens,
816 490 979 543 perfert
996 488 1251 529 miserabile
1273 488 1398 541 pacis

226 563 519 615 Supplicium,
541 560 753 612 nulloque
780 557 928 611 palam
950 555 1247 597 circumdatus
1268 556 1408 603 hoste,
1603 553 1686 593 100

227 629 389 670 Obessi
411 629 645 668 discrimen
667 627 813 667 habet.
874 625 961 666 Per
985 624 1158 677 singula
1176 623 1310 663 letum

228 696 459 749 Impendet
479 698 701 735 momenta
720 694 840 743 mihi,
862 692 1193 744 dubitandaque
1214 691 1344 744 pauci

229 764 535 805 Praescribunt
557 763 765 803 alimenta
786 761 899 802 dies.
962 760 1070 800 Heu
1093 771 1303 813 prospera
1323 758 1441 799 fata!

230 830 353 881 Quid
373 831 478 871 mihi
501 835 714 883 septenos
737 834 925 877 montes,
949 828 1215 879 turbamque
1239 825 1416 875 dedisti,

230 897 346 948 Quae
368 911 506 952 parvo
525 910 614 937 non
635 901 789 949 posset
811 896 901 936 ali?
935 894 1104 935 felicior
1125 906 1270 933 essem
1607 893 1693 933 105

229 963 443 1017 Augustis
464 965 651 1017 opibus:
683 963 864 1002 mallem
889 962 1078 1002 tolerare
1101 961 1306 1010 Sabinos,

232 1089 293 1121 tor,
316 1084 368 1124 qui
382 1083 546 1123 imperat-it
562 1082 652 1119 Orbi,
675 1082 726 1121 qui
739 1081 869 1112 donabat
894 1082 1083 1112 consulatum
1109 1083 1137 1110 et
1162 1090 1271 1119 regna,
1286 1090 1373 1120 quem
1396 1080 1535 1110 nationes
1559 1083 1695 1119 expertoe

231 1130 303 1157 sunt
319 1126 549 1164 formidabilem
569 1125 600 1154 in
615 1125 702 1158 bello,
718 1125 843 1155 domitoe
859 1126 956 1154 lenem
972 1124 1004 1154 in
1022 1133 1108 1164 pace
1122 1134 1129 1153 :
1155 1123 1211 1154 ille
1228 1124 1386 1163 populus,
1401 1132 1480 1153 minc
1501 1123 1652 1160 inglorius
1665 1126 1696 1152 et

230 1178 359 1210 pauper,
384 1170 506 1208 patitur
531 1177 639 1207 poenus
668 1168 870 1206 deplorandas
895 1167 966 1203 otii,
983 1170 1012 1197 et
1045 1176 1065 1197 a
1090 1167 1172 1196 nullo
1201 1166 1319 1196 cinctus
1344 1165 1430 1196 hoste
1454 1168 1560 1205 aperte
1588 1164 1702 1204 suffert

229 1213 370 1252 pericula
397 1211 572 1241 obsidionis.
620 1210 710 1239 Mors
733 1210 874 1240 imminet
900 1210 978 1240 mihi
1005 1219 1062 1249 per
1077 1213 1229 1240 momenta
1245 1218 1383 1248 quaeque,
1405 1211 1435 1238 et
1459 1217 1579 1238 annona
1605 1207 1699 1238 dubia

232 1255 374 1296 prcefinit
389 1254 470 1284 mihi
488 1254 554 1284 dies
570 1252 711 1291 exiguos.
761 1254 789 1282 O
801 1256 915 1283 sortem
930 1254 1094 1283 secuudum
1108 1252 1122 1283 ,Ι
1146 1261 1252 1291 quare,
1265 1261 1283 1282 o
1299 1251 1453 1291 Jupiter,
1468 1250 1610 1281 tribuisti
1626 1250 1704 1280 mihi

235 1299 327 1328 colles
351 1300 479 1337 septem,
506 1300 535 1327 et
560 1295 804 1335 multitudinem,
820 1306 886 1335 quoe
908 1306 965 1326 nou
990 1298 1092 1336 posset
1114 1295 1230 1325 nutriri
1249 1304 1347 1335 parvo
1365 1294 1576 1325 commeatu?
1591 1291 1698 1330 forem

876 1394 1071 1405 eeeeeeeeee

239 1467 291 1498 pr.
317 1456 454 1489 Mau-ri?
477 1458 628 1489 Florent.
646 1458 775 1489 Mauros
791 1458 913 1489 Petav.
939 1461 1017 1489 tert.
1037 1457 1156 1488 Mauri.
1168 1467 1243 1488 cum
1266 1455 1373 1497 τελείᾳ
1396 1455 1512 1496 στιγμῇ
1527 1454 1631 1485 Gesn.
1648 1452 1705 1484 ed.

238 1501 379 1541 Bipont.
391 1505 427 1531 et
439 1501 667 1541 Koenig.—96
682 1501 801 1542 populis
809 1501 941 1533 Thuan.
957 1502 1083 1531 Moret.
1103 1511 1154 1540 pr.
1165 1499 1393 1540 Voss.profuit
1406 1499 1485 1529 Vat.
1501 1497 1607 1538 quint.
1625 1495 1706 1527 Urbi

238 1544 320 1574 Vat.
335 1548 446 1583 quart.
458 1543 528 1574 urbi
540 1544 593 1574 vel
605 1544 671 1574 orbi
682 1544 776 1574 Med.
790 1547 925 1583 pin—97
935 1547 1055 1584 sceptra
1067 1545 1153 1574 dedit
1163 1542 1330 1574 Ald.—98
1340 1542 1499 1583 placidum
1506 1543 1615 1580 gentes
1622 1539 1705 1569 Vat.

240 1595 309 1616 sec.
326 1586 451 1617 Moret.
467 1595 516 1625 pr.
533 1590 646 1617 coactae
662 1587 757 1617 Med.
773 1591 852 1617 tert.
875 1587 983 1616 solutoe
997 1591 1065 1617 vet.
1081 1587 1166 1625 Gyr.
1190 1589 1303 1617 coactae
1317 1586 1371 1616 vel
1387 1585 1522 1615 subacta>
1537 1583 1705 1613 Put.-99

241 1629 330 1668 inops
341 1638 403 1668 pro
419 1638 512 1666 egens
527 1629 649 1659 Petav.
666 1639 716 1668 pr.
729 1629 858 1668 proefert
876 1629 951 1660 Pal.
966 1629 1059 1659 Prie.
1078 1628 1176 1659 Rott.
1194 1628 1286 1658 Med.
1301 1638 1353 1667 pr.
1368 1629 1451 1658 Lov.
1469 1637 1513 1657 m.
1528 1635 1578 1665 pr.
1591 1625 1706 1655 Oxon.

241 1680 293 1711 pr.
313 1671 393 1701 Put.¹
409 1670 486 1701 Pat.
499 1670 623 1701 Petav.
647 1680 714 1701 sec.
729 1671 859 1701 Tholas.
878 1670 994 1701 Ambr.
1011 1680 1061 1710 pr.
1079 1671 1176 1700 ambo
1193 1669 1396 1709 Moreti,ed.
1412 1668 1623 1700 Parn1.Exc.
1637 1666 1707 1697 Ge-

241 1718 328 1744 vart.
341 1712 461 1753 perfert
471 1713 554 1743 Var.
572 1714 641 1744 LL.
660 1723 677 1743 e
694 1723 799 1753 marg.
817 1713 931 1743 Parm.
947 1713 1032 1752 pacis
1049 1713 1102 1743 vel
1118 1712 1224 1752 paucis
1239 1713 1390 1742 Florent.
1412 1711 1528 1742 Ambr.
1546 1711 1706 1750 pin—100

241 1757 325 1786 nullo
337 1757 441 1795 palam
454 1756 553 1785 Farn.
568 1757 734 1795 miseroque
749 1758 850 1795 palam
864 1756 959 1786 Leid.
975 1765 1026 1795 pr.
1044 1766 1086 1785 m.
1101 1765 1169 1785 sec.
1185 1756 1395 1785 circumdatur
1411 1754 1529 1784 Ambr.
1548 1754 1706 1792 p1·.—101

243 1799 311 1829 adit
335 1798 423 1837 conj.
460 1798 688 1828 Heius—102
728 1798 882 1836 Impendit
907 1799 1035 1828 Thuan.
1059 1798 1153 1827 Leid.
1179 1807 1229 1836 pr.
1253 1797 1380 1827 Mon-et.
1418 1806 1468 1836 pr.
1494 1797 1616 1826 Petav.
1638 1803 1708 1825 see.

244 1851 288 1871 m.
327 1849 394 1870 sec.
420 1840 608 1870 monimenta
632 1841 711 1870 Var.
735 1841 803 1870 LL.
827 1840 882 1869 ed.
909 1840 1012 1870 Antv.
1036 1840 1235 1878 dubitataque
1258 1840 1311 1869 vel
1335 1839 1561 1877 dubitandaque
1583 1839 1716 1877 neg.—

244 1885 305 1913 103
330 1883 403 1913 heus
414 1892 560 1922 prospera
577 1882 657 1913 Vat.
676 1888 784 1923 quart.
800 1883 927 1913 Mazar.
962 1882 1083 1922 perfida
1109 1881 1203 1912 Med.
1223 1887 1302 1912 tert.
1334 1891 1480 1922 prospera
1490 1880 1557 1918 fati
1573 1890 1615 1910 ex
1632 1889 1711 1910 con-

239 1925 379 1965 jectura
395 1925 587 1956 Lov.—-104
610 1925 805 1964 trabeamque
827 1926 913 1964 Reg.
947 1925 1062 1955 dedisci
1088 1925 1182 1955 Leid.
1215 1934 1267 1964 pr.
1292 1934 1367 1954 cum
1398 1924 1521 1963 viginti
1543 1923 1629 1960 aliis,
1653 1921 1708 1953 ed.

245 1968 362 1998 Parm.
390 1972 426 1998 et
446 1968 558 1999 vicet.
595 1968 724 1998 dedistis
738 1969 819 1999 Vat.
838 1973 919 1998 tert.
945 1968 1038 1998 Prie.
1066 1968 1163 1998 Rott.
1188 1978 1232 1997 m.
1258 1976 1325 1997 sec.
1348 1966 1453 1997 Oisel.
1469 1967 1621 1997 Florent.
1644 1964 1712 1995 duo

246 2010 343 2041 Med.
361 2010 427 2041 inc.
444 2010 563 2040 Heins.
580 2011 817 2041 Menan—105
838 2020 934 2050 puero
952 2010 1032 2040 Vat.
1050 2011 1159 2051 quint.
1178 2011 1254 2041 Pal.
1271 2020 1315 2040 m.
1338 2020 1389 2050 pr.
1412 2009 1509 2040 Med.
1531 2019 1580 2048 pr.
1616 2008 1714 2048 possit

249 2053 462 2084 Farn.—106
475 2053 631 2093 Augustis
642 2054 723 2084 Put.
737 2054 824 2094 Reg.
836 2053 1110 2084 'l'huamMazain
1122 2059 1191 2084 tres
1204 2053 1325 2084 Petav.
1340 2054 1485 2083 tolerasse
1495 2051 1603 2083 Oisei.
1619 2049 1716 2081 Med.

916 2139 947 2170 N
954 2139 1054 2170 OTAE

293 2215 334 2244 97
355 2212 504 2252 Trabeas]
529 2213 759 2253 Consulatum,
773 2213 828 2254 qui
846 2213 956 2253 desig·
1011 2213 1116 2244 dubia
1143 2218 1247 2255 atque
1264 2214 1399 2245 incerta
1426 2216 1490 2251 est,
1506 2211 1586 2242 mihi
1604 2210 1716 2252 praefi-

251 2268 351 2295 natur
378 2273 440 2303 per
464 2263 614 2304 trabeas,
637 2274 712 2305 quae
746 2270 823 2294 sunt
841 2271 954 2295 vestes
1011 2264 1085 2295 nire
1105 2274 1144 2295 ac
1172 2264 1398 2304 praescribere
1425 2263 1564 2294 videtur
1590 2271 1716 2302 paucos

256 2314 463 2346 consulares.
1013 2314 1055 2345 ad
1073 2315 1254 2345 vivendum
1272 2315 1355 2345 dies.

296 2367 338 2395 99
362 2363 455 2394 Pacis
474 2364 671 2405 supplicium]
708 2364 829 2394 Patior
859 2365 958 2404 mala,
1057 2367 1118 2395 103
1133 2364 1206 2395 Heu
1221 2364 1467 2405 prosperafata]
1493 2362 1596 2395 Quasi
1613 2361 1719 2401 dicat,

256 2424 332 2456 quae
360 2415 460 2454 longa
477 2424 542 2455 pax
568 2415 713 2454 peperit.
758 2414 955 2446 Juvenalis:
1014 2415 1111 2445 Heu!
1148 2415 1246 2445 nimis
1278 2425 1439 2455 prospera
1455 2413 1551 2444 nobis
1579 2411 1718 2443 fuerunt

255 2466 265 2482 ‘
283 2465 383 2496 Nunc
401 2466 551 2504 patimur
568 2466 676 2505 longae
695 2464 790 2505 pacis
807 2463 916 2496 mala?
1013 2465 1097 2504 fata,
1115 2476 1189 2506 quae
1218 2470 1347 2496 tantam
1373 2464 1452 2494 mihi
1480 2463 1648 2494 dederunt
1674 2463 1720 2494 ci-

301 2517 357 2545 101
401 2513 525 2544 Obsessi
562 2513 742 2553 discrimen]
795 2514 959 2554 Populus,
1015 2516 1104 2546 vium
1137 2515 1403 2554 multitudinem,
1433 2524 1506 2555 quae
1548 2514 1593 2545 ali
1629 2523 1718 2545 nunc

258 2565 323 2596 etsi
348 2574 410 2595 nou
428 2565 560 2595 cinctus
578 2565 618 2595 ab
639 2565 748 2603 hoste,
773 2569 887 2595 tamen
915 2565 959 2595 ob
1013 2576 1078 2597 nou
1093 2572 1218 2606 posset.

258 2614 383 2646 famem
396 2616 429 2645 in
448 2616 634 2655 perieulum
649 2616 726 2647 vitae
743 2615 962 2657 incidit,qua-
1059 2619 1121 2646 106
1144 2615 1275 2646 Sabinos
1305 2619 1335 2646 et
1368 2614 1473 2655 Veios]
1495 2613 1627 2646 Primos
1651 2613 1721 2645 Ro-

260 2666 288 2697 si
305 2666 513 2697 obsideatur.
1015 2675 1190 2697 manorum
1205 2665 1333 2697 hostes.

310 2719 368 2747 102
405 2716 663 2758 Dubitandaque]
707 2715 864 2758 Annona,
888 2726 963 2758 quae
