1857 3177
498 228 561 258 DE
594 227 771 258 ΜΑΜΛῙ
804 226 986 257 Timon.
1020 225 1157 256 cons.
1460 211 1545 254 433

97 323 217 375 Quid
237 323 377 364 trahat
396 322 637 363 imbriferas
654 323 792 362 nubes
810 336 819 362 z
853 335 943 374 quo
966 334 1076 362 saxa
1095 322 1292 362 creentur

96 390 357 432 Grandinis:
390 389 505 429 undo
526 390 639 440 rigor
655 389 851 428 nix-ibus:
884 402 983 441 qua:
1007 388 1180 428 flamma
1199 400 1277 441 per
1297 398 1428 427 auras
1457 387 1542 427 110

95 458 304 500 Excutiat
327 458 479 498 rutilos
501 462 688 496 tractus:
720 460 794 495 aut
813 454 993 495 fulmina
1015 456 1147 496 velox

94 525 336 579 Torqueat,
359 530 431 566 aut
454 525 619 565 tristem
642 524 745 575 figat
767 523 918 562 crinita
940 529 1156 564 cometen.

152 591 181 632 J
186 606 256 633 am
274 594 353 633 tibi
375 593 660 645 compositam
683 589 939 630 fundaverat
957 591 1141 630 anchora
1162 590 1346 644 puppim
1364 604 1373 631 :

95 659 286 701 Telluris
300 660 393 714 jam
415 665 560 700 certus
581 671 705 699 cras:
737 656 945 698 foecunda
966 657 1200 710 placebant

97 777 200 800 causa
210 770 330 808 grando
339 779 432 799 saxea
441 770 630 808 producatur
641 778 655 803 ;.
678 767 755 797 unde
762 765 873 805 frigus
883 764 928 795 sit
943 766 1062 796 nivibus
1072 779 1084 803 ,·
1109 768 1160 806 qui
1177 769 1260 805 ignis
1268 778 1321 806 per
1332 768 1432 798 aaron
1444 767 1543 798 vibret

88 810 223 850 fulgura
233 812 392 847 micantia,
402 815 455 842 aut
468 809 1231 850 rnpidusjaculetm·tonitr-naamcr·1·1u‘uzs1ffg11t
1245 812 1326 840 Coelo
1337 814 1474 840 moestum
1489 811 1547 839 Co-

95 857 221 886 melam.
230 854 441 885 damam-hora
447 853 619 883 stabilierat
627 851 697 891 cibi,
706 862 724 882 ο
734 850 1038 890 '1‘ueod01·e‚71avem
1047 852 1200 890 placidam
1209 863 1217 882 .·
1227 852 1296 890 jam
1305 852 1479 891 altingebas
1486 854 1552 882 luto

707 948 942 960 eeeeeeeeeeee

98 1003 270 1043 velfracta
295 1006 446 1037 Florent.
480 1008 564 1035 motu
589 1005 666 1036 Vnt.
691 1008 771 1035 tcrt.
798 1015 842 1035 m.
873 1006 1034 1044 pin—100
1060 1004 1144 1038 Quid
1169 1004 1248 1034 Vat.
1276 1003 1384 1044 quint.
1401 1003 1553 1033 Florent.

100 1047 182 1083 Quis
209 1052 354 1089 quatuor
376 1049 471 1078 Vatt.
500 1048 597 1078 Faru.
627 1046 718 1078 Prie.
747 1048 828 1077 Lov.
865 1048 951 1081 Quas
978 1047 1069 1076 Rott.
1105 1047 1203 1076 trahit
1231 1047 1312 1076 Lov.
1339 1045 1456 1075 Ambr.
1474 1048 1555 1076 tert.

96 1090 251 1130 igniferas
277 1091 369 1120 Prie.
408 1090 592 1128 umbriferus
620 1090 700 1120 Put.
723 1090 802 1121 Juu.
821 1099 871 1129 pr.
901 1089 1027 1119 Movet.
1043 1098 1108 1118 sec.
1144 1088 1330 1125 umbrifirus
1346 1087 1456 1117 imbres
1472 1088 1552 1117 Var.

99 1133 168 1165 LL.
185 1133 239 1163 ed.
257 1132 360 1164 Autv.
394 1143 451 1172 quo
478 1134 530 1162 vel
559 1132 630 1172 quid
653 1142 730 1171 susa
758 1132 870 1162 Oxou.
898 1141 949 1171 pr.
985 1135 1125 1161 creentur
1148 1132 1225 1161 Vat.
1253 1140 1302 1169 pr.
1321 1131 1449 1161 Bonou.
1468 1130 1554 1161 Exc.

100 1175 245 1206 Luceus.
269 1185 319 1215 pr.
353 1179 496 1205 creantur
512 1175 608 1205 Leid.
624 1184 675 1214 pr.
694 1180 728 1205 ct
753 1174 872 1205 decom
900 1174 966 1210 alii,
993 1174 1073 1203 Vur.
1099 1174 1164 1203 LL.
1191 1183 1209 1203 e
1233 1182 1337 1210 marg.
1363 1172 1475 1202 Parin.
1500 1171 1555 1203 ed.

98 1218 213 1249 Vicet.
252 1221 396 1248 rotantur
409 1219 493 1249 Exc.
510 1218 592 1249 Cod.
612 1218 727 1247 Rbem.
763 1220 906 1247 teruntur
922 1215 1015 1247 Mod.
1034 1220 1111 1246 tert.
1138 1215 1289 1253 seruntur
1307 1216 1423 1245 Petav.
1442 1224 1493 1254 pr.
1510 1224 1556 1245 m.

99 1270 153 1301 pr.
179 1261 328 1299 ferantur
353 1260 450 1291 Leid.
478 1270 545 1291 sec.
574 1261 651 1290 Vnt.
678 1269 745 1290 sec.
775 1259 846 1289 Pal.
876 1259 941 1289 duo
970 1259 1061 1289 Mod.
1079 1258 1195 1289 Ambr.
1214 1262 1293 1288 tert.
1310 1258 1394 1287 Exc.
1413 1256 1556 1287 Gevart.

99 1302 180 1334 Ald.
192 1303 288 1334 etetl.
304 1303 416 1333 Parui.
430 1307 560 1333 ruamur
575 1303 655 1333 Vat.
670 1308 750 1332 tert.
763 1303 856 1332 Rott.
870 1302 992 1332 l'etav.
1012 1300 1238 1338 sec.fer·untur
1254 1301 1456 1330 velet-centur
1472 1300 1558 1338 ch.

101 1346 231 1377 Moret.
248 1355 316 1376 sec.
336 1347 456 1376 Petav.
473 1350 552 1376 tert.
576 1348 719 1375 rotantur
735 1345 789 1374 vel
805 1347 945 1374 creentur
968 1343 1096 1374 Mazar.
1126 1342 1240 1372 Ambr.
1257 1353 1323 1373 sce.
1358 1344 1488 1372 ruamur
1504 1340 1559 1371 vel

99 1391 245 1419 rotantur
260 1389 411 1419 Floreut.
446 1392 578 1418 ruamur
595 1388 648 1417 vel
667 1387 816 1424 feruutur
840 1386 946 1417 Oisel.
982 1389 1124 1416 creentur
1141 1386 1194 1415 vel
1215 1384 1364 1423 feruntur
1380 1384 1446 1415 duo
1462 1383 1558 1414 Vatt.

99 1433 243 1462 roteutur
259 1432 344 1470 legit
362 1431 536 1468 Heinsius,
555 1431 610 1470 qui
628 1423 712 1461 citat
727 1429 829 1459 Ovid.
848 1429 934 1459 Met.
958 1428 1015 1459 lib.
1032 1437 1082 1458 lx.
1102 1438 1131 1468 p.
1149 1431 1224 1458 229.
1249 1427 1303 1457 ubi
1320 1428 1360 1457 (le
1378 1426 1452 1457 nive
1471 1426 1561 1455 simi-

101 1473 193 1512 liter,
237 1475 246 1490 ‘
265 1473 351 1504 Inde
376 1474 468 1504 nives
495 1474 591 1503 fieri:
626 1473 757 1503 nivibus
783 1481 916 1512 quoque
944 1472 1045 1502 molle
1068 1471 1187 1501 rotatis
1213 1469 1367 1509 Asu-iugi
1396 1474 1431 1499 et
1455 1468 1562 1508 spissa

103 1516 282 1555 glomerari
301 1516 462 1556 grandine
479 1514 623 1554 corpus)
658 1514 765 1554 flabra
781 1515 846 1545 duo
865 1513 981 1545 Leidd.
996 1523 1072 1544 cum
1096 1513 1213 1553 viginti
1229 1512 1357 1542 duobus
1373 1511 1458 1550 aliis,
1476 1511 1561 1542 Exc.

103 1558 246 1590 Gevart.
266 1559 408 1589 Lucens.
426 1568 475 1598 pr.
491 1558 614 1588 Sclied.
632 1557 723 1588 Gud.
741 1557 822 1587 Var.
850 1557 916 1587 LL.
933 1555 987 1587 ed.
1011 1555 1116 1587 Aulv.
1131 1560 1166 1586 et
1183 1566 1199 1586 e
1218 1565 1321 1594 marg.
1342 1555 1452 1585 Pan-m.
1477 1553 1561 1586 item

104 1600 285 1632 ed.Vicet.
301 1601 411 1641 flagra
429 1601 593 1641 velflabru
612 1601 693 1630 Lov.
715 1609 772 1640 per
787 1608 878 1629 aures
892 1599 970 1630 Pat.
995 1598 1101 1638 flabra
1128 1599 1174 1628 rel
1198 1607 1282 1627 ‹tui-ce
1309 1597 1361 1626 vel
1375 1595 1482 1635 flabra
1503 1604 1560 1635 per

102 1653 196 1674 auras
210 1643 290 1674 Vat.
308 1646 464 1683 [ηπ-111
492 1643 665 1673 Excutiam
678 1643 757 1672 Var.
776 1642 844 1671 LL.
872 1641 927 1671 ed.
955 1640 1058 1671 Antv.
1096 1640 1271 1670 Excutiunt
1294 1639 1360 1669 duo
1378 1637 1494 1669 Leidd.
1513 1642 1563 1667 to-

102 1685 209 1717 tidem
225 1685 338 1716 Oxou.
374 1685 568 1716 Evcruciunt
588 1685 710 1714 Petav.
729 1693 797 1713 sec.
833 1684 920 1720 ignes
936 1683 1016 1712 Vat.
1041 1682 1146 1722 quint.
1170 1682 1267 1711 Med.
1286 1691 1337 1720 pr.
1362 1682 1408 1711 vel
1425 1678 1563 1719 flumina

101 1728 184 1759 Vat.
201 1738 252 1769 pr.
264 1727 402 1769 flumina
417 1728 521 1757 etiam
538 1726 657 1756 Ambr.
687 1735 738 1765 pr.
767 1725 887 1755 Petav.
903 1734 971 1754 sec.
998 1725 1074 1755 Pat.
1097 1725 1163 1754 inc.
1191 1724 1310 1754 Heius.
1328 1723 1409 1753 Var.
1426 1722 1493 1752 LL.
1509 1721 1563 1752 ed.

103 1770 332 1810 Antv.m.pr.
347 1769 487 1807 fulmina
505 1768 700 1809 velfluminu
723 1768 982 1798 Florent.—l]·2
1006 1768 1129 1797 stellata
1158 1768 1250 1797 Rott.
1274 1765 1369 1795 Leia.
1398 1775 1466 1795 sec.
1484 1765 1563 1795 Vat.

105 1817 186 1845 tert.
212 1812 334 1844 Ambr.
362 1817 442 1842 tert.
469 1812 552 1841 Exc.
579 1812 719 1840 Gerar-t.
746 1810 867 1838 stellata
894 1809 947 1838 vel
972 1809 1086 1838 crinita
1113 1809 1261 1838 Floreut.
1289 1809 1374 1845 Reg.
1402 1807 1562 1837 Heinsius

104 1856 220 1895 crinita
236 1855 360 1895 probat
374 1854 524 1893 ascripto
541 1853 615 1882 loco
634 1851 818 1891 Capitolin.
836 1851 868 1880 in
886 1850 1061 1880 Antonino
1078 1850 1162 1880 Pio:
1195 1852 1203 1866 ‘
1226 1849 1397 1888 Apparuit
1413 1853 1448 1878 ct
1464 1848 1566 1878 stella

107 1898 252 1929 crinita.’
267 1897 347 1927 etin
366 1895 550 1927 Commodo
568 1903 613 1925 LI.
631 1896 683 1924 3-1.
707 1896 842 1923 cornetan
859 1892 924 1922 (luo
944 1892 1036 1922 Med.
1071 1895 1205 1923 cometen
1218 1891 1270 1922 ed.
1288 1891 1399 1921 Vicet.
1428 1894 1564 1921 cometen

106 1941 163 1971 vel
178 1943 308 1970 cometes
325 1938 418 1969 Med.
436 1943 514 1968 tert.
546 1940 691 1966 cometem
708 1935 803 1965 Leid.
829 1944 878 1975 pr.
905 1939 939 1965 et
957 1934 1133 1965 duodecim
1162 1934 1230 1970 alii.
1278 1934 1328 1963 De
1345 1933 1394 1962 bis
1413 1932 1564 1962 Philoso-

106 1983 250 2024 phorum
267 1980 477 2022 opinionibus
504 1979 580 2009 vide
605 1978 756 2008 Probum
773 1982 808 2008 et
827 1977 980 2007 Servium
997 1977 1028 2006 in
1046 1976 1164 2015 Virgil.
1182 1977 1298 2013 Eclog.
1314 1977 1468 2006 vn—llS
1485 1973 1564 2010 sun-

107 2026 220 2057 darant
234 2034 357 2065 (equora
369 2032 499 2064 puppem
527 2023 607 2054 Put.
633 2030 765 2061 puppem
788 2019 906 2052 Ambr.
921 2029 990 2051 sec.
1008 2019 1134 2050 Moret.
1151 2020 1324 2050 sec—114
1348 2021 1415 2048 erat
1432 2017 1562 2048 Bonon-

766 2102 797 2133 N
804 2102 904 2133 OTAE

155 2173 217 2202 109
241 2169 441 2209 Imbriferas]
465 2167 598 2207 Ροϋῐω,
613 2166 721 2198 secuti
746 2166 814 2195 vul-

113 2231 187 2263 gus,
196 2221 328 2262 pluvias
341 2218 582 2251 tribuuntJovi
592 2227 652 2258 per
665 2216 813 2248 cribrum

109 2271 264 2303 meienti.
309 2270 377 2302 Sed
404 2270 595 2311 pluviarum
612 2277 713 2299 causa
728 2266 814 2298 Aus-

112 2325 167 2353 tro
185 2321 357 2353 tribuitur.
391 2320 559 2351 Ovidius:
596 2320 605 2336 ‘
624 2317 815 2358 Pluvioqne

111 2372 278 2404 madescit
296 2371 338 2403 ab
353 2370 504 2403 Austro.'

155 2422 244 2455 Saxa
263 2422 445 2462 grandinis]
481 2421 558 2452 Non
584 2431 660 2452 raro
689 2418 816 2459 grando

113 2474 268 2506 durescit
294 2480 332 2505 ut
359 2474 455 2514 lapis.
502 2473 656 2514 Hujusce
683 2471 731 2502 rci
763 2481 819 2501 ex-

115 2525 230 2566 empla
244 2525 367 2566 passim
385 2525 555 2565 leguntur,
573 2523 743 2554 videntur.

100 2596 105 2601 «
156 2577 219 2606 111
256 2574 426 2614 Excutiat]
484 2575 549 2605 Vel
586 2573 732 2614 fulgura,
767 2572 819 2603 vel

115 2624 284 2666 quandam
305 2625 418 2665 potius
435 2625 608 2656 stellarum
625 2623 819 2655 cadentium

116 2673 277 2715 speciem.
312 2674 479 2706 Ovidius:
504 2675 512 2691 ‘
531 2675 616 2705 Quae
635 2674 661 2704 si
678 2682 747 2705 non
764 2681 818 2703 cc-

117 2724 217 2763 cidit,
229 2725 347 2765 potuit
360 2724 525 2755 cecidisse
543 2723 675 2755 videri!

161 2776 224 2810 112
249 2774 382 2805 Tristem
405 2774 555 2813 cometen]
589 2773 720 2806 Rerum
741 2773 817 2805 tris-

202 2825 322 2869 Delph.
339 2829 370 2858 et
389 2825 463 2858 Var.
482 2826 569 2859 Clas.

398 2977 414 2994 Q

796 2823 905 2856 Claud.

868 2167 951 2197 tium
968 2166 1269 2206 calamitatumque
1289 2163 1465 2195 nuntium:
1503 2163 1565 2193 Lu-

868 2226 992 2248 canus:
1026 2218 1034 2234 ‘
1052 2218 1096 2247 Et
1118 2225 1287 2257 nunquam
1314 2214 1413 2245 terris
1433 2218 1566 2254 specta·

868 2271 939 2298 tum
957 2267 1093 2306 impune
1109 2264 1296 2296 Cometen!

913 2317 1026 2357 Piget]
1059 2315 1254 2347 Credebant
1270 2314 1396 2356 quippe
1413 2322 1477 2344 non
1494 2322 1566 2353 suo,

868 2368 926 2400 sed
944 2367 1081 2399 aetheris
1094 2371 1186 2397 motu
1202 2365 1282 2396 ferri
1297 2365 1486 2396 Cometam.

912 2421 972 2449 113
999 2417 1205 2457 Compositam
1228 2414 1371 2455 puppim]
1397 2413 1566 2452 Ancliora,

870 2468 998 2508 ἄγκυρα,
1023 2476 1083 2498 seu
1113 2466 1206 2507 quies
1231 2465 1351 2503 amma,
1378 2463 1567 2494 stabilierat

870 2519 1010 2560 puppim
1025 2523 1114 2549 tuam
1132 2515 1310 2557 placidam,
1325 2514 1574 2555 quiescentem;

870 2571 933 2601 boc
951 2574 1016 2608 est,
1037 2569 1142 2599 vitam
1169 2571 1260 2597 tuam
1286 2564 1495 2595 subtractam
1517 2565 1569 2592 tu-

871 2618 1031 2651 multibus
1043 2616 1205 2655 humanis,
1216 2614 1272 2655 qui
1288 2614 1389 2644 vitam
1407 2615 1567 2650 nostram,

872 2681 935 2702 ceu
958 2678 1077 2700 navem
1091 2666 1278 2698 fluitantem
1301 2664 1334 2695 iu
1359 2663 1438 2701 alto,
1460 2662 1569 2693 instar

872 2718 1085 2760 tempestatis
1099 2717 1239 2756 agitant.

916 2772 977 2802 114
1001 2766 1125 2807 Genus]
1171 2765 1274 2802 Certo
1299 2763 1432 2796 sciebas
1465 2765 1499 2794 te
1523 2761 1566 2793 ad

1417 2815 1483 2852 21²:
