1857 3177
557 209 608 239 m
642 208 716 238 cri.
751 208 1110 238 crhxnnmuuir.
1502 199 1560 241 29

102 307 215 345 tore-s
236 308 278 345 et
299 305 485 345 lectores
507 304 667 357 capiat,
699 302 846 357 poetae
881 307 948 343 est
979 302 1208 353 ingeniosi.
1271 302 1391 343 Num
1414 309 1560 346 autem

103 371 186 411 hoc
210 375 384 412 omnino
407 373 496 411 {ieri
519 372 703 424 potuerit
723 372 765 410 in
789 371 975 419 actione,
995 371 1039 409 in
1067 383 1154 423 qua
1178 370 1370 409 Deorum
1396 376 1561 413 tautum

104 444 250 490 partes
285 444 396 486 sunt,
431 452 510 478 nce
547 438 847 479 arsamum-crim
883 451 963 478 nec
996 439 1258 489 negaverim.
1319 436 1439 486 Quid
1472 439 1563 479 fieri

103 507 307 557 potuerit,
331 519 455 545 nemo
478 506 606 545 facile
629 507 784 545 dixerit
805 518 814 554 ;
847 506 950 558 quid
971 505 1135 545 sactum
1158 505 1229 553 sit,
1252 504 1429 544 facilius
1448 505 1562 559 diju-

104 572 337 612 dicabitur.
419 572 504 612 Sed
537 573 642 612 mihi
677 573 949 625 propositum
985 585 1075 612 non
1113 576 1192 620 est,
1228 572 1283 611 ad
1324 576 1563 625 praecepte„

105 651 205 692 quae
228 641 330 679 artis
352 640 588 692 scriptores
609 640 984 687 exc-oe·itai-erunt,
1008 637 1294 678 Claudianum
1311 640 1498 692 exigere,
1521 644 1566 680 et

103 710 152 746 ut
183 706 291 746 aller
328 706 599 751 Procrustes,
622 720 721 758 qua)
756 706 905 746 lectuli
925 706 1102 745 modulo
1123 707 1266 746 miuus
1287 707 1564 756 conrcniant,

103 773 172 814 vel
191 777 430 825 amputare,
451 774 522 813 rel
545 773 724 813 dilatare
742 787 752 824 3
785 786 931 813 verum
952 777 1000 813 ut
1017 786 1130 813 unus
1152 773 1206 813 de
1227 774 1388 823 multis,
1405 787 1490 814 non
1512 775 1564 814 dc

103 840 252 880 schola
272 853 412 893 neque
444 853 470 879 a
502 841 726 891 magistro,
752 854 852 894 quae
889 841 994 881 mihi
1027 841 1275 893 probentur,
1300 854 1456 893 quaeve
1485 842 1566 880 mi-

102 919 197 955 nus,
237 907 426 947 candida
464 912 607 947 mente
639 908 887 960 profitebor.
961 908 1073 949 Sunt
1110 908 1314 960 quaedam
1348 908 1567 961 principia

101 974 194 1015 veri
226 978 269 1015 et
298 974 469 1027 pulchri
490 977 533 1014 iu
557 976 710 1015 animis
731 976 952 1016 hominum
976 976 1126 1026 insita,
1149 976 1309 1029 quibus
1331 980 1380 1016 ut
1401 976 1563 1029 quique

102 1042 300 1094 proxime
340 1042 553 1082 accedunt
593 1042 648 1082 ad
692 1047 860 1083 naturae
899 1043 1243 1096 simplicitatem,
1281 1044 1343 1084 ita
1375 1044 1565 1083 maxime

104 1111 231 1162 quasi
248 1110 414 1162 impetu
439 1109 631 1162 quodam
652 1123 776 1150 caeco
806 1114 1024 1161 reguntur,
1042 1122 1295 1162 quanquam
1317 1110 1487 1149 illorum
1511 1111 1565 1149 ab

104 1177 220 1217 omui
247 1189 390 1217 rerum
426 1176 702 1229 copulatione
731 1180 995 1216 remotorum
1029 1176 1114 1215 sibi
1146 1177 1310 1216 conscii
1343 1188 1429 1216 non
1466 1177 1565 1216 sint.

103 1243 187 1284 Illa
220 1244 327 1283 citra
361 1255 499 1282 rerum
535 1242 815 1293 complexum
846 1243 991 1282 auimo
1013 1243 1095 1282 sibi
1116 1255 1369 1294 proponere,
1392 1242 1566 1295 aliaque

103 1323 159 1350 ex
179 1310 266 1350 11115
287 1308 616 1349 ratiocinatione
639 1307 864 1355 deducere,
887 1311 1088 1348 accurate
1118 1307 1308 1356 definire,
1332 1307 1387 1347 ad
1410 1321 1569 1359 genera

103 1380 147 1417 et
179 1376 345 1418 classes
376 1388 596 1424 revocare,
631 1378 853 1428 artemque
876 1375 975 1415 inde
1007 1374 1197 1425 efficere,
1228 1375 1492 1425 recentioris,
1525 1378 1568 1416 et

102 1448 264 1485 nostrae
284 1444 491 1492 maxime,
511 1444 602 1482 erat
625 1442 784 1491 aetatis,
817 1441 1067 1495 judiciique
1098 1442 1387 1483 maturitatem
1423 1442 1568 1495 requi—

102 1512 226 1552 rebat
245 1515 288 1551 et
308 1511 433 1564 quasi
453 1510 764 1563 principatum,
802 1523 930 1563 quem
952 1510 1220 1563 temporibus
1243 1509 1434 1562 antiquis
1456 1510 1567 1550 ima-

67 1592 72 1593 ’
104 1578 280 1632 ginandi
299 1579 367 1619 vis
387 1581 429 1618 et
447 1577 575 1618 ardor
596 1578 757 1630 aliquis
780 1578 911 1617 animi
933 1577 1192 1618 obtinuerat.
1255 1576 1368 1626 Quae
1392 1576 1567 1629 quidem

104 1649 201 1688 ante
222 1645 373 1686 oculos
393 1645 571 1694 habere,
593 1658 691 1685 cum
712 1650 907 1686 veterum
924 1649 1204 1686 monumenta
1224 1645 1362 1698 legas,
1382 1644 1436 1684 ad
1456 1643 1568 1684 mul-

102 1716 172 1754 tas
191 1725 260 1754 res
278 1713 384 1753 utile
408 1717 490 1762 est,
511 1713 734 1765 praecipue
759 1716 907 1753 autem
939 1712 984 1752 id
1015 1715 1214 1765 praestat,
1250 1715 1295 1751 ut
1330 1712 1567 1764 intelligas,

103 1784 295 1821 tenerum
315 1783 357 1821 et
377 1781 671 1833 incorruptum
700 1782 869 1820 natura>
900 1792 1078 1820 sensum
1108 1779 1152 1819 in
1179 1778 1444 1828 hominibus,
1477 1791 1569 1818 cer-

104 1852 201 1889 tum
221 1848 411 1901 aliquem
431 1847 592 1899 ingenii
611 1848 774 1888 cultum
794 1860 937 1887 rerum
959 1846 1151 1899 quadam
1172 1846 1376 1886 felicitate
1408 1846 1567 1894 nactis,

105 1914 183 1956 sed
201 1914 388 1968 pristina
418 1926 586 1953 morum
616 1913 900 1966 simplicitate
933 1913 1125 1953 nondum
1154 1913 1334 1962 amissa,
1355 1913 1455 1965 plus
1477 1911 1568 1952 effi·
1589 1955 1592 1959 ,

107 1993 202 2021 cere
222 1981 434 2033 potuisse,
451 1993 584 2032 quam
610 1979 917 2019 subtilissimas
935 1979 988 2018 de
1011 1983 1098 2019 arte
1116 1979 1450 2031 disputationes,
1474 1979 1569 2031 qui-

106 2048 191 2087 bus
212 2050 364 2086 nostra
398 2049 506 2086 zetas
542 2049 724 2085 onerata
754 2049 822 2084 est
855 2048 896 2084 et
929 2045 1113 2085 laborat.
1184 2045 1431 2085 Videamus
1455 2045 1568 2098 jam,

107 2112 477 2167 quemadmodum
513 2112 646 2164 poeta
676 2115 973 2163 argumentum
1007 2112 1090 2152 sibi
1122 2112 1402 2164 propositum
1420 2124 1570 2164 perse-

107 2184 233 2222 cutus
255 2181 328 2221 sit.

165 2246 330 2288 Contra
354 2246 548 2295 Horatii,
572 2258 805 2298 eorumque
827 2246 902 2299 qui
935 2244 1174 2285 Horatium
1209 2244 1349 2284 secuti
1381 2246 1496 2294 sunt,
1515 2245 1570 2285 de

107 2315 298 2357 carmine
319 2315 449 2367 epico
480 2314 846 2367 praecipientium,
875 2325 1071 2353 normam
1105 2315 1237 2364 atque
1257 2312 1451 2363 regulam
1480 2324 1569 2352 non

108 2381 331 2423 moderato
362 2386 405 2422 et
438 2381 636 2422 modeste
667 2379 941 2429 Claudianus
972 2379 1154 2428 orditur,
1177 2379 1255 2418 scd
1278 2379 1438 2430 spiritu
1458 2391 1570 2432 quo·

109 2449 208 2490 dam
230 2449 547 2490 vehementiore
568 2449 712 2498 animi,
735 2448 883 2488 divino
918 2447 1067 2489 afflatu
1104 2447 1328 2494 concitati,
1351 2447 1570 2499 principio

109 2517 254 2557 statim
272 2516 436 2557 incedit
465 2520 510 2556 et
543 2517 737 2569 speciem
767 2516 915 2568 potins
935 2515 1233 2563 vaticinaturi,
1257 2526 1391 2566 quam
1423 2526 1571 2554 narra-

109 2584 212 2632 turi,
234 2598 326 2638 prae
347 2597 394 2623 sc
429 2583 537 2623 ferre
575 2582 759 2623 videtur.
835 2580 950 2631 Quae
985 2581 1095 2622 ratio
1130 2594 1230 2620 cum
1264 2580 1420 2620 acriter
1456 2580 1513 2621 sit
1543 2594 1571 2622 a

113 2650 376 2701 quibusdam
405 2654 569 2699 notata,
591 2648 912 2702 dispiciendum
944 2654 1024 2698 est,
1055 2661 1159 2688 num
1189 2647 1364 2697 habeat,
1400 2659 1489 2699 quo
1522 2660 1571 2688 se

115 2716 433 2768 quodammodo
454 2720 636 2768 tucatur,
660 2720 734 2758 aut
751 2730 851 2758 num
874 2716 1044 2770 aliquid
1066 2717 1138 2766 sit,
1157 2713 1275 2769 quod
1294 2713 1425 2768 potita
1444 2714 1571 2768 sequi
