1857 3177
549 199 601 229 lN
635 199 709 229 cn.
743 200 1099 232 CLAUDIANUM.
1496 192 1551 234 21

89 296 209 337 dum.
269 296 381 338 Inde
405 310 584 351 quoque
604 296 767 336 factum
788 298 871 343 est,
893 299 940 335 ut
956 295 1001 334 111
1018 294 1293 347 spectaculis
1322 299 1365 335 et
1395 296 1551 340 imma-

89 365 216 404 nibus
253 369 297 404 et.
331 364 641 405 abominandis
680 376 780 403 cum
821 362 1057 415 voluptate
1096 362 1317 401 immorari
1341 362 1553 415 videatur,

91 432 326 472 dummodo
363 431 617 471 Stilichonis
641 430 843 471 vindictae
872 429 1133 469 satisfaciat.
1196 428 1311 478 Quis
1345 430 1456 468 enim
1498 432 1553 470 ab

90 499 372 539 humanitatis
393 512 521 538 sensu
551 511 639 538 non
658 498 790 551 plane
813 498 982 538 alienus
1014 498 1134 537 illam
1157 497 1311 537 Rufini
1342 497 1554 536 dilacera-

91 566 274 613 tionem,
293 568 503 617 tanquam
535 566 578 604 in
610 565 763 605 tabula
799 565 919 617 picta
950 565 1240 616 propositam,
1263 565 1357 603 sine
1378 563 1556 603 horrore

90 638 133 673 et
154 632 294 673 oculis
316 632 523 673 irretortis
544 636 685 685 potest
707 632 906 683 aspicere
925 631 933 670 !
984 631 1117 671 Valet
1138 636 1281 671 tamen
1303 631 1357 670 ad
1379 629 1557 683 poetam

91 713 148 740 ex
170 703 294 752 parte
313 699 630 748 excusandum,
655 699 774 752 quod
809 699 985 738 illorum
1006 698 1247 746 hominum,
1265 698 1424 750 quibus
1448 699 1556 738 scri-

89 767 239 817 bebat,
278 767 395 807 oculi
434 771 478 806 et
509 767 644 807 animi
683 765 1015 806 consuetudinis
1046 765 1160 805 callo
1196 770 1321 804 erant
1360 764 1556 815 obducti,

90 834 286 887 nihilque
308 835 476 887 gratius
497 834 552 873 iis
573 836 882 886 essepoterat,
900 844 1031 885 quam
1052 832 1162 872 iram
1191 845 1320 872 suam
1341 832 1557 872 ulciscen-

91 903 222 956 dique
245 902 496 956 cupidinem
521 902 745 955 expletam
764 900 926 941 videre.
978 900 1218 952 Propterea
1240 912 1412 952 quoque
1428 901 1559 941 miser

88 971 161 1011 ille
198 971 242 1011 in
281 971 466 1011 frustula
509 970 728 1011 dissectus
769 973 812 1009 et
852 968 1096 1021 dissipatus
1130 966 1319 1007 Rufinus
1360 967 1558 1007 nondum

92 1039 338 1087 dimittitur,
364 1038 440 1077 sed
461 1037 516 1078 ad
550 1038 711 1078 inferos
747 1036 958 1076 deductus
993 1049 1140 1089 poenae
1181 1035 1368 1076 traditur
1401 1035 1560 1088 sempi-

91 1110 240 1147 ternae.
301 1104 424 1155 Quid
445 1106 490 1144 in
511 1103 801 1157 vituperando
822 1103 970 1155 possit
991 1101 1179 1150 efficere,
1215 1102 1387 1142 videtur
1406 1115 1560 1155 exper-

91 1178 160 1213 tus
200 1185 298 1213 esse
331 1173 377 1212 in
413 1172 601 1213 carmine
640 1181 790 1210 xviii.
813 1173 855 1209 et
893 1180 999 1218 xx„
1022 1170 1066 1208 in
1103 1170 1261 1222 quibus
1298 1169 1560 1222 Eutropium

92 1241 355 1295 spadonem,
393 1239 701 1292 gravissimum
724 1236 979 1276 Stilichonis
1013 1236 1326 1283 adversarium,
1360 1249 1560 1276 eversum

91 1313 131 1349 et
153 1309 197 1348 in
215 1308 396 1348 exilium
420 1312 583 1354 actum,
599 1306 643 1344 111
664 1304 839 1356 patroni
858 1303 925 1341 sui
944 1303 1126 1354 gratiam
1147 1313 1233 1340 non
1249 1302 1390 1342 solum
1409 1316 1560 1354 aequa-

89 1376 207 1415 libus
245 1375 322 1415 sed
355 1375 487 1415 etiam
520 1374 710 1427 posteris
753 1370 1099 1412 abominandum
1139 1369 1316 1409 reddere
1362 1370 1558 1419 tentavit,

92 1456 340 1496 nomenque
362 1443 482 1482 illius
509 1444 677 1481 aeterna
697 1439 880 1479 infamia
902 1437 1234 1491 aspergendum.
1287 1436 1381 1476 Iste
1403 1437 1561 1478 Eutro-

91 1512 207 1564 pius,
232 1510 352 1564 quod
384 1512 596 1551 hactenus
632 1507 876 1548 inauditum
897 1505 1053 1554 fuerat,
1082 1509 1124 1545 et
1156 1503 1297 1557 spado
1331 1507 1372 1544 et
1392 1505 1561 1555 consul,

93 1580 263 1632 largam
288 1592 393 1619 sane
413 1578 646 1619 materiam
666 1574 958 1616 maledicendi
987 1573 1185 1626 praebere
1207 1571 1363 1624 potuit,
1386 1572 1563 1612 etiamsi

93 1659 161 1687 res
199 1646 293 1700 ejus
335 1650 473 1698 gestae
507 1659 593 1686 non
628 1655 890 1696 magnopere
928 1641 1118 1681 fuissent
1151 1639 1397 1692 culpandae,
1431 1643 1562 1692 atque

93 1714 215 1755 illam
258 1728 349 1755 rem
387 1714 516 1767 quasi
559 1712 778 1752 cardinem
826 1709 1070 1758 constituit,
1119 1708 1162 1747 in
1200 1720 1287 1760 quo
1328 1711 1563 1759 utrumque

95 1795 270 1823 carmen
295 1786 543 1823 verteretur.
608 1780 712 1820 Hac
734 1777 992 1830 indignitate
1013 1776 1147 1817 veluti
1163 1775 1440 1815 vehementer
1466 1788 1564 1828 per-

96 1864 257 1892 cussus
281 1850 423 1891 omnia
444 1854 639 1890 monstra
669 1852 711 1888 et
743 1850 957 1900 portenta,
990 1858 1090 1898 quae
1112 1857 1284 1897 semper
1305 1844 1566 1896 gravissima

95 1922 192 1958 sunt
229 1917 381 1958 habita
414 1918 697 1969 maximeque
737 1914 846 1963 dira,
878 1912 1098 1966 principio
1135 1914 1344 1959 recenset,
1378 1923 1588 1963 quorunr

98 1988 244 2026 tamen
272 1986 438 2025 nullum
467 1990 557 2025 tam
578 1983 746 2024 foedum
779 1985 821 2021 et
852 1982 1042 2020 immane
1070 1979 1213 2026 fuerit,
1246 1991 1379 2030 quain
1412 1977 1566 2018 consul

100 2050 255 2105 spado.
321 2050 453 2090 Omni
475 2050 634 2090 deinde
652 2049 884 2090 verborum
905 2046 1100 2098 pondere
1121 2048 1244 2084 utens
1266 2057 1360 2093 eos,
1378 2057 1566 2097 (piorum

97 2122 367 2159 cstmonstra
390 2130 638 2169 procurare,
662 2116 941 2167 Deorumque
958 2113 1069 2152 iram
1085 2115 1295 2159 avertere,
1311 2111 1563 2163 compellat,

97 2192 146 2226 ut
183 2185 424 2238 explorent,
447 2197 547 2237 quae
590 2187 713 2223 tanta
753 2181 983 2221 calamitas
1024 2178 1279 2231 turpissimo
1316 2178 1391 2217 illo
1423 2179 1566 2219 omine

98 2253 402 2307 portendatur,
437 2264 582 2305 quove
618 2249 797 2304 piaculo
830 2247 973 2301 possit
1001 2245 1175 2298 depelli.
1239 2244 1353 2284 Cum
1391 2244 1568 2286 fortuna

98 2322 368 2375 expostulat,
390 2320 523 2374 quod,
547 2319 585 2359 si
618 2318 793 2360 omnino
813 2314 1000 2357 voluerit
1035 2326 1210 2354 servum
1232 2312 1378 2352 facere
1410 2326 1568 2353 consu-

98 2389 199 2439 lem,
214 2403 299 2430 non
318 2390 505 2443 probum
527 2392 570 2428 et
590 2387 718 2439 frugi,
751 2385 829 2438 sed
861 2381 1230 2436 abjectissimum,
1267 2379 1345 2419 scd
1378 2379 1568 2421 infinito-

100 2471 193 2498 rum
214 2458 489 2497 dominorum
512 2455 706 2508 elegerit,
741 2452 818 2506 qui
847 2463 932 2491 non
961 2448 1153 2502 amplius
1174 2446 1320 2495 vendi,
1352 2459 1406 2486 ne
1450 2447 1567 2488 dono

101 2524 279 2578 quidem
310 2526 521 2577 cuiquam
559 2521 735 2562 obtrudi
768 2519 999 2573 potuisset.
1060 2514 1212 2555 Verba
1245 2518 1287 2555 et
1319 2515 1566 2566 sententiae,

102 2593 260 2646 quibus
291 2593 384 2633 haec
422 2591 655 2645 expressit,
689 2585 946 2642 hujusmodi
979 2587 1095 2632 sunt,
1128 2587 1176 2622 ut
1195 2581 1497 2622 vehementius
1526 2586 1568 2624 et

103 2660 471 2701 contumeliosius
502 2659 610 2699 nihil
644 2657 789 2712 possit
821 2652 1084 2706 excogitari.
1144 2649 1374 2690 Potuisses
1405 2661 1568 2703 expec-

106 2727 214 2777 tare,
227 2727 322 2781 jam
341 2727 619 2769 satisfactum
638 2738 736 2767 esse
764 2719 1056 2764 maledicendi
1085 2717 1246 2769 officiO,
1275 2715 1394 2771 quod
1416 2727 1567 2761 assen-
