1852 3193
194 222 277 263 490
624 231 698 260 CL.
732 228 1010 259 CLAUDIAM
1048 227 1196 257 xv111.

195 338 384 387 Nomen,
405 341 448 378 et
465 338 666 377 insanum
688 335 856 387 gemino
877 334 1121 386 proclamat
1142 334 1197 373 ab
1220 346 1308 381 ore,

194 408 537 458 Eunuchumque
566 406 682 443 vetat
708 400 833 442 fastis
863 401 1073 442 accedere
1101 400 1129 441 J
1134 414 1258 441 anus.

194 475 393 515 Sumeret
414 473 597 512 illicitos
622 471 783 510 etenim
801 470 837 509 si
860 470 1043 510 foemina
1064 469 1231 517 fasces,
1571 467 1658 508 320

193 542 324 582 Esset
345 546 474 592 turpe
497 539 655 579 minus.
718 536 864 578 Medis
885 538 1147 590 levibusque
1170 536 1344 577 Sahaeis

196 609 389 661 Imperat
409 607 477 647 hic
502 620 652 655 sexus,
674 607 1004 659 reginarumque
1027 606 1108 645 sub
1135 605 1266 645 armis

194 675 421 717 Barbariae
443 687 548 728 pars
570 687 731 727 magna
746 675 881 727 jacet.
943 674 1065 715 Gens
1086 673 1206 713 nulla
1227 673 1453 725 probatus,

195 743 396 783 Eunuchi
418 756 515 796 quae
537 746 710 795 sceptra
731 741 851 782 ferat.
913 741 1124 790 Tritonia,
1149 740 1334 789 Phoebe,

194 810 351 859 Vesta,
373 809 518 858 Ceres,
543 808 724 862 Cybele,
748 809 775 849 J
781 822 881 859 uno,
906 809 1073 849 Latona
1094 808 1299 848 coluntur
1318 820 1327 847 :
1575 804 1660 845 325

195 877 398 918 Eunuchi
419 891 517 930 quae
539 877 704 928 templa
726 876 827 923 Dei,
852 889 962 927 quas
984 875 1175 914 vidimus
1200 875 1330 914 aras?

196 945 309 986 Inde
330 945 607 985 sacerdotes:
639 943 736 983 haec
756 942 889 982 intrat
908 945 1085 993 pectora
1103 941 1302 981 Phoebus
1321 955 1329 981 t

196 1012 307 1052 Inde
330 1014 487 1051 canunt
511 1009 688 1062 Delphi.
750 1009 987 1063 Trojanam
1008 1009 1106 1048 sola
1128 1007 1372 1049 Minervam

195 1079 435 1132 Virginitas
454 1077 653 1118 Vestalis
675 1076 781 1126 adit,
803 1077 1094 1129 flammasque
1118 1079 1275 1116 tuetur.

194 1199 385 1237 vociferatur
401 1209 453 1229 ore
470 1198 585 1239 duplici
599 1198 785 1229 horrendum
802 1207 889 1237 esse,
912 1207 948 1228 ac
962 1196 1102 1237 prohibet
1121 1195 1289 1226 emita-hum
1310 1195 1470 1224 namot-ere
1501 1201 1537 1223 se
1554 1191 1662 1229 fitstis.

197 1244 280 1275 Nam
294 1243 320 1273 sz'
339 1243 447 1273 mulier
462 1245 624 1282 usurparet
644 1241 749 1279 fasces
767 1241 886 1277 vetitos,
905 1242 1005 1271 minus
1017 1240 1188 1279 pudendum
1198 1238 1295 1276 soret.
1341 1237 1406 1267 Hic
1421 1245 1514 1266 sexus
1528 1236 1665 1266 (lomina-

195 1289 248 1316 tur
264 1286 370 1316 Illeclis
396 1288 425 1315 et
443 1284 562 1316 Subseis
577 1284 734 1319 celeribus,
755 1287 785 1314 et
800 1294 873 1324 pars
889 1294 1002 1322 magna
1019 1283 1186 1313 Barbarioe
1208 1280 1341 1319 διώ-ἰθεῖα
1356 1282 1401 1309 est
1417 1279 1512 1310 ‹mm's
1528 1278 1665 1317 Regina-

196 1339 275 1359 rum.
323 1329 437 1358 Nullus
461 1328 590 1367 populus
613 1330 811 1365 memoratur,
828 1327 880 1366 qai
904 1326 1047 1367 patiatur
1064 1325 1226 1365 imperium
1242 1322 1382 1354 eunuchi.
1431 1321 1547 1359 Pallas,
1562 1321 1665 1360 Luna,

201 1372 302 1410 Vesta,
321 1372 424 1410 Ceres,
442 1371 565 1411 Cybele,
583 1371 704 1401 Latona
721 1371 903 1400 adorantur.
953 1369 1031 1404 Quoe
1055 1367 1180 1399 delubra
1202 1370 1271 1397 sunt
1300 1365 1360 1396 Dei
1386 1361 1539 1395 eunachi?
1581 1363 1664 1399 'Quoe

196 1415 412 1453 comperimus
426 1412 567 1445 altaria?
614 1413 689 1443 Inde
704 1414 893 1443 sacerdotes:
917 1412 1027 1452 Apollo
1042 1411 1221 1450 ingreditur
1245 1409 1308 1439 hsec
1324 1409 1416 1439 corda
1429 1420 1438 1438 .·
1460 1407 1532 1437 inde
1551 1406 1666 1446 Delphi

195 1457 416 1487 concinantur.
468 1457 535 1487 Una
553 1456 722 1495 virg-initas
743 1456 876 1487 Vestalis
898 1455 1015 1485 accedit
1032 1454 1074 1485 ad
1093 1454 1272 1484 Minervam
1289 1451 1467 1489 Trojanmn,
1482 1452 1512 1480 et
1528 1449 1662 1480 custodit

811 1536 1046 1548 eeeeeeeeeeee

198 1594 378 1622 rea—318
405 1591 524 1622 Nomen
539 1592 592 1622 vel
607 1592 704 1622 Omen
720 1592 803 1622 Exc.
816 1591 915 1622 Laeti.
949 1594 984 1621 ut
999 1591 1139 1621 insanum
1156 1587 1250 1620 Med.
1276 1591 1352 1618 tert.
1385 1586 1492 1616 insano
1507 1583 1666 1623 geminum

198 1635 282 1664 Exc.
300 1634 384 1665 Cod.
402 1635 517 1664 Rhem.
557 1635 627 1664 orbe
643 1635 720 1665 Vat.
737 1644 788 1674 pr.
819 1634 925 1664 Oisel.
954 1634 1106 1664 Florent.
1145 1632 1216 1662 orbe
1243 1631 1296 1660 vel
1313 1639 1364 1660 ore
1382 1630 1461 1659 Vat.
1479 1632 1558 1658 tert.
1578 1627 1665 1665 Reg.

200 1676 311 1706 Oxon.
325 1679 483 1715 pin—319
499 1675 583 1712 fatis
596 1677 690 1707 Med.
708 1681 788 1707 tert.
821 1676 924 1706 tristis
939 1677 1038 1706 Farn.
1069 1676 1170 1713 fastis
1201 1674 1343 1704 accedere
1361 1671 1461 1708 fastis
1483 1669 1577 1700 Leid.
1599 1677 1665 1698 sec.

198 1719 299 1749 Jarzas
315 1719 457 1748 accedere
471 1717 570 1755 fastis
585 1718 664 1748 Vat.
684 1719 792 1747 Livin.
811 1718 888 1747 Ald.
928 1718 1027 1747 tantis
1040 1716 1210 1753 acc-‚fastis
1228 1716 1311 1753 Reg.
1346 1713 1444 1743 tantis
1475 1721 1535 1750 pro
1565 1711 1667 1749 danus

200 1761 291 1792 Prie.
309 1761 403 1790 Med.
420 1765 499 1789 tert.
513 1761 641 1790 Bonon.
658 1759 793 1789 Tholos.
808 1759 917 1788 Oxon.
935 1767 1000 1789 sec.
1023 1760 1125 1788 danus
1143 1758 1193 1786 vel
1208 1757 1306 1786 tantis
1320 1755 1412 1785 Leid.
1425 1765 1475 1794 pr.
1489 1754 1600 1783 Oxon.
1614 1762 1664 1792 pr.

199 1805 305 1832 -320
330 1802 465 1831 Illiricos
480 1802 560 1832 Jun.
578 1811 628 1840 pr.
654 1801 764 1838 fustus
775 1801 892 1831 Ambr.
906 1803 1085 1830 sem—321
1125 1800 1217 1830 Esset
1233 1801 1324 1838 turpe
1341 1798 1440 1826 minus
1466 1797 1592 1827 Mor-et.
1617 1805 1665 1835 pr.

200 1846 284 1876 Exn.
316 1844 458 1874 Gevart.
494 1844 605 1873 mediis
633 1843 708 1874 Ald.
747 1843 919 1882 levibusque
944 1842 1192 1873 '1¹holos.—323
1231 1841 1380 1880 probatur
1406 1839 1472 1868 duo
1498 1839 1667 1868 Mor-et.—

201 1890 262 1919 324
285 1897 381 1925 regna
394 1887 521 1916 Thuan.
554 1890 647 1924 gerat
664 1885 782 1916 Ainbr.
801 1888 975 1916 sem—325
1007 1886 1100 1915 Vesta
1124 1884 1218 1915 Med.
1235 1893 1285 1922 pr.
1312 1884 1379 1912 inc.
1398 1881 1517 1912 Heins.
1532 1880 1666 1911 Mazar.

202 1930 268 1960 duo
287 1930 406 1960 Petav.
420 1930 504 1959 Exc.
523 1929 663 1959 Luceus.
681 1939 732 1967 pr.
748 1929 802 1959 ed.
823 1930 934 1959 Vicet.
974 1928 1067 1958 Terra
1084 1927 1150 1958 duo
1169 1926 1269 1957 Leid.
1293 1930 1327 1956 et
1340 1924 1463 1964 viginti
1487 1922 1556 1961 alii,
1583 1923 1665 1953 item

202 1974 285 2004 Exc.
304 1972 444 2003 Gevnrt.
487 1972 584 2002 Terra
599 1972 650 2002 vel
674 1972 767 2002 Vesta
781 1972 861 2002 Vat.
881 1981 931 2011 pr.
951 1971 1058 2002 Oisel.
1076 1972 1158 2001 Lov.
1200 1969 1301 1999 Tellus
1324 1977 1384 2007 pro
1411 1968 1496 1997 Jano
1521 1966 1604 1996 Lov.
1621 1975 1666 1995 m.

202 2018 360 2056 pr.—326
385 2014 544 2045 Eunuchis
557 2025 588 2054 q.
605 2017 628 2044 t.
646 2015 724 2045 Deis
737 2015 817 2045 Vat.
834 2014 1051 2055 quium—327
1076 2013 1176 2043 intrat
1195 2012 1259 2042 hoec
1276 2012 1376 2041 Farn.
1415 2010 1512 2039 intret
1540 2008 1666 2039 Petav.

204 2063 282 2089 tert.
318 2058 476 2098 *intratque
504 2058 570 2088 hoec
601 2058 685 2089 Exc.
712 2058 856 2088 Gevart.
896 2058 959 2088 laec
985 2057 1069 2087 inter
1097 2056 1210 2086 Oxou.
1236 2055 1416 2085 secu—329
1439 2051 1528 2082 habet
1544 2050 1667 2082 Alci.—

860 2154 1002 2185 NOTAE

201 2234 349 2273 sulibus3
378 2234 503 2265 sedhic
528 2244 634 2265 annus
651 2234 780 2265 horruit
805 2235 908 2266 nomi-
1006 2234 1165 2274 Tritonia]
1212 2234 1327 2264 Pallas
1356 2242 1375 2263 a
1402 2231 1527 2272 palude
1553 2229 1667 2261 Trito-

201 2285 273 2316 nari
300 2284 343 2314 ab
374 2284 537 2324 Eutropio
553 2295 561 2321 ;
587 2289 622 2315 et
642 2284 749 2316 Janus
775 2284 906 2315 bifrons
961 2285 1039 2316 nidc
1057 2286 1090 2315 in
1108 2283 1238 2323 Africa,
1255 2283 1311 2314 ubi
1330 2287 1412 2313 nata
1428 2282 1567 2312 dicitur.

201 2345 261 2368 ore
278 2335 407 2376 duplici
437 2335 594 2366 clamavit
619 2344 690 2365 rem
718 2344 793 2365 esse
821 2335 906 2366 insa·
1006 2339 1067 2366 327
1108 2335 1185 2365 Inde
1210 2333 1397 2373 sacerdotes]
1443 2333 1494 2363 Ex
1521 2331 1666 2367 foeminis

201 2397 291 2426 nam,
308 2387 488 2424 insuetam,
511 2385 724 2424 horrendam,
749 2385 777 2416 si
803 2395 906 2416 eunu-
960 2386 1132 2425 eliguntur
1149 2384 1360 2422 sacerdotes,
1373 2392 1512 2424 quarum
1526 2385 1667 2422 pectora

201 2439 282 2470 chus
301 2437 407 2467 fastos
432 2438 587 2475 intraret,
611 2436 675 2466 hoc
704 2442 767 2475 est,
781 2436 905 2466 Consul
963 2436 1108 2467 Phoebus
1140 2434 1245 2473 afflat,
1275 2438 1311 2464 et
1337 2443 1412 2473 quae
1437 2432 1667 2462 vaticinantur

201 2493 313 2520 esset:
340 2488 372 2518 id
399 2488 486 2528 quod
503 2487 607 2518 fiebat
626 2487 783 2518 Calendis
798 2487 904 2519 Janu-
959 2487 1099 2526 Delphis
1117 2485 1158 2515 ad
1173 2485 1322 2514 radicem
1341 2481 1516 2513 Parnassi.

204 2539 294 2570 ariis.
1002 2540 1064 2567 3225
1090 2536 1252 2573 Troianam
1277 2532 1468 2571 Minerram]
1513 2531 1576 2561 Vel
1603 2540 1664 2571 po-

244 2592 305 2619 321
333 2588 448 2626 Medis,
464 2586 598 2626 Saboeis]
645 2587 735 2617 Asiae
758 2586 902 2626 populis.
959 2588 1025 2617 tiu„
1065 2585 1272 2621 Palladium,
1330 2592 1387 2612 seu
1443 2582 1657 2612 smunlacrum

243 2642 305 2670 324
351 2637 495 2678 Sceptra]
542 2637 745 2668 Aristoteles
789 2642 901 2666 tamen
958 2637 1116 2678 Trojanae
1156 2634 1334 2671 Minvrvae,
1373 2632 1462 2673 quod
1500 2632 1660 2662 Vestales

202 2690 290 2730 apud
308 2689 492 2719 Lucianum
507 2689 634 2727 Regem
651 2688 838 2718 eunuchum
853 2688 901 2718 ita
958 2688 1037 2717 solae
1055 2695 1176 2725 magna
1191 2694 1270 2715 cura
1289 2684 1509 2713 asservabant
1525 2691 1533 2719 ;
1572 2685 1610 2712 ut
1626 2681 1662 2711 in

202 2742 343 2772 miratus
372 2745 436 2777 est,
459 2744 497 2770 ut
523 2739 572 2769 illi
600 2739 741 2780 perinde
767 2749 807 2770 ac
830 2739 902 2769 Diis
960 2747 1026 2778 quo
1042 2737 1156 2766 Romae
1174 2733 1282 2765 fatum
1302 2733 1501 2773 ponebatur.

203 2799 301 2824 sacra
316 2789 456 2821 faceret.
1004 2790 1066 2820 329
1090 2785 1319 2825 flammasque]
1363 2783 1520 2816 Vestales
1548 2781 1662 2823 ignem
