1852 3193
253 216 338 258 480
702 228 778 257 ci..
812 223 1093 256 CLAUDIAM
1130 223 1278 254 xvxii.

249 321 316 364 Te
336 322 452 363 foliis
473 320 644 362 Arabes
666 320 816 368 ditent,
838 322 880 359 te
903 317 1062 359 vellere
1083 317 1212 359 Seres
1230 332 1241 360 ε

251 390 416 431 Nullus
438 390 563 442 inops
583 388 709 436 adeo,
731 387 896 427 nullum
919 386 983 426 sio
1005 390 1129 438 urget
1148 389 1338 438 egestas,

250 456 316 498 Ut
338 457 439 498 velit
461 455 661 508 Eutropii
682 454 895 495 fortunam
918 457 962 495 et
982 454 1180 494 membra
1200 453 1386 507 pacisci.

305 525 496 577 Jamque
517 523 652 563 oblita
671 522 754 571 sui,
775 534 855 562 nec
880 521 1028 562 sobria
1048 520 1218 561 divitiis
1239 532 1391 573 mens;

249 592 302 632 In
322 592 508 632 miseras
528 591 644 642 leges
665 589 977 642 hominumque
997 588 1175 641 negotia
1193 588 1318 629 ludit.

247 657 430 699 Judicat
450 658 687 698 eunuchus.
748 656 869 707 Quid
883 656 980 710 jam
1002 655 1057 696 de
1079 655 1277 696 Consule
1298 656 1460 697 miror?

248 724 521 778 Prodigium,
544 725 855 779 quodcumque
877 725 996 778 gerit.
1060 723 1174 775 Quae
1198 723 1362 776 pagina
1378 724 1479 764 lites

249 791 287 833 F
289 793 501 834 oemineas
522 793 750 835 meminit?
784 793 946 846 quibus
968 805 1156 845 unquam
1178 792 1345 832 saecula
1366 791 1493 833 terris

1623 587 1709 631 230
1749 650 1754 653 Π

248 901 369 933 Arabes
396 903 579 942 locupletent
601 905 632 932 te
656 902 817 939 aromatis,
848 906 878 932 te
910 902 1002 931 Seres
1027 901 1209 932 velleribus.-
1232 912 1319 932 nemo
1335 906 1387 932 est
1403 905 1468 932 tam
1483 911 1610 941 pauper,
1624 910 1711 932 men-

247 944 360 975 dicitas
376 945 422 974 ita
438 948 530 975 rea-ut
552 945 717 981 neminem,
741 947 775 973 ut
798 944 869 973 velit
885 944 996 974 habere
1021 953 1092 982 opes
1120 945 1265 983 Eutropii
1290 955 1357 975 cum
1384 954 1507 983 corpo-re
1534 945 1618 984 ejus.
1665 944 1711 974 Et

240 987 311 1024 jam,
334 986 456 1016 animus
485 987 642 1016 immemor
665 986 727 1023 sui,
755 989 784 1016 et
814 985 917 1015 ebrius
944 985 1064 1025 opibuS,
1081 986 1212 1015 ludibrio
1228 986 1331 1016 habet
1357 988 1436 1024 leges
1451 988 1593 1027 afflictas,
1609 989 1639 1017 et
1662 995 1712 1016 res

248 1029 433 1059 mortalium.
482 1028 754 1064 Eunuchusjudex
770 1031 823 1059 est.
873 1027 958 1062 Quid
975 1027 1047 1065 jam
1063 1027 1200 1057 admiror
1215 1029 1252 1057 de
1271 1026 1425 1058 Consule?
1453 1028 1606 1068 Quicquid
1614 1028 1712 1068 facit,

249 1073 417 1102 monstrum
432 1073 487 1102 est.
535 1071 613 1105 Quae
629 1070 768 1101 historice
783 1073 938 1100 testantur
953 1069 1146 1108 litigationes
1166 1068 1349 1101 muliebres!
1365 1070 1472 1110 quibus
1488 1070 1522 1101 in
1535 1071 1713 1110 regionibus

865 1175 1100 1188 eeeeeeeeeeee

249 1254 388 1287 Tliolos.
402 1254 508 1295 spoliis
525 1264 629 1293 marg.
646 1255 764 1294 Isingr.
789 1254 916 1286 Arabes.
930 1264 1005 1285 cum
1028 1253 1136 1295 τελείᾳ
1152 1255 1280 1296 στιγμῇ,
1296 1255 1422 1285 Moret.
1439 1263 1490 1293 pr.
1506 1253 1620 1285 ditent.
1636 1262 1714 1285 cum

250 1299 379 1339 στιγμῇ,
396 1298 474 1328 Pat.
513 1302 543 1329 te
580 1299 681 1329 ditent
699 1298 778 1329 Vat.
813 1303 892 1329 tert.
920 1309 935 1329 e
965 1299 1075 1329 vellere
1098 1298 1209 1329 Oxon.
1234 1308 1283 1338 pr.
1322 1300 1351 1328 et
1387 1297 1498 1328 vellere
1513 1297 1591 1327 vat.
1616 1306 1714 1336 pr.—

249 1343 311 1372 ⁴227
336 1342 412 1371 adeo
436 1344 480 1371 est
497 1341 578 1373 Jun.
604 1351 653 1381 pr.
682 1345 774 1380 urget
790 1342 867 1372 Vat.
893 1351 942 1381 pr.
971 1341 1077 1372 Oisel.
1105 1339 1197 1371 Med.
1222 1345 1301 1371 tert.
1328 1341 1409 1380 Reg.
1434 1340 1566 1371 Mazar.
1594 1338 1713 1370 Ambr.

249 1392 317 1415 sec.
336 1384 417 1414 Exc.
435 1383 525 1414 Laeti
556 1389 590 1414 et
614 1384 758 1415 Lucens.
783 1393 847 1415 sec.
871 1386 960 1423 coget
976 1384 1055 1415 Vat.
1084 1393 1150 1414 sec.
1175 1383 1246 1414 Pal.
1264 1384 1362 1414 Farn.
1392 1383 1484 1413 Med.
1514 1392 1563 1422 pr.
1586 1382 1713 1413 Moret.

249 1426 384 1466 pr.duo
408 1426 529 1457 Petav.
558 1427 642 1456 Bon.
674 1426 751 1457 Pat.
778 1427 894 1457 Ambr.
922 1436 972 1466 pr.
1001 1427 1112 1457 Oxon.
1141 1427 1308 1457 sec.Va1·.
1335 1426 1401 1456 LL.
1425 1435 1443 1456 e
1468 1434 1572 1464 marg.
1597 1425 1714 1457 Parm.

249 1469 302 1500 ed.
318 1468 430 1499 Vicet.
447 1470 530 1507 cogit
557 1469 737 1500 duodecim
755 1469 824 1507 alii,
841 1474 876 1500 et
892 1470 945 1500 ed.
964 1470 1076 1500 Parin.
1099 1472 1183 1508 coget
1202 1470 1253 1499 vel
1270 1471 1361 1507 urget
1378 1466 1714 1505 Put.——228formam

249 1511 322 1542 Pal.
351 1511 498 1542 Florent.
525 1512 619 1542 Med.
647 1521 698 1551 pr.
730 1512 875 1542 Eunuchi
892 1511 1058 1550 fortunam
1076 1511 1262 1543 Aah—229
1285 1521 1344 1541 non
1370 1511 1471 1541 sobria
1498 1511 1563 1541 inc.
1591 1510 1713 1542 Heius.

247 1554 330 1584 Var.
342 1553 407 1584 LL.
421 1564 439 1585 e
453 1554 726 1594 marg.Parm.de
739 1555 947 1586 ritiisOxon.
964 1557 1139 1586 sec.—-·230
1156 1555 1202 1585 En
1216 1554 1342 1584 miserus
1356 1554 1553 1594 conjecerat
1568 1552 1713 1593 primum

248 1596 423 1633 Heinsius
441 1597 501 1628 sed
519 1602 637 1637 postea
651 1597 867 1637 improbavit,
879 1598 1028 1637 ascripto
1045 1607 1093 1628 vs.
1112 1600 1182 1628 190.
1206 1598 1214 1614 ‘
1234 1606 1360 1636 pronus
1378 1597 1408 1626 in
1427 1605 1542 1627 auram
1558 1593 1716 1626 AEstuat.'

249 1642 363 1668 mentes
391 1639 486 1670 Med.
514 1644 623 1680 quart.
648 1640 728 1670 ludit
760 1640 844 1670 Exo.
871 1641 1012 1670 Lucens.
1039 1650 1106 1671 sec.
1134 1640 1218 1669 venit
1247 1639 1429 1669 ed.Vi‹·et.
1454 1639 1539 1669 venit
1555 1639 1609 1669 vel
1634 1637 1715 1669 ludit

249 1681 379 1711 Mazar.
406 1682 487 1711 Exc.
517 1683 594 1712 Pat.
621 1684 795 1712 rea—231
820 1683 964 1720 quidnam
1001 1683 1084 1713 Eine.
1127 1682 1221 1712 Laeti.
1259 1682 1330 1720 quid
1367 1685 1432 1711 tam
1463 1681 1556 1711 Rott.
1592 1683 1715 1711 tantuin.

250 1723 381 1754 Consule
399 1723 512 1753 mirum
527 1724 658 1754 Thuan.
682 1721 804 1754 mirer?
828 1725 891 1762 leg.
923 1724 1148 1753 Heius—232
1174 1724 1357 1761 Prodigium
1375 1724 1454 1752 Vat.
1482 1723 1590 1762 quint.
1614 1723 1712 1754 Farn.

250 1766 363 1796 Oxou.
396 1775 444 1804 pr.
470 1765 654 1803 Prodigium
688 1768 733 1795 est
770 1769 839 1795 tres
870 1766 967 1796 Vatt.
1002 1765 1076 1795 Pal.
1114 1765 1205 1795 Prie.
1236 1764 1330 1795 Rott.
1356 1764 1464 1795 Oisel.
1493 1762 1576 1795 Exc'.
1613 1765 1714 1797 Laeti.

248 1816 435 1846 quocumque
464 1807 669 1837 Parin—233
694 1806 748 1837 Sic
775 1810 861 1837 actas
892 1817 953 1846 pro
974 1806 1140 1844 soemineas
1164 1807 1242 1836 Vnt.
1263 1806 1369 1836 Livin.
1397 1816 1500 1845 marg.
1529 1807 1650 1847 Isingr.
1679 1812 1714 1838 et

248 1849 306 1880 lib.
331 1849 447 1880 Barth.
479 1849 693 1880 Philetaeros
711 1859 771 1880 rex
800 1850 990 1880 Eunuchus.
1022 1849 1160 1880 Lucian.
1187 1858 1219 1889 p.
1246 1851 1320 1880 91-1.
1348 1848 1402 1879 Sic
1427 1852 1504 1879 oetus
1520 1853 1554 1880 et
1580 1850 1714 1881 emend.

907 1934 1050 1966 NOTAE

249 2007 478 2050 pretiosiores.
523 2009 578 2040 Sic
603 2009 714 2041 Julius
740 2010 856 2041 Caesar
873 2019 953 2049 pon-

249 2060 312 2091 dus
341 2069 549 2100 gemmarum
577 2060 738 2100 exigebat
767 2060 800 2090 in
819 2060 952 2091 Britan-

247 2110 315 2141 nia.

291 2162 356 2190 ’226
380 2159 494 2199 Foliis]
540 2160 715 2198 odoratis,
750 2169 791 2191 ex
830 2160 952 2201 quibus

248 2208 378 2240 fiebant
426 2215 587 2250 aromata,
633 2221 693 2242 seu
741 2215 951 2251 unguentum

248 2258 416 2290 foliatum.

291 2308 397 2349 Seres]
420 2310 545 2350 Populi
561 2310 667 2349 Asiae,
685 2311 742 2351 qui
759 2320 801 2341 ex
829 2311 954 2342 arbori-

249 2358 312 2391 bus
340 2359 530 2398 depectunt
558 2361 752 2401 lanuginem
784 2362 953 2402 quandam

249 2409 496 2442 admirabilem.
513 2412 622 2452 Supra
635 2410 676 2441 de
688 2411 848 2442 111.Cons.
862 2412 953 2444 Hon.

248 2469 298 2491 vs.
321 2463 395 2492 210.

292 2513 356 2542 228
380 2511 552 2542 Fortunam
583 2515 614 2543 et
651 2511 787 2543 membra
820 2511 952 2552 pacisci]

246 2561 386 2601 Tamen,
411 2560 553 2593 florente
580 2563 761 2603 Eutropio,
790 2562 887 2593 multi
916 2572 952 2593 se

249 2612 421 2642 eunuchos
438 2610 610 2652 fecerunt,
626 2616 664 2643 ut
688 2612 833 2643 eunuchi
849 2621 952 2643 eunu-

249 2661 313 2692 cho
343 2660 465 2692 fierent
489 2661 724 2702 jucundiores,
755 2662 871 2703 sicque
909 2662 951 2693 ad

249 2711 393 2743 honores
406 2713 636 2753 pervenirent.
680 2713 772 2745 Quid
788 2723 854 2745 non
868 2723 952 2745 mor-

253 2762 333 2793 talia
349 2767 492 2803 pectora
505 2763 614 2804 cogis‚
628 2761 799 2795 Ambitio!

1051 2011 1110 2040 231
1137 2009 1283 2050 Judicut]
1306 2009 1359 2040 Ita
1376 2009 1502 2040 divitiis
1519 2013 1570 2041 est
1585 2009 1713 2049 ebrius,

1008 2058 1059 2090 ita
1081 2060 1290 2099 obcaecatus,
1306 2060 1492 2101 utjudicet
1508 2070 1570 2101 per
1586 2060 1714 2101 ludum,

1008 2114 1044 2140 et
1060 2120 1112 2142 res
1135 2111 1295 2141 humanas
1311 2110 1457 2142 ludibrio
1473 2110 1601 2142 habere
1618 2109 1712 2142 vide·

1009 2165 1099 2191 atur.

1051 2214 1113 2242 232
1151 2211 1240 2241 Lites
1255 2210 1437 2251 foemineas]
1478 2210 1645 2242 Foeminas
1677 2210 1714 2243 in

1007 2262 1170 2293 Senatum
1187 2262 1302 2293 venire
1315 2261 1410 2293 nefas
1425 2266 1499 2293 erat
1513 2272 1522 2300 ;
1546 2267 1581 2293 et
1597 2260 1712 2293 inferis

1008 2312 1081 2352 ejus
1109 2317 1214 2353 caput
1231 2312 1474 2353 devovebatur,
1499 2313 1555 2354 qui
1581 2311 1712 2343 mulieri

1009 2367 1129 2394 auctor
1166 2368 1240 2393 erat
1274 2364 1373 2403 hujus
1413 2363 1577 2394 violandae
1615 2363 1712 2404 legis.

1007 2413 1165 2444 Valerius
1182 2413 1365 2445 Maximus.
1413 2414 1506 2445 Dido
1526 2419 1640 2445 tamen
1666 2423 1710 2444 ex

1006 2463 1162 2503 Virgilio,
1198 2464 1286 2496 Jove
1331 2465 1565 2504 permittente,
1601 2464 1609 2480 ‘
1624 2463 1712 2496 Jura

1007 2514 1124 2552 dabat,
1139 2515 1300 2555 legesque
1329 2515 1429 2545 viris.'
1455 2514 1545 2545 Huic
1558 2514 1713 2554 Jupiter,

1007 2564 1015 2580 ‘
1034 2563 1241 2603 Justixiaque
1272 2563 1367 2594 dedit
1405 2568 1524 2604 gentes
1561 2563 1711 2596 fraenare

1008 2612 1193 2652 superbas!
1240 2613 1284 2643 Et
1312 2613 1525 2645 Justinianus
1555 2614 1710 2645 Theodo-

1007 2672 1077 2693 ram
1090 2673 1228 2694 uxorem
1241 2664 1283 2695 ad
1296 2664 1444 2705 Reipub.
1461 2664 1603 2697 consilia
1618 2664 1712 2697 adhi-

1008 2712 1095 2755 buit,
1111 2715 1174 2746 avc.
