1852 3193
263 201 348 244 100
743 211 818 243 ci..
851 210 1134 242 cmunmm
1169 210 1244 240 111.

261 309 405 359 Error,
426 311 468 349 et
487 306 702 348 undantes
721 307 888 360 spumis
908 306 1140 347 furialibus
1160 304 1253 345 irae.

263 377 368 419 Non
389 378 471 418 nisi
493 376 725 430 quaesitum
745 379 932 427 cognata
954 373 1057 413 sede
1079 384 1290 422 cruorem,

261 447 522 488 Illicitumve
544 445 669 493 bibit,
690 444 856 496 patrius
879 455 1007 495 quem
1025 441 1186 481 fuderit
1203 440 1337 490 ensis,

261 513 404 564 Quem
424 515 619 555 dederint
638 512 805 552 fratres.
868 510 986 551 Haec
1009 509 1162 549 terruit
1183 508 1397 549 Herculis
1417 521 1510 558 ora,

260 579 318 621 Et
338 581 588 622 defensores
609 584 819 620 terrarum
840 577 998 631 polluit
1019 589 1148 617 arcus
1166 589 1176 616 ε

261 647 378 690 Haec
396 646 726 689 Athamantheae
747 645 910 685 direxit
929 643 1106 698 spicula
1127 642 1298 684 dextrae
1316 657 1327 684 ε

260 715 379 756 Haec
401 714 774 768 Agamemnonios
794 713 904 753 inter
924 710 1141 752 bacchata
1163 714 1345 764 penates

259 781 452 824 Alternis
473 782 577 822 lusit
591 780 757 835 jugulis
776 793 787 820 ε
818 779 902 820 hac
925 779 1105 832 auspice
1125 778 1258 818 taedae

258 906 329 934 sunt
343 903 400 933 iroe
416 913 545 941 vesanae,
566 905 597 933 et
622 901 765 932 vecordia
780 900 878 941 impia
894 901 1017 938 mentis,
1043 910 1078 930 ac
1094 899 1224 938 furores
1237 899 1429 930 exundantes
1452 896 1571 939 spumis
1594 895 1724 927 rabidis.

259 945 321 976 Illa
341 955 401 975 non
427 945 527 975 sorbet
552 945 744 983 sanguinem,
768 944 829 973 nisi
851 944 1044 983 prohibitum
1068 946 1096 972 et
1120 945 1296 972 manantem
1313 951 1354 971 ex
1370 945 1477 979 strage
1500 943 1726 978 cognatorum,-

257 998 345 1028 quem
360 988 553 1022 sanguinem
580 987 705 1024 gladius
727 989 874 1025 paternus
885 986 1050 1025 sparserit,
1071 995 1160 1025 quem
1180 985 1303 1022 fratres
1327 983 1507 1023 effuderint.
1555 982 1635 1012 Hoec
1651 981 1724 1011 Me-

257 1040 348 1070 gaera
361 1030 533 1070 perterruit
548 1030 667 1059 vultum
687 1028 845 1065 Herculis,
861 1031 891 1057 et
914 1028 1023 1066 injecit
1039 1029 1175 1065 sagittus
1190 1026 1382 1056 liberatrices
1396 1026 1496 1055 orbis.-
1520 1025 1585 1055 haec
1601 1024 1722 1054 direxit

255 1073 318 1104 tela
334 1082 442 1103 manus
457 1070 680 1102 Athamantis.-
714 1070 779 1100 Izoec
797 1070 910 1106 furens
935 1071 969 1099 in
996 1070 1104 1109 Regia
1116 1069 1371 1108 Agamemnonis,
1392 1068 1513 1098 lascivit
1533 1065 1725 1108 jugulando

868 1164 1108 1176 eeeeeeeeeeee

255 1253 308 1284 pr.
342 1245 491 1276 tumultus
506 1243 560 1274 vel
584 1242 736 1283 profanus
751 1243 995 1273 Florent.——76
1021 1241 1136 1273 Terror
1153 1241 1268 1273 Oxou.
1286 1249 1356 1271 sec.
1397 1238 1500 1279 spinis
1514 1238 1596 1271 Vat.
1609 1247 1726 1270 sec.—

253 1289 296 1318 7⁷
321 1287 388 1318 Nec
403 1288 481 1317 Vat.
496 1291 609 1326 quart.
626 1286 680 1317 ed.
696 1285 831 1325 Gryph.
864 1286 935 1316 cede
950 1286 1052 1316 Farn.
1068 1290 1105 1315 et
1121 1284 1188 1315 duo
1203 1284 1244 1315 al.
1279 1285 1361 1314 ccede
1376 1282 1484 1313 edidit
1502 1282 1608 1313 Gesn.
1625 1280 1723 1312 Leid.

256 1329 330 1360 Non
355 1330 383 1359 si
404 1329 526 1360 Sched.
553 1327 730 1359 Gna—73
753 1328 964 1367 [divitumque
980 1327 1046 1358 dno
1062 1327 1142 1357 vat.
1163 1327 1260 1357 Rott.
1279 1326 1354 1356 Pal.
1386 1324 1439 1355 ed.
1462 1324 1577 1355 Vicet.
1606 1323 1722 1354 Parm.

256 1370 337 1402 Ald.
353 1372 477 1411 Isingr.
494 1371 626 1411 Gryph.
644 1371 743 1401 Delr.
762 1371 803 1400 al.
828 1370 1016 1400 Illicitumre
1028 1370 1245 1400 Pat.Thuan.
1260 1368 1343 1398 Put.
1355 1367 1478 1398 Petav.
1497 1371 1577 1397 tert.
1591 1367 1723 1398 Mazar.

255 1414 383 1445 Moret.
405 1415 488 1445 Exc.
505 1414 600 1444 Voss.
648 1413 855 1452 luit-itumque
871 1413 924 1442 vel
941 1413 1130 1444 Illicitumre
1146 1413 1272 1442 Moret.
1289 1419 1357 1441 sec.
1398 1410 1502 1450 patris
1518 1410 1596 1439 Vat.
1612 1409 1725 1449 quint.

248 1455 382 1494 fuderat
398 1457 550 1487 Florent.
568 1461 603 1486 et
616 1456 700 1486 Exc.
719 1456 953 1486 Luc-ens.—79
976 1456 1093 1485 torruit
1118 1455 1172 1486 ed.
1191 1455 1392 1484 Vicet.·-80
1417 1453 1461 1482 Et
1487 1451 1584 1482 Leid.
1612 1461 1664 1491 pr.
1687 1455 1725 1483 et

255 1500 342 1530 Exc.
360 1500 502 1530 Lucens.
519 1508 589 1530 sec.
615 1499 694 1529 Haec
710 1503 857 1539 quatuor
873 1499 954 1528 Vat.
969 1498 1047 1528 Pal.
1067 1498 1164 1528 Fam.
1182 1497 1275 1527 Prie.
1295 1497 1391 1527 Rott.
1407 1495 1515 1526 Oisel.
1549 1493 1724 1532 defensoris

254 1541 354 1573 Leid.
372 1551 441 1573 sec.
458 1543 546 1573 alter
563 1542 690 1572 Moret.
707 1551 726 1571 a
747 1551 791 1572 m.
809 1551 878 1572 sec.
896 1546 930 1571 et
955 1542 1037 1572 Exc.
1055 1540 1198 1571 Gevart.
1222 1539 1336 1570 terruit
1350 1539 1429 1569 Vat.
1446 1546 1514 1568 sec.
1533 1537 1627 1568 Pric.
1645 1537 1723 1568 Pat.

254 1585 356 1616 Farn.
376 1586 487 1625 polluit
502 1585 555 1615 vel
569 1584 683 1615 terruit
696 1585 777 1614 Vat.
795 1593 846 1624 pr.
870 1587 959 1614 artus
974 1584 1049 1614 Pal.
1065 1583 1144 1622 duo,
1160 1582 1280 1613 Ambr.
1299 1582 1379 1620 duo,
1395 1580 1490 1611 Med.
1508 1579 1634 1610 Petav.
1646 1579 1726 1620 duo,

255 1627 340 1659 Exc.
353 1627 497 1658 Gevart.
513 1627 636 1658 Sched.
654 1627 745 1657 Gud.
763 1627 816 1656 ed.
831 1627 945 1657 Vicet.
963 1625 1041 1657 Ald.
1059 1626 1167 1657 Colin.
1189 1635 1293 1664 marg.
1314 1624 1439 1654 Morin.
1462 1632 1552 1654 arcus
1568 1622 1621 1653 vel
1635 1625 1724 1653 artus

252 1669 335 1701 Put.
359 1672 447 1701 alter
466 1671 591 1701 Moret.
606 1669 702 1700 Med.
719 1671 918 1710 quart.-—81
944 1668 1191 1699 Athamantheos
1208 1668 1287 1698 Yat.
1304 1671 1419 1708 quart.
1436 1670 1471 1696 et
1499 1666 1607 1706 quint.
1631 1673 1651 1695 a
1675 1675 1724 1696 m.

252 1721 306 1752 pr.
322 1713 412 1743 unde
432 1713 592 1744 Heinsius
609 1712 815 1752 conjiciebat
830 1711 1101 1742 Athamantiados.
1133 1711 1230 1741 Leid.
1246 1710 1479 1741 Atltamanteos.
1507 1710 1605 1739 Farn.
1622 1708 1725 1738 Acha-

251 1759 483 1788 manteoe.—S2
516 1765 580 1785 uno
608 1756 714 1786 verbo
743 1754 975 1785 interbacchata
1002 1754 1077 1784 cod.
1105 1754 1312 1784 Barth—83
1337 1751 1481 1782 Alternis
1507 1752 1584 1781 lusit
1599 1750 1726 1789 jugulis

253 1797 340 1828 Exc.
358 1799 501 1829 Lucens.
544 1798 687 1828 Alternis
701 1797 822 1836 jugulis
837 1798 911 1827 lusit
929 1798 1008 1827 Vat.
1025 1798 1134 1836 quint.
1179 1796 1323 1827 Alterius
1338 1795 1433 1825 Leid.
1454 1803 1504 1833 pr.
1522 1803 1602 1824 a·m.
1618 1802 1671 1833 pr.
1687 1798 1725 1824 et

254 1840 310 1872 ed.
323 1841 439 1872 Vicet.
471 1841 553 1872 luxit
573 1842 692 1871 Petav.
711 1849 779 1872 sec.
796 1839 870 1870 cod.
888 1840 1029 1870 Farnes.
1056 1838 1170 1870 Thebae
1185 1839 1279 1870 Med.
1296 1847 1349 1879 pr.
1364 1838 1444 1869 Vat.
1460 1846 1513 1878 pr.
1530 1836 1604 1867 Pal.
1622 1837 1725 1868 Farn-

915 1936 1062 1968 NOTAE

250 2011 352 2044 animi
367 2010 526 2050 furentis,
549 2011 606 2053 qui
632 2011 711 2042 nihil
728 2016 885 2043 sanctum
901 2011 958 2041 ha-

249 2061 321 2102 bet,
347 2061 407 2092 sed
435 2061 547 2093 omnia
568 2066 707 2102 spectat
742 2060 895 2102 facitque
920 2065 958 2092 ut

249 2112 403 2153 profana.

293 2166 332 2193 77
361 2163 507 2192 Cruor-em
522 2162 665 2192 illicitum
681 2162 774 2201 bibit]
793 2162 871 2192 Non
885 2163 958 2192 hos-

249 2212 344 2244 tilem
370 2212 457 2242 bibit
483 2211 725 2248 cruorem,sed
754 2216 903 2251 patrum,
920 2211 957 2241 fi-

250 2262 385 2300 liorum,
401 2260 558 2298 fratrum,
572 2260 770 2297 amicorum,
785 2269 858 2290 sese
873 2259 957 2290 invi-

250 2321 325 2342 cem
343 2311 585 2342 occidentium.

292 2364 336 2392 79
362 2361 485 2392 Terruit
507 2360 654 2391 Herculis
667 2359 737 2399 ora]
779 2359 863 2389 Cum
880 2368 957 2390 eum

248 2410 356 2441 vertit
372 2412 405 2440 in
421 2415 550 2441 tantum
566 2408 726 2448 furorem,
753 2412 790 2439 ut
813 2417 849 2439 se
867 2409 955 2449 rogis

251 2462 450 2493 ardentibus
467 2461 633 2501 injecerit.

293 2515 334 2542 80
357 2512 545 2550 Defensores
560 2515 715 2541 terrarum
730 2509 836 2549 arcus]
868 2509 954 2540 Nam

249 2561 418 2593 Hercules
435 2561 593 2602 purgavit
608 2561 723 2591 orbem
742 2559 910 2590 monstris.

293 2613 427 2652 Polluit]
473 2611 677 2648 Parricidim
701 2610 790 2651 quod
820 2609 954 2640 admisit

251 2662 286 2692 in
300 2671 389 2702 suos,
406 2662 596 2693 occidendo
615 2671 752 2692 uxorem
768 2668 802 2691 et
821 2660 955 2690 liberos.

293 2715 332 2743 81
342 2712 595 2752 Athamantlzeae]
606 2712 781 2751 Adlatum,
788 2710 866 2741 Rex
872 2711 957 2741 The-

251 2760 383 2805 barum,
399 2763 590 2794 Learchum
604 2761 711 2798 filium
726 2760 916 2794 interfecit.

1055 2015 1097 2043 82
1132 2010 1310 2052 Bacchata]
1356 2011 1486 2042 Furens
1514 2017 1608 2040 more
1635 2008 1724 2040 Bac-

1012 2062 1197 2094 chantium.

1055 2113 1206 2153 Penates]
1252 2113 1338 2143 Sunt
1357 2112 1414 2143 Dii
1431 2109 1634 2142 domestici:
1668 2118 1724 2140 ac-

1013 2164 1187 2204 cipiuntur
1204 2173 1266 2203 pro
1282 2163 1395 2193 domo.

1055 2216 1096 2244 83
1121 2213 1227 2251 Lusit]
1273 2213 1323 2242 Eo
1337 2211 1511 2242 adducens
1534 2209 1722 2250 AEgisthum

1013 2263 1221 2300 adulterum,
1258 2267 1292 2292 et
1330 2262 1644 2301 Clytaemnestram,
1683 2264 1723 2291 ut

1013 2313 1193 2352 conjugem
1230 2312 1523 2351 Agamemnonem
1555 2320 1599 2341 ex
1632 2309 1723 2340 bello

1011 2363 1159 2402 Trojano
1187 2362 1390 2392 redeuntem
1421 2360 1641 2391 occiderent:
1680 2368 1722 2391 eo

1010 2413 1181 2443 adducens
1206 2412 1379 2450 Orestem,
1401 2417 1437 2442 ut
1456 2409 1721 2452 Agamemnonis

1011 2463 1116 2502 patris
1142 2463 1270 2493 caedem
1299 2464 1442 2499 ulturus,
1473 2467 1618 2491 matrem
1643 2459 1723 2499 ety-

1011 2518 1240 2542 taemnestram
1271 2517 1465 2542 mactaret:
1504 2516 1537 2540 et
1566 2510 1615 2540 sic
1645 2509 1723 2539 Me-

1009 2571 1113 2602 gaera,
1134 2562 1251 2592 horum
1281 2562 1447 2592 scelerum
1478 2569 1595 2598 cansa,
1628 2558 1723 2598 lusit,

1002 2612 1191 2652 jugulando
1208 2612 1358 2643 alternos
1375 2613 1549 2651 conjuges.

1051 2662 1201 2703 Auspice]
1253 2661 1356 2693 Ret'as
1383 2662 1461 2692 olim
1492 2665 1568 2691 erat
1589 2663 1722 2692 contra-

1008 2713 1090 2743 here
1105 2714 1254 2753 nuptias,
1271 2712 1333 2742 nisi
1357 2712 1450 2751 prius
1478 2709 1721 2750 exploraretur

1011 2763 1164 2794 Deorum
1191 2763 1370 2794 voluutas:
1405 2761 1484 2792 ideo
1510 2759 1620 2801 prima
1642 2759 1720 2791 luce
