1852 3193
246 218 302 260 92
718 226 794 255 on.
829 221 1111 255 CLAUDIAM
1149 220 1224 250 111.

246 323 379 364 Nunc
398 323 485 363 alio
507 320 687 362 Domini
707 320 810 361 telis
833 318 1033 372 Pythone
1056 317 1253 369 peremto

305 391 524 432 Convenit
546 389 601 430 ad
624 396 819 429 nostram
844 399 973 426 sacra
993 389 1172 424 caterva
1188 382 1339 435 lyram,

248 457 338 509 Qui
359 458 562 499 stabilem
584 460 763 496 servant
783 453 1000 505 Augustis
1023 450 1235 491 fratribus
1258 450 1434 503 orbem3

303 526 332 567 J
337 527 490 567 ustitia
511 537 681 578 pacem,
703 522 874 562 viribus
899 531 1021 560 arma
1041 523 1215 571 regunt.

245 624 391 655 Astroeoe.
438 622 559 653 Rufino
575 621 669 651 velut
685 620 783 650 altero
802 620 943 660 Pythone
957 618 1054 648 occiso
1069 616 1196 655 sagittis
1220 615 1434 656 Imperatoris,
1457 617 1551 646 coetus
1564 616 1707 644 sacratus

246 675 422 707 procerum
448 665 573 705 confluit
588 665 628 694 ad
643 666 751 693 cantus
766 666 898 699 nostros,
925 662 978 701 qui
1004 669 1164 701 proceres
1190 661 1369 689 conservant
1395 659 1540 689 mundum
1558 657 1706 698 firmum,

237 709 398 747 fratribus
414 707 668 749 Ιηιμεναίυνίὺιιε,
684 709 712 737 et
729 709 841 745 regunt
852 715 957 746 pacem
972 704 1131 745 (equitate,
1147 702 1223 733 bella
1231 701 1436 740 fortitudine.

860 786 1095 798 eeeeeeeeeeee

246 837 289 868 al.
307 835 468 868 Heinsius
482 835 677 876 conjecerat
693 835 900 864 sonorn.-l(3
924 835 1057 862 vestram
1070 832 1149 862 Vat.
1168 830 1277 871 quint.
1292 839 1377 859 unus
1392 828 1621 860 Barthii.-—17
1644 836 1708 859 ser·

246 889 320 911 vans
336 880 563 910 Fai·ne.5.——IS
584 877 669 917 pacis
685 876 802 907 Ambr.
818 881 897 906 tert.
915 875 1020 915 quiet
1036 875 1161 905 cudunt.
1179 877 1287 912 tegunt
1302 873 1355 902 vel
1371 873 1485 903 cadunt
1502 871 1621 902 Ambr.
1637 879 1705 902 sec.

247 922 353 953 Oisel.
381 922 504 953 Petav.
529 924 610 952 tert.
627 920 709 959 regit
724 920 807 951 Exc.
826 919 969 950 Lucens.
986 917 1127 947 Fames,
1155 926 1173 947 a
1190 925 1233 947 m.
1250 925 1319 946 sec.
1334 918 1448 954 gerunt
1464 915 1545 946 Var.
1569 915 1636 945 LL.
1651 913 1706 944 ed.

248 964 354 995 Antv.
905 1000 1046 1034 NOTAE

1046 1067 1087 1095 16
1110 1064 1207 1095 Sacra
1223 1063 1363 1104 caterva]
1388 1063 1589 1104 Procerum,
1605 1063 1708 1095 Sena-

1003 1118 1057 1144 tus
1087 1113 1234 1153 scilicet,
1266 1114 1320 1153 qui
1353 1114 1489 1144 canenti
1521 1113 1708 1145 Claudiano

1002 1162 1134 1194 favent.

289 1073 327 1101 15
354 1069 497 1108 Domini]
540 1067 776 1107 Imperatoris.
807 1065 949 1097 Domini

247 1119 512 1160 appellationem
530 1117 800 1148 utmaledictum
826 1119 860 1145 et
887 1124 946 1155 op-

245 1168 418 1209 probrium
451 1177 586 1208 semper
617 1166 793 1197 exhorruit
815 1165 947 1205 Augus-

246 1223 318 1258 tns;
358 1222 541 1259 sequentes
572 1217 815 1258 Imperatores,
843 1218 948 1248 etiam

246 1270 338 1309 boni,
357 1274 570 1310 receperunt.

289 1320 447 1362 Pythone]
492 1319 630 1359 Rufino,
646 1321 701 1361 qui
718 1324 755 1351 ut
776 1321 864 1351 alter
881 1319 949 1360 Py-

247 1371 326 1402 thon
344 1372 455 1401 onmia
471 1370 665 1402 infestabat.
689 1371 810 1412 Neque
826 1380 948 1401 novum

247 1425 300 1453 est
327 1421 496 1453 homiuem
530 1420 713 1460 pessimum
751 1429 949 1460 comparare

246 1471 413 1512 serpenti.
459 1470 581 1502 Cicero
606 1470 648 1501 de
673 1470 832 1501 Vatinio:
858 1472 866 1487 ‘
885 1471 950 1510 Te,

248 1526 405 1562 tanquam
436 1530 573 1561 serpens
605 1530 622 1551 e
653 1520 815 1560 latibulis,
844 1520 949 1551 oculis

246 1571 487 1611 eminentibus,
518 1569 636 1602 inflato
674 1571 773 1611 collo,
811 1571 949 1602 tumidis

247 1621 440 1653 cervicibus
456 1621 626 1653 intulisti:

1045 1217 1086 1245 17
1111 1214 1175 1249 Qui
1190 1213 1332 1245 stabilem
1349 1216 1485 1250 servunt,
1507 1213 1576 1254 Era]
1621 1212 1709 1245 Pro-

1002 1274 1096 1295 ceres
1112 1265 1258 1295 Senatus
1276 1269 1483 1295 conservant
1497 1263 1639 1303 Orbem,
1653 1272 1709 1294 ve-

1002 1316 1065 1346 luti
1083 1320 1215 1347 tutores
1232 1315 1483 1356 Imperatorum
1500 1315 1644 1346 Arcadii
1671 1318 1708 1346 et

1005 1366 1160 1406 Honorii,
1181 1366 1238 1407 qui
1262 1366 1384 1407 pupilli
1411 1366 1522 1397 relicti
1539 1365 1709 1397 fueranta

1002 1417 1195 1448 Theodosio
1211 1422 1323 1458 patre.

1046 1468 1201 1508 Augustis
1215 1466 1388 1507 fratribus]
1419 1466 1570 1498 Arcadio
1588 1471 1624 1498 et
1637 1466 1710 1498 Ho-

1004 1518 1110 1550 norio.
1157 1517 1323 1549 Octavius
1349 1517 1464 1548 Caesar
1486 1517 1615 1558 primus
1638 1516 1710 1549 Au-

1003 1574 1120 1609 gustus
1148 1574 1301 1607 vocatus,
1321 1569 1362 1599 ab
1390 1577 1431 1599 eo
1454 1569 1562 1599 ceteri
1590 1577 1708 1598 omnes

1004 1621 1234 1662 Imperatores
1251 1621 1399 1662 Augusti
1413 1626 1491 1653 sunt
1506 1621 1686 1663 appellati.

920 1819 1023 1866 ΙΙΙ.

305 1932 415 1979 CL.
451 1932 848 1980 CLAUDIANI
885 1932 961 1981 IN
1003 1932 1363 1982 RUFINUM.

759 2052 1189 2084 ARGUMENTUM.

288 2113 541 2144 PnospEmTAs
560 2110 790 2152 improborum
817 2113 1040 2143 Claudianum
1064 2112 1251 2144 inducebat
1278 2112 1320 2143 de
1341 2112 1568 2144 Providentia
1592 2113 1708 2145 divina

246 2165 418 2202 dubitare,
435 2165 546 2195 vetuit
561 2175 660 2204 poena
679 2165 806 2196 Rufini.
836 2166 946 2207 Hujus
961 2167 1033 2197 liaec
1050 2167 1143 2207 origo
1161 2166 1304 2197 Po'etice
1321 2165 1540 2197 describitur.
1568 2165 1709 2206 Alecto,

246 2217 439 2249 convocatis
455 2215 636 2255 sororibus,
651 2217 847 2256 indignatur
871 2218 912 2248 de
931 2218 1034 2249 Orbis
1050 2218 1309 2258 tranquillitate.
1355 2217 1466 2248 Furiae
1494 2219 1708 2258 assentiunt;

246 2271 402 2311 Megaera
418 2270 585 2310 promittit
600 2274 786 2299 monstrum
802 2279 837 2299 se
855 2270 1007 2309 dignum,
1035 2270 1191 2301 Rufinum
1209 2270 1351 2308 scilicet,
1377 2270 1545 2302 hominem
1570 2273 1708 2303 teterri-

246 2334 348 2355 mum.
394 2324 485 2363 Ergo
503 2324 577 2363 ipsa
591 2323 622 2353 in
639 2332 754 2353 senem
771 2332 948 2362 conversa,
962 2324 1050 2353 hunc
1067 2328 1189 2354 evocat
1205 2333 1247 2354 ex
1264 2323 1387 2363 Gallia,
1420 2324 1574 2355 immittit
1589 2325 1623 2355 in
1640 2325 1707 2357 Pa-

246 2377 363 2408 latium
379 2376 573 2408 Theodosii.
619 2376 687 2407 Hic
704 2381 845 2406 exercet
861 2376 1094 2415 ambitionem,
1111 2376 1262 2416 fraudes,
1278 2378 1469 2416 avaritiam,
1485 2379 1614 2419 luxum,
1631 2388 1707 2411 cru-

245 2430 437 2469 delitatem,
454 2434 490 2460 et
505 2430 617 2461 omnia
632 2430 775 2461 scelera.
808 2429 855 2460 At
872 2435 1055 2461 monstrum
1073 2431 1204 2462 invadit
1226 2431 1382 2470 Stilicho,
1400 2432 1514 2463 Marte
1530 2432 1654 2473 fretus,
1671 2437 1707 2467 et

245 2483 328 2514 illud
346 2483 465 2515 accitis
482 2484 563 2514 licet
580 2483 733 2514 barbaris
760 2483 925 2514 munitum
944 2483 1113 2525 profligat.
1161 2486 1315 2524 Megaera
1342 2486 1416 2526 ejus
1441 2486 1626 2517 sceleribus
1649 2495 1706 2517 ex·

246 2538 372 2577 ultans,
397 2537 537 2568 insultat
559 2537 732 2575 Justitiae3
754 2537 827 2567 haec
846 2538 991 2568 vicissim
1020 2539 1207 2578 Megaeram
1233 2538 1367 2577 irridet,
1394 2539 1589 2579 praevidens
1612 2549 1706 2571 mon-

245 2595 351 2622 strum
367 2601 443 2622 mox
456 2601 529 2622 esse
545 2590 775 2631 mactandum,
793 2596 827 2622 et
844 2591 920 2622 inde
939 2593 1099 2623 saeculum
1117 2602 1253 2623 aureum
1272 2593 1452 2634 promittit.

1419 1933 1558 1980 LIB.
1595 1932 1642 1979 I.

290 2731 330 2760 In
347 2730 506 2772 Rufinum]
551 2731 593 2761 (le
611 2730 734 2762 Rufino
748 2732 945 2763 Theodorit.
965 2733 1038 2764 Lib.
1057 2742 1108 2764 ix.
1126 2733 1278 2773 Tripert.
1297 2732 1390 2764 Hist.
1407 2731 1528 2763 Suidas
1544 2732 1578 2764 in
1606 2734 1704 2766 Theo-

246 2773 347 2803 dosius
360 2779 395 2804 et
412 2774 552 2817 Rufinus,
577 2774 660 2816 Gyr.
682 2774 814 2817 Rufinus
827 2776 977 2816 siradius,
1003 2776 1110 2808 Comes
1134 2776 1276 2808 Orientis
1296 2780 1505 2808 memoratur
1522 2775 1703 2809 Ammiano
