1857 3177
567 232 617 262 IN
655 231 885 261 Romnum
925 231 1018 261 mii.
1055 231 1107 260 11.
1480 222 1564 263 147

106 326 135 367 J
139 340 208 368 am
230 341 313 368 non
336 328 517 368 finitimo
540 328 697 368 Martis
718 331 876 368 terrore
896 330 1107 375 movetur,

109 394 195 434 Sed
217 397 398 449 propius
421 396 559 435 lucere
579 396 712 444 faces,
735 399 777 436 ct
796 408 928 436 rauca
948 406 1101 435 sonare

108 460 300 512 Cornua,
322 462 592 514 vibratisque
615 464 704 514 peti
726 462 902 515 fastigia
923 462 1020 502 tclis

114 526 309 582 Aspicit.
372 529 434 569 Hi
458 529 579 582 vigili
601 543 747 570 muros
770 531 954 570 statione
976 529 1104 577 tucri,

109 595 175 636 Hi
190 596 354 650 junctis
376 601 609 648 properant
631 601 782 649 portus
804 597 971 636 munire
994 596 1167 637 carinis.
1511 596 1567 636 60

110 662 310 704 Obsessa
331 667 473 703 tamen
494 663 564 703 ille
586 664 698 704 serus
719 664 892 703 laetatur
912 664 953 702 in
975 663 1093 711 urbe,

108 730 377 782 Exultatquc
399 731 523 770 malis
541 744 550 780 3
584 742 853 782 summaeque
871 742 894 768 e
916 728 1101 769 culmine
1122 728 1248 769 turris

109 798 257 852 Impia
276 798 410 838 vicini
430 799 564 838 cernit
585 797 841 850 spectacula
863 797 1025 849 campi.

106 865 290 906 Vinctas
310 865 370 905 irc
389 878 545 905 nurus:
578 865 689 905 hunc
713 877 788 918 per
808 864 925 904 vada
947 864 1153 917 proxima
1174 864 1309 917 mergi

109 931 396 981 Semineccni,
418 934 530 973 hunc
553 933 696 973 subito
718 944 974 985 percussum
994 931 1169 972 vulnere
1189 931 1297 982 labi,
1513 932 1570 973 65

109 999 228 1040 Dum
249 999 380 1052 fugit:
411 1000 523 1040 hunc
545 1000 735 1040 animam
755 1000 892 1052 portis
913 997 1057 1039 efflare
1080 999 1160 1038 sub
1182 1000 1319 1052 ipsis:

108 1065 207 1108 Nec
229 1063 366 1108 canos
387 1066 597 1120 prodesse
619 1068 724 1116 seni,
745 1067 957 1120 puerique
977 1078 1130 1107 cruore

111 1155 325 1193 Chalcedonis,
332 1155 399 1193 jam
416 1155 498 1186 haud
511 1156 684 1186 concutitur
697 1155 806 1184 timore
820 1154 918 1184 ricino
933 1154 1015 1192 belli,
1030 1157 1062 1184 at
1078 1155 1159 1184 videt
1172 1154 1314 1194 proxime
1326 1155 1422 1185 toedas
1429 1153 1572 1193 fulgere,

108 1201 138 1229 et
154 1198 243 1229 tubas
258 1208 365 1228 raucas
380 1208 531 1235 resonare,
548 1201 575 1227 ct
591 1198 723 1228 culmina
738 1198 878 1227 turrium
895 1197 1136 1237 percutijuculis
1151 1198 1309 1227 contortis.
1356 1197 1570 1234 Hisestimmt

107 1240 270 1277 deffendere
296 1241 407 1271 moeuia
425 1240 562 1270 (arcultas
590 1239 804 1278 vigilantibus,
830 1239 877 1269 illi
904 1239 1101 1269 corroborare
1126 1243 1235 1278 portus
1258 1239 1386 1269 nuribus
1411 1240 1571 1271 catenatis.

107 1284 255 1314 Attamen
272 1282 421 1313 barbarus
437 1283 487 1312 ille
512 1281 654 1312 Rufinus
668 1283 782 1319 gautlet
800 1282 830 1310 in
850 1281 922 1311 urbe
937 1284 1126 1320 oppugnata,
1153 1284 1182 1310 et
1198 1281 1370 1319 triumphat
1384 1282 1572 1311 calamitati-

108 1325 185 1361 bus;
207 1328 238 1355 et
253 1335 291 1354 ex
307 1325 436 1354 culmine
452 1325 533 1355 arcis
549 1325 711 1354 altissimae
728 1323 838 1362 aspicit
853 1324 1025 1362 spectacula
1041 1322 1162 1359 nefaria
1178 1323 1247 1360 agri
1267 1322 1404 1362 finitimi
1417 1334 1426 1352 .·
1451 1324 1572 1362 aspicit

106 1377 202 1398 nurus
217 1367 356 1396 incedere
371 1370 530 1396 catenatas
541 1377 553 1402 ;
578 1366 701 1406 aspicit
718 1365 796 1394 hunc
810 1365 1018 1394 semianimem
1033 1365 1190 1402 submergi
1207 1365 1239 1394 in
1255 1374 1349 1404 aquas
1362 1364 1548 1404 propinquus
1561 1376 1573 1402 ;

106 1410 209 1448 illum,
221 1410 295 1439 dum
311 1408 436 1449 effizgit,
452 1409 623 1448 appetitura
644 1409 737 1448 plaga
753 1408 913 1446 repentina
930 1408 1087 1437 concidere
1101 1417 1110 1441 ‚·
1133 1407 1212 1436 hunc
1224 1408 1351 1437 reddere
1367 1407 1501 1437 animam
1516 1408 1572 1438 sub

103 1452 204 1493 portis
218 1451 314 1492 ipsis;
336 1462 429 1491 neque
444 1451 588 1481 canitiem
596 1452 709 1489 jurare
725 1460 827 1485 seiics;
851 1453 879 1479 et
889 1450 1043 1487 gremium
1056 1450 1166 1479 matris
1178 1449 1290 1488 repleri
1306 1449 1457 1488 sanguine
1472 1450 1575 1488 infmi-

108 1495 163 1526 tis.
189 1494 346 1525 Gaudium
359 1494 516 1536 infinitum
531 1497 559 1525 et
571 1494 741 1534 soepeJ'Ocus
752 1493 846 1534 afficit
860 1491 1041 1523 Rufinum:
1060 1502 1121 1522 ιιιιιι
1134 1491 1270 1522 tristitia
1282 1495 1378 1522 movet
1393 1492 1575 1532 hominem,

720 1554 957 1567 eeeeeeeeeeee

110 1589 312 1622 calcedonius
325 1590 438 1621 Vicct.
456 1588 535 1621 Ald.
561 1589 683 1629 Isingr.
710 1589 841 1620 al.-56
866 1588 981 1619 moveri
1008 1587 1213 1627 conjiciebat
1238 1587 1401 1618 Heinsius
1424 1598 1483 1628 pro
1511 1598 1573 1618 mo-

108 1635 296 1665 netam—57
318 1633 463 1673 proprius
481 1633 558 1663 Pat.
574 1633 718 1672 proprius
731 1633 863 1663 Tholos.
878 1631 985 1671 pocius
1000 1631 1054 1660 vel
1068 1631 1194 1670 propius
1210 1630 1288 1661 Val.
1307 1640 1358 1669 pr.
1378 1631 1503 1670 propius
1521 1631 1573 1661 vel

104 1676 232 1718 propias
250 1675 284 1705 M
291 1680 377 1706 oret.
393 1685 443 1715 pr.
459 1677 512 1706 sed
525 1676 654 1715 propius
668 1675 871 1712 sonaresuces
888 1674 985 1704 Leid.
1001 1683 1070 1704 sec.
1086 1683 1182 1703 rauca
1197 1683 1305 1703 sonore
1319 1683 1432 1703 cornua
1447 1674 1572 1706 Moret.

109 1721 267 1750 sec.—-59
289 1719 339 1748 hic
356 1718 432 1749 Vat.
450 1728 516 1748 sec.
534 1718 566 1747 lii
586 1719 662 1749 Pat.
678 1718 817 1748 Tholos.
835 1716 955 1747 Ambr.
973 1725 1041 1747 sec.
1061 1716 1140 1747 Put.
1155 1716 1221 1746 duo
1238 1716 1449 1746 Petam—60
1473 1725 1575 1746 muros

108 1771 171 1803 pro
185 1764 292 1801 portus
305 1761 438 1791 Thumi.
455 1764 562 1801 portas
576 1761 660 1792 Exc.
673 1761 771 1791 Voss.
786 1770 907 1790 murare
924 1758 1021 1790 Leid.
1038 1768 1105 1790 scc.
1123 1759 1208 1789 Exc.
1223 1758 1366 1790 Gevart.
1381 1758 1498 1788 catenis
1515 1768 1574 1798 pro

109 1804 227 1835 carinis
251 1804 335 1842 legit
354 1803 526 1842 Heinsius,
548 1804 602 1844 qui
619 1803 826 1843 ascripserat
843 1803 955 1833 locum
972 1801 1143 1832 Amniian.
1162 1801 1235 1832 Lib.
1250 1810 1353 1832 xxvr.
1380 1811 1412 1840 p.
1428 1804 1502 1832 349.
1520 1801 1574 1832 cd.

109 1846 296 1878 Lindenbr.
322 1846 383 1877 sub
407 1846 506 1877 finem
522 1858 528 1877 :
556 1846 620 1876 alia
637 1851 750 1876 tamen
768 1855 868 1876 manu
885 1849 1039 1875 notatum
1056 1849 1143 1883 erat,
1169 1845 1266 1874 male.-
1291 1844 1353 1873 vid.
1372 1844 1572 1874 Barth.—61

100 1888 199 1928 ferox
215 1899 300 1920 unus
318 1889 523 1920 Heius—62
545 1899 727 1928 sunzmoeque
737 1889 818 1919 Vat.
835 1897 886 1928 pr.
904 1887 993 1927 quod
1010 1887 1130 1917 maluit
1147 1886 1321 1916 Heinsius.
1337 1895 1513 1926 summoque
1530 1886 1574 1917 al.

110 1932 161 1963 ita
191 1932 338 1964 Gesner.
369 1942 384 1962 e
413 1933 544 1963 culmine
575 1936 644 1962 vot.
675 1932 760 1971 Gyr.
790 1931 870 1961 Vat.
903 1930 1011 1960 Livin.
1042 1939 1081 1959 em
1111 1928 1242 1959 culmine
1268 1929 1347 1959 Vat.
1380 1938 1430 1968 pr.
1463 1938 1482 1958 a
1511 1929 1574 1958 cul-

110 1975 193 2005 mine
230 1980 299 2005 tres
332 1975 410 2005 Vat.
452 1975 525 2006 Pal.
562 1975 661 2005 Farn.
694 1974 788 2004 Prie.
830 1974 925 2003 Rott.
962 1972 1070 2002 Oisei.
1112 1972 1195 2002 Exc.
1231 1971 1415 2002 Laeti—03
1454 1973 1573 2009 spectat

110 2017 251 2047 Thoios.
284 2017 408 2047 Petav.
440 2026 491 2056 pr.
527 2016 601 2046 cod.
634 2016 731 2046 Deir.
763 2016 934 2046 certamina
966 2014 1041 2043 Pal.
1077 2014 1176 2043 Furii.
1208 2013 1302 2042 Pric.
1334 2013 1429 2043 Roit.
1459 2013 1568 2042 Oisei.

112 2059 198 2090 Exc.
214 2058 315 2089 Laeti.
332 2059 501 2088 certamina
516 2059 568 2088 vel
585 2059 757 2097 spectacula
770 2059 848 2087 Vat.
865 2066 933 2086 sec.
950 2057 1031 2086 l'ut.
1049 2059 1165 2095 spectat
1180 2055 1350 2084 ccrtmnina
1364 2055 1442 2084 Vat.
1460 2060 1571 2094 quart.

112 2106 149 2132 et
164 2101 272 2142 quint.
291 2110 397 2141 marg.
417 2101 541 2131 Morin.
569 2101 741 2139 spectacula
759 2101 838 2130 Vat.
866 2099 974 2129 Livin.
1003 2099 1086 2128 Exc.
1108 2099 1252 2127 Lucem.
1278 2106 1347 2127 scc.
1364 2096 1572 2135 hirmin—64

111 2144 212 2174 victas
227 2144 273 2173 ire
289 2153 397 2174 munus
415 2143 521 2174 Oisel.
541 2143 668 2180 jum-tus
685 2143 735 2173 vel
754 2142 872 2172 rim-tas
889 2141 971 2171 l’nt.
998 2141 1096 2171 rictas
1121 2139 1216 2170 Med.
1235 2144 1346 2179 quart.
1374 2138 1494 2169 Ambr.
1519 2149 1571 2178 pr.

113 2186 210 2218 Leid.
229 2195 298 2216 see.
317 2187 402 2216 Exc.
419 2186 562 2216 chart.
581 2186 699 2215 rinctus
715 2186 827 2215 Oxon.
855 2194 923 2214 sec.
949 2193 1055 2213 numus
1080 2182 1146 2212 (luo
1172 2182 1267 2212 Med.
1283 2181 1350 2211 duo
1371 2182 1490 2211 Petav.
1506 2181 1573 2212 Bo-

111 2238 191 2260 non.
206 2228 340 2259 Tholos.
357 2228 489 2258 Mazar.
507 2228 584 2258 Pat.
603 2227 720 2257 ΑιιιΙ)ι·.
740 2233 821 2257 tert.
839 2225 918 2256 Ald.
945 2231 978 2255 ct
1003 2226 1086 2255 Exc.
1110 2225 1244 2254 Scliott.
1260 2224 1368 2253 domus
1385 2223 1502 2254 Ambr.
1521 2233 1571 2263 pr.

111 2271 236 2303 Sched.
254 2270 347 2302 Gud.
376 2280 473 2301 nurus
499 2271 552 2300 vel
578 2280 686 2300 munus
712 2270 791 2300 Vat.
819 2269 927 2309 quint.
959 2268 1108 2297 Florcnt.
1126 2267 1207 2296 l'ut.
1238 2266 1321 2296 Exc.
1339 2266 1439 2296 Laeti.
1455 2266 1575 2296 rinctus

111 2323 206 2346 nurus
222 2314 275 2343 vel
292 2313 390 2344 rictus
407 2323 514 2343 manus
531 2313 643 2343 Oxou.
668 2322 718 2350 pr.
747 2312 779 2342 in
803 2312 882 2342 racia
911 2316 979 2340 vet.
999 2310 1083 2349 (ἅμ’.
1110 2310 1192 2339 Exc.
1212 2309 1357 2338 Lucens.
1384 2317 1453 2338 sec.
1471 2310 1574 2339 cerula

113 2356 222 2388 Oisel.
238 2357 316 2386 Vat.
335 2365 386 2396 pr.
405 2360 441 2386 et
467 2364 534 2386 sec.
550 2365 630 2393 ruga
649 2355 726 2385 vat.
745 2354 824 2392 duo.
842 2354 921 2383 rada
947 2353 999 2382 vei
1018 2362 1097 2390 ruga
1113 2352 1192 2381 Vat.
1212 2353 1346 2389 pl·.-65
1371 2350 1574 2389 Scminecem,

114 2399 198 2430 Lov.
212 2399 326 2430 Vicet.
344 2399 459 2429 Pan-m.
477 2397 556 2428 Aid.
581 2407 756 2437 percussum
774 2402 841 2427 tres
860 2396 937 2426 vat.
956 2395 1031 2425 Pal.
1058 2395 1227 2435 perculsum
1247 2392 1340 2423 Med.
1359 2397 1438 2423 tert.
1455 2394 1576 2424 convul-

112 2451 178 2473 sum
194 2442 286 2473 Prie.
303 2450 322 2471 a
338 2451 381 2472 m.
401 2444 540 2481 pin—66
566 2442 615 2471 hic
641 2440 735 2471 Med.
762 2444 874 2480 quart.
900 2438 1020 2478 spirare
1037 2439 1189 2467 Florent.
1207 2436 1302 2466 Rott.
1328 2435 1456 2464 Tiniau.
1477 2435 1572 2466 Med.

115 2493 184 2516 sec.
201 2485 295 2516 Leid.
311 2493 379 2515 sec.
394 2484 477 2515 Exc.
495 2484 639 2514 Gevart.
655 2488 691 2514 et
707 2482 791 2514 Cod.
806 2482 924 2512 Rheni.
940 2481 994 2511 ed.
1014 2481 1125 2510 Parni.
1141 2479 1260 2519 spirare
1276 2477 1327 2507 vel
1344 2478 1445 2518 efflare
1460 2477 1572 2509 Oxon.

114 2536 167 2568 pr.
182 2527 269 2558 Exc.
287 2527 386 2558 Laeti.
403 2527 505 2567 efflare
520 2526 658 2557 animam
681 2535 723 2556 ex
741 2525 923 2565 capitolin.
941 2534 974 2564 p.
993 2525 1045 2554 34.
1065 2523 1087 2553 Ι.
1105 2525 1158 2554 23.
1176 2521 1297 2562 probat
1316 2519 1572 2551 Heinsius.—67

771 2577 918 2609 NOTAE

116 2631 308 2672 Thracium,
350 2642 366 2663 e
396 2633 535 2674 regione
568 2632 725 2673 Byzantii
756 2641 816 2662 seu
866 2630 998 2670 junctis
1011 2639 1049 2660 ac
1063 2627 1231 2660 catenatis
1245 2625 1398 2665 navibus,
1414 2634 1456 2656 ne
1468 2624 1574 2656 hostis

116 2681 440 2724 Constantinopolis.
872 2680 1009 2721 propius
1025 2679 1179 2710 accedat.

161 2735 203 2764 57
227 2733 338 2773 Faces]
351 2734 473 2765 Taedas
486 2734 645 2764 ardentes
657 2732 816 2763 hostium.
913 2733 953 2761 63
978 2727 1175 2770 Spectacula]
1191 2726 1326 2767 Aspicit
1336 2725 1491 2756 nimirum
1503 2733 1575 2756 cer-

161 2784 204 2813 60
230 2782 345 2814 Portus
382 2783 501 2814 munire
539 2782 670 2822 carinis]
712 2781 819 2813 Simul
872 2781 998 2811 tamina
1022 2779 1139 2820 impia,
1166 2782 1200 2809 et
1227 2777 1316 2808 maia
1344 2776 1465 2816 omnia,
1495 2783 1571 2817 quae
