1852 3193
211 220 297 262 240
671 229 748 260 ct„
781 225 1064 258 CLAUD1AN1
1105 223 1212 254 viu.

211 324 472 377 Magnarum
490 324 668 377 largitor
689 336 840 377 opum,
857 322 1036 373 largitor
1053 319 1266 360 honorum
1285 331 1295 360 t

208 392 398 442 Pronus,
420 396 464 433 et
485 392 528 431 in
548 391 705 431 melius
725 389 922 442 gaudens
943 392 1194 428 convertere
1210 387 1316 427 sata.

211 459 331 500 Hinc
353 472 491 507 amor,
512 459 611 498 hinc
632 456 844 506 validum,
868 455 1029 495 devoto
1050 455 1204 504 milite,
1224 454 1370 495 robur.

211 527 333 567 Hinc
355 527 471 566 natis
492 536 701 564 mansura
719 522 845 564 fides.
908 522 1013 562 Hoc
1035 521 1194 562 nobilis
1216 525 1311 562 ortu

209 593 440 642 'NasceriS,
464 604 666 645 aequteva
686 604 785 631 cum
806 590 1041 643 majestate
1057 591 1242 638 creatus,

212 660 435 713 Nullaque
457 660 639 713 privatae
662 670 824 712 passus
846 658 1047 709 contagia
1067 656 1213 697 sortis.

212 726 429 768 Omnibus
452 727 663 779 acceptiS,
687 726 803 765 ultro
823 729 867 766 te
890 725 1035 777 Regia
1056 724 1199 764 solum

210 795 426 836 Protulit:
459 799 504 834 et
523 794 666 847 patrio
685 793 793 834 felix
815 793 1033 834 adolescis
1055 793 1097 832 in
1121 797 1237 833 ostro
1255 805 1265 844 3

1590 451 1673 493 120

1591 787 1677 829 125

207 905 413 944 dignitatum,
434 903 580 943 proclivis
607 904 773 942 Ioetansque
798 906 919 933 mutare
944 902 1153 932 calamitatem
1176 900 1359 937 hominum,
1375 898 1594 937 infeliciorem
1611 902 1678 929 sta-

208 953 290 978 tum.
336 947 413 976 Inde
428 956 514 976 amor
529 946 675 975 omnium
693 945 726 974 in
743 945 836 975 illum
853 955 860 981 ;
885 946 957 976 inde
982 946 1064 975 vires
1090 944 1309 984 insuperabiles
1324 943 1468 981 militum,
1486 951 1522 971 se
1539 950 1602 981 pro
1620 941 1677 971 illo

208 989 430 1020 devoventium.
478 988 554 1017 Inde
579 989 733 1017 ‹Iuratura
750 987 896 1027 fidelitas
921 987 1135 1017 subditorum
1166 987 1199 1016 in
1216 986 1307 1027 filios
1333 986 1417 1025 ejus.
1464 984 1602 1014 Illustris
1624 983 1680 1014 hoc

205 1035 345 1072 71at1·e,0
370 1030 515 1065 Honori,
543 1030 648 1064 oriris,
672 1033 763 1058 natus
786 1040 855 1059 cum
881 1029 1042 1066 majestate
1062 1038 1176 1066 cmm-a,
1203 1032 1233 1057 et
1257 1029 1371 1058 nullam
1392 1026 1503 1064 serens
1527 1027 1679 1057 maculam

207 1074 393 1105 conditionis
406 1072 549 1112 priratoe.
596 1071 676 1100 Aula
694 1074 725 1100 te
737 1071 890 1109 produxit
905 1080 1010 1109 unum,
1030 1070 1163 1109 receptis
1188 1070 1307 1099 cunctis
1331 1069 1552 1107 ornamentis,
1565 1067 1680 1106 otfor-

208 1120 335 1147 innatus
351 1114 462 1145 crescis
486 1114 518 1143 in
540 1122 679 1152 purpura
700 1113 856 1152 parentis,
874 1122 909 1142 ac
934 1122 1042 1152 corpus
1058 1116 1153 1143 tunm
1170 1122 1326 1152 nunquam
1340 1111 1488 1142 violatum
1505 1114 1587 1142 teste
1607 1121 1680 1152 pro-

832 1197 1067 1209 aeaeaeaeaeaeaeaeaeaeaeae

207 1255 327 1294 Aspera
345 1263 465 1284 novem
481 1252 550 1290 alii,
567 1252 650 1282 Exc.
675 1251 762 1282 Laeti
787 1254 823 1282 et
852 1252 994 1282 Lucens.
1025 1261 1092 1283 sec.
1118 1252 1272 1293 Prospera
1289 1250 1342 1281 vel
1376 1249 1497 1290 Aspera
1513 1248 1608 1280 Leid.
1625 1258 1680 1290 pr.

207 1301 341 1328 caterva?
370 1306 471 1336 marg.
500 1296 735 1335 bingin—118
757 1294 894 1333 largitor
918 1294 1065 1325 honorum
1093 1295 1226 1331 Pronus,
1252 1295 1299 1325 ita
1324 1292 1542 1332 distinguunt
1566 1291 1681 1323 Vicet.

209 1340 331 1370 Barth.
364 1339 441 1369 Ald.
474 1338 599 1377 Isingr.
631 1337 761 1377 Grypii.
795 1337 905 1368 Colin.
937 1341 973 1367 et
1002 1338 1181 1368 alit—119
1207 1338 1328 1367 Pronus
1358 1336 1411 1366 vel
1438 1336 1543 1365 Comis
1573 1334 1682 1366 Oisel.

207 1383 319 1413 avidus
349 1384 526 1412 convertere
558 1381 691 1410 Mazar.
732 1379 824 1416 factu
854 1379 948 1410 Med.
979 1384 1202 1420 quare—¹120
1237 1381 1339 1410 odium
1365 1388 1426 1418 pro
1467 1378 1602 1407 validum
1627 1377 1680 1408 ed.

209 1425 324 1455 Vicet.
347 1426 412 1454 vett
438 1427 504 1454 tum
521 1423 602 1453 Var.
620 1422 687 1453 LL.
704 1422 756 1454 ed.
774 1422 986 1453 Antv.—l2l
1013 1423 1084 1453 hinc
1100 1423 1210 1454 nobilis
1235 1423 1315 1454 Vat.
1333 1426 1413 1452 tert.
1430 1421 1511 1453 Jun.
1539 1429 1591 1459 pr.
1627 1421 1682 1450 sed

208 1467 320 1498 nobilis
349 1467 430 1497 Var.
457 1466 524 1496 LL.
556 1464 609 1496 ed.
640 1464 742 1495 Antv.
780 1466 831 1496 hic
861 1465 960 1496 Farn.
990 1466 1189 1497 Prima—⁷122
1216 1475 1305 1505 aequa
1332 1464 1406 1495 Pal.
1425 1467 1496 1494 tunc
1522 1463 1683 1501 majestate

208 1510 336 1540 Moret.
366 1511 539 1540 sem—423
562 1508 681 1547 pateris
713 1517 772 1547 pro
800 1518 910 1548 possus
938 1508 1018 1540 Jun.
1050 1519 1102 1549 pr.
1132 1508 1312 1540 commercia
1338 1508 1407 1538 Ms.
1440 1507 1552 1536 Pulm.
1581 1506 1683 1536 sordis

209 1562 272 1593 pro
304 1552 396 1582 sortis
427 1551 639 1591 conjiciebat
668 1551 897 1582 Heins.—124
920 1552 1058 1590 exceptis
1082 1552 1148 1582 duo
1175 1553 1255 1582 Vat.
1287 1550 1383 1582 Med.
1409 1554 1520 1590 quart.
1549 1549 1683 1580 Thuan.

211 1596 341 1626 Moret.
378 1604 446 1625 sec.
475 1593 552 1624 Ald.
575 1593 713 1633 exceptis
745 1593 798 1623 vel
828 1594 961 1634 acceptis
989 1595 1113 1625 Petav.
1141 1604 1190 1635 pr.
1222 1594 1340 1624 Ambr.
1367 1603 1418 1632 pr.
1446 1592 1528 1622 item
1555 1592 1680 1622 Moret.

208 1638 341 1678 acceptis
358 1638 444 1668 Exc.
471 1637 618 1674 Sehotti,
637 1635 679 1666 ad
702 1646 778 1676 quae
797 1636 948 1667 Gronov.
976 1638 1144 1667 citaverat
1170 1637 1288 1667 Liban.
1312 1636 1413 1666 Basil.
1433 1645 1466 1675 p.
1486 1637 1559 1665 103.
1582 1635 1590 1651 ‘
1605 1643 1681 1664 cum

212 1689 329 1711 omnes
358 1680 532 1720 acceperit
562 1679 667 1717 regia,
687 1683 719 1709 te
736 1678 834 1709 dedit
858 1679 955 1718 ipsa!
982 1689 1013 1709 se
1029 1680 1109 1710 Var.
1135 1681 1204 1710 LL.
1222 1680 1275 1709 ed.
1303 1678 1516 1708 Arum—125
1546 1676 1683 1707 Pertulit

209 1724 289 1754 Vat.
320 1733 372 1764 pr.
400 1723 500 1754 Fam.
526 1722 653 1752 Moret.
685 1731 735 1762 pr.
773 1722 923 1752 Proetulz't
957 1723 1035 1753 Vat.
1061 1732 1129 1753 sec.
1158 1722 1284 1753 Moret.
1312 1730 1378 1751 sec.
1417 1719 1575 1750 adolescit.
1601 1719 1682 1750 Put.

882 1819 914 1850 N
921 1818 1021 1850 OTAE

212 1884 310 1922 dunt,
327 1882 507 1913 reddidere
525 1882 681 1922 captivos
705 1882 920 1913 commenda-

209 1936 307 1975 biles,
333 1944 393 1965 seu
422 1934 692 1964 conciliaverunt
716 1933 922 1974 Theodosio,

211 1991 248 2017 et
284 1985 548 2026 prosperitatem
588 1983 668 2023 ipsis
707 1984 919 2015 attulerunt:

210 2037 338 2069 etenim
357 2037 384 2067 si
407 2046 465 2067 eos
492 2034 707 2065 Theodosius
729 2044 795 2064 uon
824 2035 921 2065 vicis-

212 2093 278 2128 set,
307 2097 373 2119 non
401 2086 633 2126 cognovisset,
655 2095 721 2115 non
750 2084 923 2116 affecisset

211 2138 407 2174 beneficiis3
450 2137 567 2176 sicque
596 2135 680 2176 ipsis
705 2145 766 2166 sua
792 2135 921 2176 profuit

213 2188 329 2220 clades
347 2192 381 2217 et
399 2186 595 2225 eaptivitas.

255 2240 319 2268 119
343 2237 382 2266 In
414 2235 522 2266 melius
560 2235 842 2275 conrerteresata]
879 2236 920 2266 Iu

210 2288 383 2320 meliorem
411 2290 547 2324 statum,
564 2285 595 2315 in
622 2285 825 2317 felicitatem
843 2296 922 2325 gau-

212 2339 316 2370 debat
345 2337 554 2369 Theodosius
585 2340 719 2366 mutare
749 2335 921 2366 fortunam

213 2391 371 2422 miseram
388 2389 579 2419 hominum:
612 2386 702 2426 quod
724 2391 818 2417 certe
836 2387 921 2417 divi-

211 2450 293 2471 num
310 2444 376 2479 est,
390 2439 542 2469 homines
570 2436 715 2468 afflictos
740 2435 856 2467 facere
874 2436 922 2467 fe-

214 2490 309 2522 lices.

259 2543 321 2571 120
345 2539 433 2569 Hinc
460 2537 560 2577 amor]
596 2537 651 2567 Ob
675 2537 920 2568 liberalitatem

212 2589 410 2627 Theodosii,
427 2589 576 2629 aliasque
592 2587 689 2618 dotes
705 2587 848 2626 divinas,
864 2587 920 2618 mi-

211 2642 290 2672 lites
307 2651 370 2682 pro
398 2641 457 2670 illo
475 2650 510 2670 se
539 2638 767 2677 devovebant,
792 2638 921 2669 subditi

213 2691 314 2722 fidem
331 2691 529 2722 inviolatam
545 2688 738 2719 servabant.

257 2744 320 2772 122
342 2742 493 2782 AEquaeva
506 2750 574 2771 cum
590 2738 764 2779 majestate]
787 2738 922 2769 Laudat

214 2790 407 2822 Honorium
425 2790 515 2833 quod
533 2800 576 2821 ex
593 2793 691 2830 patre
710 2789 784 2830 jam
808 2788 921 2829 Impe-

975 1887 1090 1913 ratore
1108 1887 1207 1913 natus
1229 1883 1293 1922 sit;
1326 1882 1383 1923 qui
1397 1881 1501 1912 honos
1519 1889 1586 1911 non
1604 1889 1684 1911 eon-

975 1934 1055 1973 tigit
1083 1933 1252 1964 Arcadio:
1298 1933 1385 1974 quod
1416 1933 1565 1963 libenter
1595 1931 1683 1962 dixit

976 1984 1089 2015 Poeta
1113 1985 1144 2014 iu
1171 1985 1314 2024 gratiam
1343 1983 1484 2013 Patroni
1511 1981 1563 2011 sui
1593 1980 1686 2011 Stili-

977 2034 1106 2073 chonis,
1124 2035 1181 2075 qui
1205 2033 1356 2064 infensus
1383 2038 1458 2063 erat
1479 2030 1705 2062 Arcadiam&

977 2085 1143 2124 partibus.

1020 2138 1081 2165 123
1108 2134 1279 2175 contagia]
1312 2134 1391 2165 Non
1408 2142 1525 2173 passus
1543 2134 1596 2162 est
1611 2129 1683 2161 Ho-

976 2185 1090 2215 norius
1108 2186 1275 2215 maculam
1294 2184 1434 2224 privatae
1454 2181 1657 2214 conditionis
1672 2191 1681 2219 ;

975 2235 1034 2265 sed
1064 2240 1162 2265 natus
1194 2240 1247 2265 est
1275 2244 1293 2264 e
1319 2233 1418 2264 domo
1443 2230 1682 2272 Imperatoria,

977 2293 1052 2324 quae
1069 2293 1166 2314 sacra
1184 2290 1248 2314 est.

1020 2336 1081 2364 124
1108 2333 1261 2364 Omnibus
1288 2332 1437 2374 acceptis]
1482 2332 1562 2363 Non
1589 2341 1682 2372 quae-

976 2385 1064 2424 sitis,
1096 2385 1154 2415 sed
1188 2385 1342 2426 acceptis
1369 2385 1449 2425 jure
1477 2382 1681 2421 nativitatis,

977 2440 1079 2476 atque
1096 2435 1321 2466 haereditatis.

1020 2486 1140 2525 Solum]
1189 2486 1280 2518 Quia
1307 2484 1502 2515 Theodosio
1532 2482 1681 2513 nondum

976 2536 1180 2576 imperante,
1197 2535 1362 2566 Arcadius
1381 2539 1480 2564 natus
1498 2534 1598 2564 estin
1621 2532 1681 2562 do-

975 2596 1030 2617 mo
1055 2587 1200 2627 privata,
1225 2595 1292 2616 non
1319 2586 1351 2615 in
1371 2585 1495 2625 Regia,
1511 2588 1549 2615 ut
1563 2584 1681 2615 Hono-

977 2637 1057 2668 rius.

1019 2690 1078 2718 125
1107 2686 1233 2727 Pac-rio]
1258 2687 1298 2718 In
1320 2696 1471 2728 purpura
1487 2685 1596 2728 patris
1606 2686 1680 2727 jam

976 2737 1208 2779 Imperatoris.
