1852 3193
234 226 318 271 2112
705 237 781 266 CL.
815 232 1094 265 anumANi
1128 231 1213 261 xv.

235 335 282 375 Si
302 335 500 376 revolant
521 333 666 385 mergi,
689 331 879 384 graditur
899 329 934 369 si
955 328 1099 369 littore
1121 327 1288 368 cornix.

233 402 324 443 Ora
344 405 442 443 licet
463 401 649 442 maculis
672 398 904 450 asperserit
923 397 1134 437 occiduus
1156 396 1248 443 Sol,

232 470 444 523 Lunaque
465 467 691 519 conceptis
711 467 897 506 livescat
917 465 1091 505 turbida
1113 462 1255 511 Coris,

235 538 291 577 Et
313 544 491 578 contusa
516 548 651 587 vagos
665 535 909 588 jaculentur
931 533 1074 573 sidera
1096 532 1249 579 crines,

233 604 451 644 Imbribus
473 604 729 643 humescant
749 601 898 650 Haedi‚
921 601 1205 652 nimbosaque
1225 597 1420 638 Taurum

240 671 381 711 Ducat
404 671 548 724 HyaS,
573 674 779 723 totusque
798 668 919 709 fretis
943 667 1179 708 descendat
1200 664 1362 715 Orion3

227 779 357 819 provido
381 779 643 815 ‹112i1›1‹ulce1·titis,
672 780 697 808 si
731 777 828 817 mergi
851 779 990 814 redeunt,
1022 777 1048 806 si
1081 776 1189 805 cornix
1219 774 1375 814 spatiatur
1399 772 1431 802 in
1454 781 1559 802 arena.
1623 771 1694 801 Eti-

230 823 309 852 amsi
332 822 385 851 Sol
408 823 545 852 accidens
567 822 686 863 inficiat
703 832 735 850 os
751 831 844 851 suum
862 821 1002 857 utriculis,
1019 822 1046 849 et
1065 819 1154 848 Luna
1171 818 1348 847 turbulenta
1373 815 1567 846 subrubescat
1593 815 1694 844 ventis

230 865 386 901 formatis,
404 869 433 894 et
449 869 535 894 astra
550 864 676 901 confuso
692 864 836 894 mulctant
855 873 954 893 comus
979 865 1138 892 errantes:
1164 866 1199 891 et
1216 861 1242 889 si
1258 859 1354 890 Hoem'
1378 858 1546 898 madefiant
1561 857 1693 897 pluvii-⁴1,

231 911 260 938 ec
278 908 370 948 Hyas
385 918 495 947 aquosa
507 912 597 946 regat
617 908 762 945 Taurum,
778 910 808 936 et
828 906 925 935 Orion
942 909 1024 935 totus
1039 905 1200 934 delabatur
1215 903 1245 933 in
1262 912 1358 941 more,
1376 902 1491 932 indicia
1510 900 1588 931 Coeh'
1603 902 1691 930 certa

847 990 1079 1000 eeeeeeeeeeee

229 1057 457 1096 Reg.Tlmau.
485 1056 567 1086 Put.
594 1055 724 1085 Μαῖαν.
749 1053 888 1083 Tliolos.
915 1053 1049 1082 Bouon.
1080 1055 1150 1081 tres
1180 1052 1300 1081 Petav.
1327 1049 1468 1080 totidem
1485 1049 1603 1080 Ambr.
1628 1049 1692 1081 inc.

230 1099 351 1129 Heins.
371 1099 536 1128 va1·.LL.
564 1108 581 1127 e
606 1107 712 1136 marg.
731 1096 845 1126 Parm.
871 1095 992 1125 Sched.
1011 1094 1099 1125 Gud.
1126 1094 1177 1124 ed.
1203 1094 1318 1123 Vicet.
1354 1095 1444 1123 tanta
1471 1093 1597 1123 Moret.
1621 1102 1690 1124 sec.

228 1144 319 1181 capta
337 1141 412 1171 Pal.
438 1141 588 1171 Floreut.
616 1140 695 1170 Pat.
721 1149 804 1168 unus
834 1138 953 1168 Heius.
986 1141 1092 1176 captos
1122 1137 1201 1167 Var.
1220 1137 1287 1166 LL.
1307 1135 1360 1166 ed.
1378 1134 1483 1166 Antv.
1523 1138 1613 1165 tanta
1635 1136 1691 1166 vel

227 1187 318 1215 cauta
332 1183 426 1214 Med.
441 1194 507 1214 sec.
547 1188 637 1223 capla
655 1182 709 1213 vel
723 1185 816 1212 cauta
832 1180 924 1211 Med.
942 1190 992 1220 pr.
1014 1180 1129 1211 Oxon.
1147 1189 1214 1210 sec.
1251 1179 1325 1219 quid
1343 1178 1460 1208 Ambr.
1490 1187 1538 1218 pr.
1576 1179 1693 1209 vocetis

228 1227 301 1258 Pal.
339 1227 456 1257 vocatis
471 1226 566 1256 Med.
586 1237 636 1266 pr.
662 1226 744 1256 Var.
762 1226 829 1255 LL.
855 1223 909 1254 ed.
928 1222 1142 1254 Antv.—493
1179 1222 1309 1252 volitant
1334 1221 1431 1252 Leid.
1458 1230 1525 1252 sec.
1553 1230 1596 1251 m.
1622 1229 1692 1252 sec.

225 1270 361 1300 recolent
377 1270 503 1300 Thuan.
541 1269 634 1300 litora
652 1269 746 1299 Rott.
762 1269 891 1298 Thuan.
923 1277 980 1306 per
1003 1267 1095 1296 litora
1118 1267 1323 1296 Parin—494
1347 1264 1547 1305 consperserit
1571 1263 1692 1295 Ambr.

228 1313 379 1343 sec.in‹·.
401 1313 518 1342 Heius.
556 1311 750 1352 conspexerit
779 1311 873 1342 Leid.
908 1319 958 1348 pr,
993 1309 1150 1349 aspexerit
1180 1308 1277 1339 Leid.
1309 1317 1376 1339 sec.
1408 1312 1443 1338 et
1472 1307 1590 1337 decem
1623 1306 1693 1346 alii,

227 1356 309 1385 Var.
329 1356 396 1386 LL.
411 1355 462 1386 ed.
480 1355 584 1385 Antv.
601 1361 636 1385 et
654 1355 706 1384 ed.
724 1354 836 1384 Vivet.
875 1352 1015 1383 assiduus
1037 1353 1082 1382 soz
1098 1352 1191 1382 Med.
1206 1361 1258 1392 pr.
1276 1361 1360 1381 unus
1378 1350 1606 1381 Heius—495
1621 1359 1692 1380 con-

226 1398 324 1438 ceptis
340 1399 391 1428 vel
409 1399 592 1438 contemptis
608 1398 703 1428 Med.
720 1407 770 1436 pr.
811 1398 942 1427 lucescat
968 1396 1047 1426 Vat.
1076 1396 1182 1435 quint.
1219 1394 1344 1424 turbida
1373 1394 1522 1424 Florem.
1553 1403 1596 1424 m.
1621 1402 1690 1423 sec.

225 1439 292 1470 duo
309 1440 428 1472 Heins.
468 1441 596 1479 turgida
614 1441 756 1480 triginta
771 1439 840 1479 alii,
864 1439 1029 1469 Va1·.LL.
1060 1448 1077 1468 e
1103 1448 1208 1477 marg.
1236 1439 1346 1468 Parin.
1370 1442 1405 1467 et
1432 1437 1518 1466 Exc.
1547 1436 1690 1467 Gevart.

228 1484 343 1513 Cauris
358 1484 436 1514 Vat.
455 1494 504 1523 pr.
524 1486 606 1514 item
620 1484 697 1513 Vnt.
715 1483 825 1514 Livin.
862 1482 962 1512 choris
978 1482 1059 1512 Lov.
1076 1482 1157 1511 Var.
1175 1481 1240 1511 LL.
1264 1481 1316 1511 ed.
1334 1481 1544 1510 Arum—496
1566 1478 1692 1516 confusa

225 1525 325 1556 Farn.
357 1527 536 1558 edwicet.
568 1530 693 1557 contusa
724 1525 819 1556 Leid.
851 1535 902 1565 pr.
932 1524 1011 1555 Vat.
1044 1524 1152 1564 quim.
1181 1525 1333 1555 Florent.
1367 1523 1465 1554 Med.
1492 1526 1573 1553 tert.
1604 1522 1690 1562 Reg.

225 1568 356 1599 Bonon.
373 1570 510 1600 Tholas.
528 1570 610 1600 Lov.
629 1575 697 1600 vet.
716 1569 799 1608 Gyr.
817 1569 943 1598 Mon-et.
959 1577 1026 1597 sec.
1045 1567 1112 1598 duo
1130 1567 1245 1597 Oxon.
1264 1567 1331 1597 duo
1346 1565 1463 1597 Ambr.
1486 1569 1555 1595 tres
1570 1565 1690 1596 Petav.

225 1610 308 1642 Var.
325 1612 394 1642 LL.
413 1622 430 1642 e
448 1622 553 1651 marg.
576 1613 686 1642 earm.
710 1621 848 1642 concessa
865 1611 943 1641 Par.
979 1620 1122 1640 concusso
1136 1610 1233 1640 Leid.
1251 1619 1319 1640 sec.
1337 1619 1413 1639 cum
1429 1607 1691 1649 quatuordecim

226 1653 299 1684 aliis
323 1658 358 1684 et
371 1654 493 1685 Sched.
512 1655 602 1686 Gud.
640 1663 782 1685 concussa
813 1653 866 1684 vel
890 1651 1018 1690 confusa
1048 1653 1143 1683 Med.
1174 1662 1243 1683 sec.
1269 1652 1452 1690 jaculantur
1468 1652 1596 1682 Moret.
1621 1659 1688 1680 see.

882 1761 1021 1793 NOTAE

983 1836 1004 1866 li
1019 1846 1025 1866 :
1050 1835 1104 1865 hic
1123 1838 1295 1874 ponuntur
1312 1843 1373 1873 pro
1389 1833 1500 1863 ventis
1522 1832 1691 1873 violentis,

222 1838 287 1869 alia
304 1838 411 1878 signa,
428 1848 527 1878 quam
546 1847 621 1879 quae
640 1837 698 1868 dat
721 1836 906 1868 Honorius.

983 1892 1018 1917 et
1034 1896 1075 1916 ex
1092 1885 1250 1925 Virgilio,
1266 1885 1274 1900 ‘
1294 1887 1438 1924 Semper
1462 1882 1594 1924 frigora
1620 1883 1689 1924 spi-

267 1891 330 1919 493
363 1888 400 1918 Sz'
420 1890 557 1919 revolant
574 1888 688 1928 mergi]
722 1887 834 1927 Mergi
849 1892 929 1918 sunt

222 1948 314 1978 aveS‚
332 1948 406 1979 quae
425 1939 588 1969 continuo
606 1943 818 1978 merguntur,
838 1927 927 1968 ideo-

222 1997 288 2030 que
304 1988 330 2018 si
346 1989 500 2029 immergi
517 1988 685 2026 desinant,
707 1993 808 2027 atque
831 1997 927 2018 revo-

221 2040 306 2079 lent,
321 2039 384 2070 ho(-
401 2044 520 2070 contra
534 2044 689 2069 naturam
716 2048 787 2068 es=e
815 2038 925 2068 credi-

220 2094 287 2128 tur,
303 2094 337 2120 et
354 2090 480 2120 idcirco
497 2090 685 2129 auspicium
714 2089 922 2129 navigaturis

218 2140 480 2178 inauspicatum,
507 2140 601 2179 quasi
633 2140 808 2170 immineat
837 2144 923 2170 tem-

219 2193 335 2229 pestas
353 2190 465 2228 aliqua
482 2190 721 2220 turbulentior.

264 2238 399 2278 Cornix]
446 2240 490 2269 Et
518 2239 597 2269 illud
626 2249 759 2279 quoque
789 2245 840 2270 est
867 2250 923 2271 au-

219 2289 361 2329 spicium
388 2289 570 2319 infaustum
592 2299 632 2319 ex
655 2289 744 2328 virg.
769 2291 777 2305 ‘
797 2290 829 2319 si
852 2299 924 2320 cor-

218 2340 278 2370 nix
315 2340 417 2380 plena
455 2339 603 2379 pluviam
630 2345 731 2369 vocat
768 2339 924 2379 improba

218 2399 316 2429 voce,
329 2390 374 2420 Et
390 2391 461 2420 sola
477 2390 510 2419 iu
523 2389 616 2419 sicca
628 2399 739 2419 aecum
755 2390 923 2429 spatiatur

217 2440 344 2471 areua.'

258 2493 321 2522 494
356 2490 504 2530 Maculis]
548 2491 604 2521 Sol
629 2490 733 2521 habet
760 2500 836 2521 suas
853 2500 918 2520 ma-

216 2542 331 2573 culas:
356 2551 453 2572 nemo
470 2542 626 2572 dubitat:
653 2541 713 2571 sed
741 2541 795 2571 hic
813 2541 918 2571 nubes

214 2593 381 2632 intellige.

258 2645 320 2673 495
349 2643 512 2682 Conceptis
527 2641 633 2681 Coris]
658 2641 735 2672 Cori
749 2642 800 2672 vel
817 2642 918 2673 Cauri

216 2698 295 2723 sunt
310 2699 402 2723 venti
420 2691 541 2724 flantes
557 2693 600 2722 ab
617 2701 738 2722 occasu
755 2691 917 2722 solstitia-

216 2742 252 2782 li,
268 2743 330 2774 boc
342 2750 406 2783 est,
423 2744 464 2774 ab
481 2744 520 2774 iis
538 2743 733 2784 regionibus
746 2742 778 2773 in
796 2742 917 2783 quibus

213 2792 270 2825 Sol
287 2793 444 2826 occidere
457 2795 596 2827 videtur
609 2798 763 2836 tempore
782 2793 917 2827 bruma-

983 1936 1160 1967 rantibus.'

1023 1991 1087 2018 496
1114 1987 1239 2028 Crines]
1280 1986 1354 2017 Etsi
1373 1990 1463 2017 astra
1479 1988 1615 2025 contusa,
1629 1994 1689 2016 seu

982 2038 1116 2075 obtusa,
1134 2037 1187 2067 vel
1206 2036 1344 2075 confusa,
1359 2045 1398 2066 ac
1423 2035 1560 2066 turbida
1578 2039 1689 2066 osten—

981 2089 1079 2127 dunt,
1094 2097 1132 2118 ac
1150 2087 1284 2118 vibrant
1298 2087 1409 2117 crines
1428 2086 1610 2123 terribiles,
1627 2085 1688 2117 ibi-

981 2149 1054 2170 mus
1090 2139 1122 2169 in
1158 2138 1300 2169 hostem.
1335 2136 1687 2177 Cometasiutelligit‚

981 2200 1063 2230 quos
1095 2189 1225 2230 antiqui
1259 2189 1438 2224 timebant,
1465 2188 1558 2219 velut
1587 2191 1686 2219 certa

979 2240 1213 2270 calamitatum
1229 2239 1476 2269 imminentium
1505 2238 1685 2278 praesagia.

1021 2292 1083 2320 497
1108 2289 1222 2329 Hoedi]
1272 2290 1349 2319 Duo
1365 2294 1444 2319 sunt
1460 2289 1555 2328 signa
1569 2290 1686 2320 coeles-

979 2341 1027 2372 tia
1043 2342 1343 2381 septemtrionalia
1360 2341 1391 2371 iu
1420 2350 1520 2371 manu
1548 2341 1684 2371 sinistra

978 2392 1115 2431 Aurigae
1153 2401 1213 2421 seu
1252 2391 1407 2422 heniochi
1447 2401 1523 2432 quae
1563 2394 1683 2422 creant

978 2442 1129 2482 pluvias:
1178 2442 1266 2472 undo
1313 2441 1458 2479 Virgilio
1508 2440 1682 2481 dicuntur,

974 2494 982 2510 ‘
1001 2493 1173 2523 Pluviales
1190 2491 1303 2522 haedi!

1015 2546 1078 2573 498
1105 2541 1209 2582 Hyas]
1252 2540 1346 2580 Hyas
1363 2549 1421 2570 seu
1441 2539 1582 2579 Hyades
1600 2545 1681 2572 sunt

974 2598 1106 2632 septem
1132 2590 1240 2621 stellae
1269 2591 1301 2620 in
1329 2590 1565 2630 capite'ranri
1592 2590 1680 2630 signi

973 2643 1135 2681 coelestis,
1168 2651 1242 2682 quae
1271 2647 1345 2672 ortu
1372 2651 1430 2671 suo
1461 2645 1580 2671 creant
1604 2641 1680 2680 plu-

972 2694 1060 2724 vias:
1085 2693 1163 2722 hinc
1195 2692 1352 2722 dicuntur
1378 2691 1521 2731 Hyades,
1537 2690 1599 2721 ἀπὸ
1621 2691 1681 2722 τοῦ

972 2743 1034 2774 ὕειν
1060 2744 1185 2784 pluere:
1208 2741 1338 2773 Latinis
1365 2741 1525 2772 dicuntur
1550 2751 1619 2772 sues
1643 2745 1680 2776 et

970 2794 1136 2835 subaculoe,
1153 2793 1242 2835 quod
1259 2802 1334 2824 sues
1349 2791 1526 2834 imbribus,
1543 2796 1579 2825 et
1602 2793 1676 2827 luto
