1852 3193
220 201 305 242 430
669 213 748 245 cn.
779 210 1061 242 anumAm
1095 209 1224 241 xvir.

222 307 396 357 Suetus,
420 309 462 348 et
483 308 649 348 alterno
669 318 819 346 verum
841 308 1074 345 contexere
1095 305 1230 345 nodo.

223 373 448 428 Quicquid
469 374 699 415 Socratico
719 373 916 413 manavit
936 373 992 412 ab
1013 372 1177 422 ordine,
1199 372 1416 428 quicquid

222 441 370 483 Docta
390 442 638 482 Cleanthea:
660 443 896 480 sonuerunt
918 440 1032 479 atria
1052 440 1209 489 turbae,

222 508 447 549 Inventum
469 508 776 561 quodcumque
796 510 884 557 tuo,
907 505 1168 560 Chrysippe‚
1189 519 1386 557 recessu,

222 573 448 628 Quicquid
471 574 750 615 Democritus
771 574 884 623 risit,
908 574 1107 626 dixitque
1125 574 1313 615 tacendo

222 641 511 696 Pythagoras,
533 655 618 682 uno
639 654 686 681 se
706 646 882 695 pectore
905 645 1065 682 cuncta
1084 645 1284 682 vetustas

222 707 442 760 Condidit,
462 713 503 750 et
519 709 660 763 major
679 710 878 750 collectis
900 710 1068 749 viribus
1088 710 1198 751 exit.

223 775 440 817 Ornantur
461 781 643 826 veteres,
665 781 708 817 et
727 776 939 817 nobiliore
958 777 1171 829 magistro

1629 575 1686 616 90

219 896 383 927 veritatem
396 896 491 927 sertis
515 895 645 928 florum.
690 897 829 927 Scilicet
845 897 989 937 quicquid
1010 897 1111 937 fluxit
1129 897 1167 928 ab
1194 898 1350 928 institutis
1376 897 1529 938 Socratis,
1545 897 1688 939 quicquid

219 939 323 969 schola
339 939 460 969 erudita
476 942 571 969 coetus
595 939 756 969 Cleanllzei
780 939 902 969 emisit:
937 940 1081 978 quicquid
1096 941 1309 979 excogitatum
1325 944 1383 980 est,
1399 951 1418 972 o
1439 941 1624 981 Chrysippo,
1650 941 1687 971 in

219 990 333 1011 secessu
350 984 419 1010 tuo.-
458 981 601 1020 quicquz‘d
627 981 826 1011 Democritus
851 981 978 1010 ridendo
1002 981 1101 1019 dixit,
1125 985 1155 1012 et
1181 983 1381 1022 Pythagoras
1409 985 1529 1014 edocuit
1551 983 1692 1014 silendo.-

221 1026 287 1052 tota
300 1022 472 1062 antiquitas
486 1022 611 1053 inclusit
625 1032 657 1053 se
672 1022 704 1052 in
719 1032 779 1052 una
802 1028 902 1053 mente
929 1022 1109 1062 Theodori,
1133 1026 1162 1053 et
1186 1025 1256 1054 inde
1282 1025 1435 1064 copiosior
1449 1027 1555 1065 prodit
1570 1026 1690 1056 viribus

221 1064 403 1102 conjunctis.
446 1064 579 1104 Antiqui
610 1068 766 1095 auctores
791 1065 1000 1104 illustrantur,
1022 1068 1052 1095 et
1078 1065 1140 1096 sub
1165 1066 1288 1097 doctore
1319 1067 1488 1098 illustriore
1517 1068 1689 1099 Academia

840 1169 1081 1181 eeeeeeeeeeee

221 1223 319 1256 Leid.
336 1233 388 1264 pr.
399 1225 502 1264 gratis
516 1224 633 1256 vicibus
651 1224 768 1257 Ambr.
784 1235 836 1266 pr.
860 1235 983 1257 sert-are
996 1225 1049 1257 ed.
1063 1226 1262 1258 Vicet.-86
1287 1228 1472 1259 Connectere
1488 1228 1573 1260 Exc.
1589 1229 1692 1262 Voss.

221 1270 305 1297 —87
330 1268 429 1298 Sacra
444 1270 496 1298 tuo
512 1268 592 1300 Jun.
609 1272 749 1307 pru—88
775 1269 954 1300 Cloantheoe
981 1275 1050 1300 tres
1078 1270 1176 1301 Vatt.
1204 1269 1279 1301 Pal.
1308 1271 1410 1301 Farn.
1438 1271 1592 1302 Florent.
1610 1271 1692 1304 Pnt.

221 1309 347 1341 Petav.
364 1319 415 1349 pr.
432 1310 570 1341 Tholos.
586 1311 679 1341 Med.
699 1321 768 1342 sec.
785 1312 852 1343 duo
868 1311 989 1342 Ambr.
1007 1312 1107 1343 ambo
1125 1313 1253 1343 Mon-et.
1276 1313 1405 1352 agmina
1420 1314 1550 1344 Mazar.
1569 1313 1690 1346 Ambr.

221 1361 290 1383 sec.
305 1353 390 1383 Exc.
408 1352 492 1384 Cod.
509 1353 692 1384 Rhemens.
715 1354 799 1385 atria
811 1355 865 1385 vel
880 1354 1009 1394 agmina
1025 1356 1106 1385 Vat‚
1124 1359 1235 1396 quart.
1253 1355 1319 1386 inc.
1335 1356 1544 1387 Heius—89
1566 1366 1693 1388 recursu

223 1394 306 1426 Cod.
326 1395 532 1426 Banu—90
558 1396 670 1426 didicit
686 1396 815 1436 risitque
831 1398 912 1429 Jun.
932 1407 982 1438 pr.
1020 1397 1105 1428 dixit
1122 1398 1174 1428 vel
1190 1398 1362 1439 didicitque
1377 1399 1457 1430 Vat.
1476 1408 1527 1439 pr.
1545 1400 1692 1430 Fam.-

222 1439 259 1467 91
287 1447 345 1467 uno
360 1438 414 1468 vel
429 1438 487 1468 imo
503 1438 597 1469 Med.
616 1443 698 1470 tert.
729 1442 819 1470 tanta
832 1440 914 1473 Jun.
932 1443 1071 1480 piu—92
1095 1441 1217 1471 collatis
1243 1441 1328 1482 legit
1344 1441 1464 1472 Heins.
1482 1441 1539 1482 qui
1567 1441 1694 1482 ascrip-

222 1484 314 1510 serat
330 1479 388 1510 lib.
405 1489 430 1511 1.
448 1480 615 1511 Stilichon
632 1484 683 1512 35.
708 1483 716 1498 ‘
737 1487 772 1512 et
788 1492 862 1523 quae
886 1482 996 1514 divisa
1021 1483 1139 1514 beatos
1166 1482 1341 1521 Efficiunt‚
1363 1484 1489 1514 collata
1519 1484 1638 1515 tenes.'
1654 1489 1693 1516 ut

222 1521 269 1553 ibi
297 1522 404 1553 codd.
422 1532 497 1564 pro,
514 1524 671 1556 collecta.
706 1525 785 1556 arsit
812 1526 894 1557 Vat.
912 1530 994 1558 tert.
1028 1526 1095 1557 exit
1112 1527 1166 1557 vel
1190 1526 1269 1558 arsit
1295 1526 1395 1558 Rott.
1426 1527 1499 1558 exul
1512 1527 1693 1559 Tholos.—

890 1634 1030 1666 NOTAE

983 1705 1136 1736 intentus
1163 1708 1258 1736 tanta
1289 1706 1466 1746 voluptate
1491 1705 1692 1746 perfrueba-

984 1758 1053 1794 tur,
1069 1759 1108 1786 ut
1125 1765 1212 1795 eum,
1237 1760 1396 1796 tanquam
1424 1761 1523 1787 extra
1552 1766 1586 1787 se
1604 1757 1695 1797 posi-

983 1809 1068 1842 tum,
1081 1804 1147 1835 cibi
1160 1806 1375 1846 potionisque
1389 1812 1531 1846 caperet
1543 1807 1692 1839 oblivio.¹

224 1701 331 1732 ralem
348 1711 366 1732 e
385 1702 479 1733 Coelo
496 1703 684 1735 evocasse.'
711 1704 842 1736 Cicero.

267 1754 309 1783 86
331 1753 461 1784 Allerno
492 1755 568 1785 nodo
607 1765 712 1785 verum
753 1755 929 1794 contexere]

223 1803 265 1833 Id
284 1807 347 1841 est,
362 1813 424 1843 per
440 1803 592 1844 dialogos
604 1804 778 1844 elegantes
794 1805 930 1836 concin-

223 1861 305 1882 nare
336 1856 372 1883 et
408 1854 583 1894 explicare
611 1855 805 1894 veritatem,
833 1855 929 1896 quasi

224 1906 426 1934 contexeres
439 1913 533 1935 rosas
545 1904 578 1935 in
592 1910 685 1936 serta
697 1905 795 1936 nodis
805 1906 929 1946 jucun-

223 1952 382 1985 dissimis.

267 2006 308 2034 88
334 2004 525 2045 Cleanthem]
561 2006 744 2038 Cleanthes
771 2006 823 2037 vir
840 2007 929 2038 labo-

223 2054 342 2094 riosus,
364 2060 399 2086 et
426 2056 502 2087 ideo
529 2057 698 2089 Hercules
726 2057 852 2097 dictim,
869 2059 930 2089 Ze·

223 2105 304 2136 noni
332 2106 488 2145 adhaesit,
515 2112 550 2138 et
567 2118 586 2138 a
610 2109 777 2140 Cicerone
805 2109 932 2140 dicitur

223 2155 232 2171 ‘
249 2155 439 2186 Stoicorum
486 2158 608 2196 pater.'
662 2160 818 2190 Tradunt
854 2169 930 2190 eum

224 2204 330 2236 fuisse
357 2207 624 2247 pauperrimum,
640 2214 675 2239 et
690 2214 793 2240 noctu
810 2219 930 2250 aquam

223 2256 391 2295 hausisse,
406 2257 495 2287 unde
513 2267 548 2288 se
567 2268 626 2298 per
651 2259 741 2290 diem
758 2260 791 2290 in
809 2261 930 2291 studiis

226 2307 317 2337 alere
335 2312 463 2348 posset,
488 2318 633 2350 eumque
658 2314 841 2349 praeterea,
855 2320 929 2351 quae

226 2367 246 2388 a
261 2358 400 2389 Zenone
429 2358 598 2398 audierat,
619 2360 750 2390 ossibus
776 2360 876 2391 boum
895 2364 931 2391 et

226 2409 323 2440 testis
339 2408 504 2440 fictilibus
517 2410 732 2450 perscribere
749 2411 897 2441 solitum.

269 2461 310 2488 89
337 2458 525 2499 Chrysippe]
570 2459 782 2500 Chrysippus
821 2460 929 2491 Tarso

227 2507 389 2539 oriundus
416 2509 643 2550 Philosophus
672 2509 820 2549 Stoicus,
849 2510 929 2540 Dia-

226 2557 350 2589 lectica
366 2559 559 2598 excellens3
583 2570 659 2591 cum
684 2559 827 2590 Asinum
844 2559 928 2590 ficus

227 2607 466 2640 comedentem
493 2609 638 2650 videret,
663 2608 785 2640 effusus
801 2609 833 2639 iu
851 2619 930 2649 gau-

227 2657 318 2688 dium
356 2659 526 2700 risumque
557 2660 680 2691 obiisse
708 2659 843 2691 dicitur.
889 2660 930 2690 In

226 2717 344 2739 recessu
371 2714 499 2749 autem,
526 2710 604 2752 quia
645 2710 854 2751 Chrysippus
882 2720 932 2741 se-

229 2765 324 2789 cessu
341 2758 593 2803 delectabatur,
617 2764 652 2793 et
674 2761 682 2778 ‘
701 2770 792 2803 saepe
817 2761 930 2793 studio

984 1853 1035 1883 M.
1051 1852 1095 1885 A.
1112 1854 1282 1885 Muretus.

1027 1908 1068 1935 90
1092 1904 1308 1944 Democritus]
1330 1905 1502 1937 Summum
1516 1906 1640 1938 bonum
1659 1907 1695 1939 in

985 1955 1236 1996 tranquillitate
1253 1956 1375 1987 animae
1393 1957 1556 1998 ponebat,
1576 1962 1695 1989 cetera

985 2006 1096 2037 onmia
1111 2005 1246 2037 ridebat
1260 2017 1268 2044 3
1293 2006 1383 2037 unde
1400 2007 1512 2038 dictus
1529 2012 1582 2039 est
1596 2014 1694 2048 γελα-

986 2057 1068 2086 σῖνος
1083 2056 1175 2095 riser,
1193 2057 1283 2097 quod
1296 2066 1432 2097 semper
1448 2057 1596 2089 rideret:
1614 2068 1694 2090 con-

987 2110 1039 2137 tra
1055 2106 1252 2137 Heraclitus
1270 2112 1439 2148 perpetuo
1455 2107 1573 2139 flebat.

1029 2159 1068 2188 91
1095 2157 1309 2197 Pythagoras]
1368 2159 1499 2189 Samius
1541 2159 1694 2190 Philoso-

987 2207 1088 2247 phus,
1104 2206 1221 2238 docuit
1235 2208 1325 2248 apud
1341 2209 1557 2240 Crotoniatas
1573 2209 1607 2240 in
1623 2209 1694 2240 Ita·

985 2257 1042 2288 lia.
1087 2258 1169 2297 Ejus
1194 2257 1352 2299 discipuli
1376 2259 1594 2301 quinquennii
1608 2260 1694 2291 taci-

987 2308 1151 2339 turnitate
1182 2308 1408 2340 initiabantur
1437 2310 1544 2350 ipsius
1575 2310 1692 2350 sacris,

986 2364 1023 2390 ut
1034 2359 1075 2389 ad
1088 2360 1250 2390 Coelestia
1260 2360 1429 2400 capIenda
1439 2366 1555 2391 essent
1567 2360 1692 2391 idonei.
1708 2399 1711 2401 q

1028 2412 1069 2440 92
1094 2410 1213 2449 Major]
1246 2411 1436 2450 Copiosior,
1453 2416 1615 2452 tauquam
1630 2409 1692 2441 flu-

986 2459 1071 2499 vius,
1102 2460 1158 2500 qui
1190 2469 1266 2490 cnm
1306 2461 1472 2499 tantisper
1510 2459 1692 2502 retinetur,

986 2514 1104 2549 postea
1121 2510 1192 2539 exit
1210 2510 1315 2549 major
1332 2515 1368 2540 et
1385 2510 1620 2542 abundantior.

1027 2563 1067 2590 93
1096 2558 1273 2598 Ornantur]
1308 2560 1530 2591 Illustrantur
1551 2554 1693 2592 aTheoJ

984 2609 1080 2648 doro,
1090 2610 1226 2650 scriptis
1238 2611 1461 2649 elegantibus,
1469 2615 1504 2641 et
1514 2611 1574 2641 sub
1584 2611 1692 2642 Theo·

986 2661 1081 2700 doro,
1101 2661 1261 2692 Nobiliore
1284 2661 1444 2700 Magistro
1462 2672 1563 2702 quam
1587 2662 1690 2694 Plato

986 2711 1064 2742 fuit.
1097 2711 1296 2751 Academia,
1310 2711 1373 2742 hoc
1390 2716 1443 2743 est
1459 2711 1692 2754 Philosophia,

986 2761 1162 2804 omnisque
1175 2761 1345 2804 doctrina,
1354 2761 1477 2794 transit
1489 2761 1525 2793 in
1538 2762 1689 2794 Italiam.
