1852 3193
223 192 309 237 216
715 205 790 237 οι..
823 204 1106 236 emmonim
1140 203 1228 234 vn.

225 299 329 341 Lux
351 300 520 349 oculos,
542 300 730 354 nudique
751 313 877 352 seg-es
901 299 1123 339 Mavortia
1145 298 1248 339 ferri
1603 298 1688 341 135

225 367 467 421 Ingeminat
485 369 712 421 splendore
734 369 862 407 diem.
926 367 1037 406 Pars
1057 367 1217 407 nobilis
1238 379 1358 415 arcu,

225 434 336 476 Pars
358 437 482 488 louge
499 437 676 489 jaculiS,
701 448 801 487 pars
822 435 1023 474 cominus
1044 433 1217 474 horrida
1234 433 1391 473 contis.

226 502 291 543 Hi
312 505 509 543 volucres
532 505 687 543 tollunt
703 501 907 555 Aquilas,
930 503 972 542 hi
993 503 1111 554 picta
1134 502 1390 542 Draconum

227 569 356 612 Colla
376 572 517 611 levant
535 585 544 620 3
576 571 825 622 multusque
842 574 979 610 tumet
1001 583 1080 622 per
1101 569 1252 609 nubila
1274 579 1453 621 serpens

225 638 387 687 Iratus,
411 640 662 679 stimulante
683 637 818 687 Noto,
839 639 1035 690 vivitque
1057 637 1247 689 receptis
1569 676 1576 680 ⁷
1605 635 1690 677 140

226 705 446 755 Flatibus,
471 712 511 746 et
533 708 656 746 vario
679 707 881 746 mentitur
902 705 1031 745 sibila
1051 709 1206 745 tractu.

282 772 347 812 Ut
369 780 541 813 ventum
565 774 620 813 ad
642 773 781 821 sedes,
815 778 995 813 cunctos
1018 772 1238 812 discedere
1258 772 1389 812 tectis

226 840 332 881 Dux
348 842 490 894 jubet,
509 847 552 881 et
572 855 771 893 generum
796 842 1030 894 compellat
1049 841 1208 880 talibus
1230 840 1367 880 ultro:

225 906 503 962 Bellipotens
525 909 752 958 Stilichon,
780 911 904 963 eujus
926 908 1033 948 mihi
1054 910 1188 948 robur
1210 909 1252 947 in
1275 907 1408 947 armis

216 1027 329 1068 fulgor
344 1039 441 1059 cereus
455 1029 579 1059 hebetat
595 1029 707 1063 oculos,
727 1032 756 1058 et
773 1028 936 1058 multitudo
953 1028 1060 1058 bellica
1081 1027 1262 1065 gladiorum
1283 1027 1468 1056 meatorum
1483 1025 1622 1065 duplicat
1647 1026 1692 1057 lu-

224 1081 289 1101 cem
297 1071 426 1109 fulgore
437 1081 501 1101 suo.
548 1071 613 1100 Alii
629 1071 766 1108 insignes
782 1075 859 1100 sunt
873 1070 1024 1100 arcubus.-
1046 1070 1102 1099 alii.
1110 1068 1305 1106 formidandi
1320 1069 1391 1098 telis
1407 1069 1508 1106 longe,
1523 1068 1579 1098 alii
1594 1068 1693 1100 hastis

221 1123 317 1153 prope
329 1113 542 1143 ferientibus.
592 1113 638 1142 Hi
652 1111 765 1148 ferunt
790 1112 919 1151 Aquilos
938 1113 1061 1149 celeres,
1081 1112 1128 1141 illi
1148 1112 1295 1140 attollunt
1321 1110 1425 1149 capita
1442 1110 1626 1149 Serpentum
1641 1113 1693 1142 de-

222 1155 320 1194 picto,
336 1159 367 1185 et
381 1155 492 1194 anguis
516 1155 667 1195 plurimus
690 1154 870 1192 indignans,
892 1157 981 1184 vento
1003 1157 1219 1192 commovente,
1235 1154 1383 1192 turgescit
1398 1163 1453 1192 per
1468 1153 1582 1192 aerem,
1601 1157 1693 1194 atque

223 1198 364 1228 nutritur
379 1198 516 1238 exceptis
531 1197 730 1238 flaminibuS,
754 1207 790 1227 ac
805 1197 909 1237 fingit
925 1197 1016 1227 sibila
1030 1196 1123 1235 flexu
1149 1197 1282 1226 diverso.
1327 1195 1446 1225 Statim
1461 1198 1551 1235 atque
1564 1205 1693 1236 perven-

223 1243 290 1271 tum
306 1245 358 1271 est
370 1242 408 1271 ad
425 1242 586 1281 palatium,
604 1241 779 1280 Imperator
790 1240 997 1270 Theodosius
1008 1240 1141 1280 imperat
1152 1249 1254 1269 omnes
1267 1240 1407 1269 recedere
1422 1240 1522 1277 domo,
1536 1248 1573 1268 ac
1586 1241 1693 1278 sponte

226 1284 274 1314 sic
286 1283 454 1323 alloquitur
466 1293 625 1322 generum.
673 1283 704 1314 Ο
721 1282 853 1313 Stilicho
868 1282 1078 1322 magnanime,
1100 1282 1186 1320 cnjus
1210 1282 1310 1312 virtus
1333 1284 1463 1322 experta
1478 1285 1532 1312 est
1555 1281 1634 1312 mihi
1660 1281 1694 1312 in

845 1375 1059 1387 aeaeaeaeaeaeaeaeaeae

217 1437 303 1476 ferri
317 1439 370 1469 vel
386 1437 455 1468 belli
469 1438 555 1477 Reg.
572 1437 686 1468 Oxon.
707 1447 756 1477 pr.
775 1437 870 1469 Med.
889 1447 957 1468 sec.
971 1438 1050 1469 Vat.
1070 1441 1181 1479 quart.
1199 1437 1401 1470 Prie—136
1423 1437 1599 1478 Ingeminet
1612 1437 1692 1468 Vat.

226 1486 338 1522 quart.
352 1481 558 1511 Laut—137
582 1481 683 1520 longis
697 1481 833 1511 Tholos.
870 1481 1004 1520 undique
1020 1491 1082 1521 pro
1095 1481 1223 1512 horrida
1242 1481 1336 1512 Med.
1354 1485 1434 1513 tert.
1469 1480 1598 1522 comptis
1610 1480 1692 1512 Jun.

224 1533 278 1566 pr.
317 1523 435 1554 cunctis
461 1523 536 1554 Pal.
561 1524 642 1554 Vat.
669 1533 721 1563 pr.
748 1533 791 1554 ιιι.
818 1533 871 1564 ρι’.
899 1523 994 1554 Med.
1018 1534 1087 1555 sec.
1107 1524 1192 1555 Exc.
1210 1524 1417 1555 Voss.-—l38
1441 1525 1561 1564 aquilos
1583 1523 1695 1554 tollunt

223 1568 305 1600 Jun.
323 1576 375 1607 pr.
410 1568 528 1597 leonum
546 1567 673 1597 Moret.
701 1569 861 1606 ιιι-139
883 1569 980 1597 tumet
1008 1568 1094 1598 Exc.
1121 1568 1267 1598 Lucens.
1296 1577 1346 1607 pr.
1370 1571 1489 1599 tumens
1513 1567 1608 1598 Prie.
1637 1565 1693 1597 ed.

223 1609 447 1640 vicen—140
469 1609 631 1640 stimulare
648 1610 746 1640 Rott.
784 1612 923 1649 receptus
948 1610 1013 1640 duo
1039 1610 1116 1640 Vat.
1141 1610 1226 1641 Lov.
1246 1610 1359 1641 Oxon.
1376 1620 1426 1650 pr.
1444 1610 1522 1640 item
1539 1610 1622 1641 Jun.
1639 1618 1692 1648 pr.

223 1654 329 1683 -—-141
354 1655 441 1682 tanto
456 1652 608 1683 mentitur
622 1652 702 1690 Pat.
739 1652 842 1682 cinctu
859 1652 953 1683 Med.
966 1661 1034 1683 sec.
1069 1656 1172 1683 tractu
1188 1654 1242 1683 vel
1259 1653 1360 1683 tinctu
1374 1654 1454 1683 Vat.
1471 1656 1554 1682 tert.
1592 1651 1694 1682 tinctu

224 1694 306 1726 Jun.
322 1704 386 1726 sec.
406 1705 450 1725 m.
468 1705 521 1735 pr.
537 1696 632 1725 Rott.
650 1694 745 1726 Leid.
771 1705 790 1725 a
813 1705 857 1725 m.
883 1697 1044 1735 lin—142
1067 1695 1186 1726 cunctis
1211 1696 1292 1726 Vat.
1317 1705 1385 1726 see.
1413 1695 1488 1725 Pal.
1516 1693 1612 1724 Med.
1640 1703 1693 1734 ρι’.

224 1738 344 1774 emetis
361 1738 414 1768 vel
430 1741 553 1768 cunctos
568 1738 649 1769 Vat.
666 1741 776 1778 quart.
814 1748 916 1768 omnes
932 1738 1017 1768 Exc.
1034 1738 1179 1769 Lucens.
1196 1748 1249 1778 pr.
1263 1741 1347 1768 tutos
1362 1739 1446 1778 Reg.
1460 1738 1592 1768 Tliuan.
1609 1736 1692 1768 Put.

224 1781 321 1812 Rott.
339 1781 470 1811 Bonon.
489 1780 602 1811 Oxou.
627 1790 679 1820 pr.
697 1780 820 1811 Petav.
837 1790 904 1811 sec.
920 1780 1037 1811 Ambr.
1054 1791 1104 1821 pr.
1121 1781 1245 1812 Sched.
1259 1781 1349 1812 Gud.
1386 1783 1472 1811 tutas
1496 1780 1591 1811 Med.
1621 1789 1692 1811 sec.

224 1820 305 1855 Pat.
324 1823 435 1854 Oxon.
461 1833 529 1854 sec.
555 1833 599 1854 m.
630 1832 699 1853 see.
736 1826 805 1853 tuto
832 1824 915 1854 Exc.
942 1823 1075 1855 Schott.
1112 1827 1195 1854 tutos
1226 1824 1279 1854 vel
1307 1827 1430 1854 cunctos
1457 1824 1540 1862 Reg.
1561 1823 1693 1854 Mazar.

223 1866 379 1897 discedere
396 1866 510 1897 Oxon.
529 1875 597 1896 sec.
620 1875 665 1897 m.
682 1875 751 1896 sec.
770 1866 855 1896 Exc.
872 1866 1003 1897 Schott.
1047 1868 1191 1897 excedere
1216 1867 1297 1898 Jun.
1320 1877 1370 1907 pr·
1408 1867 1590 1897 descendere
1611 1866 1693 1896 Vat.

224 1917 277 1948 pr.
298 1910 418 1940 Petav.
434 1919 502 1940 sec.
538 1909 651 1939 castris
663 1908 742 1940 Jun.
757 1918 807 1948 ρι’.
819 1908 941 1940 Sched.
958 1908 1048 1940 Gud.
1066 1910 1152 1940 Exc.
1167 1909 1313 1940 Schotti.
1344 1909 1435 1939 tectis
1447 1909 1561 1940 Oxon.
1578 1918 1694 1939 sec.—

225 1954 287 1982 143
308 1952 434 1991 generis
446 1952 526 1983 Vat.
543 1962 595 1992 pr.
631 1952 784 1992 compellit
806 1951 899 1983 Prie.
931 1951 1052 1983 vocibus
1069 1951 1187 1984 Ambr.
1203 1955 1394 1983 tert.—l44
1418 1951 1528 1982 Stilico
1544 1951 1623 1982 Vat.
1640 1959 1693 1991 pr.

889 2076 922 2109 N
928 2078 1030 2109 OTAE

227 2159 304 2192 Qua
319 2168 419 2190 verus
437 2160 559 2199 patriae
576 2160 700 2192 diceris
717 2171 791 2193 esse
808 2163 932 2203 pater!
988 2164 1117 2195 servari
1132 2163 1216 2195 flatu
1232 2163 1380 2203 videtur,
1404 2166 1439 2193 et
1465 2161 1592 2192 imitari
1616 2161 1693 2192 dra-

267 2209 376 2242 Ahena
392 2210 463 2249 lux]
500 2210 669 2250 Splendor
685 2222 868 2254 armorum,
890 2224 933 2246 ex
987 2224 1108 2246 eonem
1126 2215 1330 2254 sibilantem,
1343 2223 1418 2245 cum
1429 2211 1645 2252 expanditur,
1657 2216 1693 2242 et

226 2269 293 2291 aere
306 2258 543 2290 conflatorum·
794 2279 795 2282 =
986 2264 1092 2295 celeri
1113 2268 1221 2302 motu,
1240 2263 1334 2304 quasi
1351 2262 1418 2293 levi
1435 2261 1526 2292 flexu
1543 2262 1692 2292 ostendi-

270 2313 331 2342 137
369 2311 492 2350 Contis]
528 2312 658 2343 Contus
688 2313 831 2345 sumitur
869 2325 931 2355 pro
986 2317 1054 2354 tur,
1071 2317 1107 2345 et
1123 2313 1334 2344 subtrahitur
1350 2312 1468 2344 oculis.

226 2361 371 2401 pertica,
387 2371 492 2402 remo,
506 2362 616 2393 hasta.
1030 2365 1092 2394 142
1115 2362 1224 2403 Sedes]
1262 2363 1446 2404 Palatium,
1472 2373 1532 2394 seu
1556 2362 1691 2395 domum

269 2414 331 2443 138
354 2412 500 2452 Aquilas]
522 2412 660 2443 Vexilla
676 2413 915 2445 Romanorum.
987 2413 1188 2445 Caesaream.

269 2463 364 2493 Picta
390 2463 571 2493 Dr·1conum
597 2463 688 2504 colla]
726 2464 870 2495 Veteres
896 2465 930 2496 in
1031 2465 1165 2494 Cunctos
1177 2464 1346 2503 discedere]
1370 2464 1499 2504 Magna
1513 2465 1586 2496 laus
1601 2465 1692 2497 Stili-

224 2514 357 2545 vexillis
388 2514 571 2554 gestabant
601 2515 777 2546 Dracones
815 2515 930 2556 depic-
984 2513 1100 2545 chonis
1115 2515 1244 2545 laudari
1267 2525 1287 2545 a
1311 2514 1511 2555 Theodosio,
1537 2516 1593 2556 qui
1621 2526 1692 2547 mo-

224 2569 290 2595 tos.
984 2564 1084 2605 riens,
1107 2565 1246 2596 remotis
1273 2564 1425 2595 omnibus
1453 2565 1602 2606 arbitris,
1626 2566 1691 2606 ipsi

269 2618 331 2647 139
354 2616 463 2647 Tumet
485 2626 543 2656 per
569 2615 671 2647 nubila
695 2616 832 2657 serpens]
854 2618 929 2648 Ser·
983 2625 1142 2657 magnum
1188 2615 1348 2657 quiddam
1394 2615 1691 2648 commendaturus

224 2674 308 2706 pens
325 2666 484 2707 depictus
500 2671 624 2708 tumet,
645 2677 721 2699 cum
737 2669 929 2709 explicatur
981 2670 1046 2698 est.

225 2725 285 2756 per
302 2716 428 2757 aerem,
444 2722 480 2749 et
495 2723 599 2750 vento
616 2719 835 2759 permittitur.
1027 2720 1088 2748 143
1108 2716 1278 2757 Generum]
1300 2716 1520 2748 Stilichonem
1535 2716 1594 2758 qui
1606 2716 1691 2748 dux-

269 2769 329 2798 140
350 2767 509 2810 Vivitque]
532 2770 649 2801 Draco
664 2770 787 2802 nutriri
802 2775 838 2803 et
853 2780 930 2803 con-
984 2773 1058 2801 erat
1073 2768 1176 2800 filiam
1190 2768 1335 2800 Honorii
1347 2768 1499 2810 senioris,
1511 2767 1568 2811 qui
1580 2766 1690 2800 frater
