1852 3193
170 209 254 252 450
654 216 727 247 οι..
759 209 1040 245 CLAUDIAM
1075 208 1217 240 xv11.·

169 315 378 356 Fortibus
398 313 496 356 haee
518 324 729 355 concessa
749 310 870 360 viris,
895 309 1087 362 solisque
1109 305 1299 360 gerenda

168 383 395 431 Patribus,
418 387 459 423 et
481 382 637 422 Romae
659 391 885 432 nunquam
906 378 1052 418 latura
1071 376 1302 430 pudorem.

226 451 392 492 Nuntia
412 455 627 497 votorum,
650 447 775 489 celeri
791 447 887 501 jam
910 445 1052 486 Fama
1069 444 1221 485 volatu

171 521 376 561 Moverat
399 517 583 565 Aonios,
606 515 761 556 audito
784 514 991 562 Consule,
1020 513 1158 553 lucos.

169 587 403 629 Concinuit
424 584 533 624 felix
558 584 758 631 Helicon,
780 582 999 635 fluxitque
1022 579 1256 632 Aganippe

170 654 366 707 Largior,
388 658 430 693 et
450 653 568 693 docti
589 653 776 692 riserunt
794 651 972 691 floribus
991 661 1156 689 amnes.

171 720 339 761 Uranie
361 720 564 760 redimita
587 731 752 768 comaS,
776 731 865 772 qua
888 731 1010 770 saepe
1031 716 1243 768 magistra

172 788 355 830 Mallius
374 789 580 841 igniferos
603 787 726 828 radio
743 786 1037 839 descripserat
1057 796 1183 832 axeS,

171 856 247 897 Sic
269 857 379 897 alias
398 856 574 896 hortata
596 855 742 896 Deas:
776 854 1048 901 Patimurne,
1073 863 1261 899 sorores,

172 923 339 976 Optato
359 924 511 977 procul
531 935 631 962 esse
653 922 755 961 die?
787 934 868 960 nee
889 921 1040 960 limina
1057 917 1195 958 nostri

171 990 394 1040 Consulis,
417 995 458 1031 et
479 1002 652 1042 semper
672 989 858 1029 dilectas
882 987 1067 1028 visimus
1092 984 1241 1025 aedes?

1537 438 1624 481 270

1545 777 1633 819 275

168 1091 233 1121 hoec
249 1089 398 1130 dignitas
414 1091 508 1120 datur
530 1092 650 1120 tantam
666 1087 743 1118 viris
756 1087 923 1126 generosis,
945 1089 975 1117 et
994 1085 1131 1124 ferenda
1148 1088 1200 1114 est
1223 1094 1242 1114 a
1268 1082 1339 1113 solis
1367 1080 1580 1119 Senatoribus,
1602 1085 1633 1112 et

167 1143 324 1173 nunquam
345 1133 490 1173 paritura
519 1136 565 1163 est
585 1131 788 1171 ignominiam
813 1130 928 1160 Romae.
978 1129 1075 1159 Fama
1100 1127 1212 1158 nantia
1237 1134 1428 1157 successuum
1456 1124 1634 1164 bonorum,

165 1178 275 1216 pennis
288 1175 436 1207 velocibus
451 1175 645 1206 excitaverat
668 1175 771 1214 sylvas
797 1173 930 1210 Pierias,
945 1175 1069 1212 accepto
1087 1171 1256 1201 Consulatu
1272 1167 1452 1199 Theodori.
1500 1167 1634 1198 Helicon

159 1218 345 1257 fortunatus
359 1218 528 1257 consonuit,
543 1222 572 1248 et
595 1217 762 1257 Aganippe
787 1215 884 1253 fluxit
908 1215 1069 1255 copiosius,
1090 1224 1126 1244 ac
1142 1213 1238 1254 flavii
1258 1211 1381 1242 Phoebei
1396 1210 1633 1241 luxuriaverunt

160 1262 306 1302 floribus.
356 1262 486 1299 Uranie,
501 1271 560 1301 qna
575 1261 702 1291 docente
717 1260 848 1290 Mallius
861 1258 1081 1297 designaverat
1096 1257 1219 1293 virmala
1229 1255 1411 1295 frequenter
1426 1254 1545 1284 Coelam
1561 1252 1635 1283 stel-

168 1304 306 1343 liferum,
329 1305 456 1335 Uranie
473 1304 599 1334 habens
626 1305 725 1334 crines
740 1305 914 1338 coronatos,
926 1302 973 1331 ita
985 1301 1151 1331 exhortata
1169 1304 1220 1330 est
1236 1300 1321 1329 Dens
1334 1297 1467 1336 reliquas
1479 1307 1489 1326 .·
1525 1296 1576 1326 An
1593 1296 1636 1326 si-

167 1348 281 1386 nimus,
294 1357 313 1378 0
327 1357 445 1378 sorores
461 1347 585 1386 Musae,
601 1347 690 1385 longe
711 1356 773 1376 esse
785 1345 835 1375 (lie
852 1350 921 1375 tam
937 1341 1101 1381 jucundo?
1125 1353 1219 1383 neque
1235 1341 1396 1372 inrisimas
1409 1338 1495 1369 atria
1514 1339 1633 1369 Consu-

170 1390 210 1421 lis
224 1391 332 1430 nostri,
344 1392 465 1421 domum
479 1400 598 1429 semper
613 1388 768 1420 amicam?
814 1388 937 1418 Domus
958 1387 1029 1417 haec
1046 1386 1194 1417 celebrior
1212 1388 1256 1415 est
1271 1385 1334 1425 ipso
1354 1383 1523 1414 Helicone:
1537 1381 1631 1419 Juvat

785 1473 1021 1485 eeeeeeeeeeee

168 1522 239 1549 tant
256 1519 308 1549 vel
329 1517 478 1556 infestant
495 1518 573 1549 Vat.
599 1517 707 1559 quint.
741 1517 862 1548 nomine
892 1517 958 1547 duo
983 1517 1079 1547 Vatt.
1111 1515 1206 1546 Rott.
1228 1514 1335 1545 Oisel.
1361 1513 1488 1544 Tliuan.
1514 1512 1637 1543 Petav.

170 1571 238 1592 sec.
262 1562 384 1592 nomina
398 1563 477 1592 Vat.
497 1571 547 1601 pr.
571 1571 615 1592 m.
632 1563 793 1600 piu—268
816 1570 959 1590 concussa
974 1559 1055 1592 Jun.
1081 1568 1131 1598 pr.
1166 1559 1302 1597 regenda
1331 1557 1382 1586 vel
1404 1556 1542 1595 gerenda
1557 1555 1638 1586 Vat.

169 1604 387 1643 quint.—270
410 1608 570 1634 ventorum
586 1605 666 1636 Jun.
695 1613 746 1643 pr.
773 1606 912 1633 votorum
936 1603 989 1633 vel
1014 1606 1157 1632 notorum
1178 1601 1300 1631 Petav.
1327 1604 1406 1630 tert.
1429 1602 1567 1629 votorum
1583 1597 1638 1628 vel

162 1646 306 1685 satorum
336 1647 419 1686 Reg.
438 1646 504 1676 duo
527 1646 641 1676 Oxon.
676 1647 776 1675 Roma
803 1655 864 1685 pro
891 1646 990 1675 Fama
1014 1645 1140 1675 Moret.
1168 1645 1343 1674 see—271
1371 1643 1509 1672 Noverat
1544 1640 1636 1671 Prie.

168 1689 304 1720 Aclzivos
331 1698 393 1728 pro
419 1689 537 1718 Aonios
569 1687 787 1717 oisel.—-·272
827 1688 867 1717 Et
890 1687 1000 1717 cecinit
1035 1687 1115 1718 Jun.
1146 1696 1196 1725 pr.
1244 1685 1410 1714 Concinait
1440 1683 1494 1713 vel
1521 1683 1562 1713 Et
1591 1691 1638 1712 ce-

169 1731 247 1762 a'm't
279 1730 374 1761 Med.
403 1735 482 1761 tert.
510 1730 668 1770 flexitque
703 1729 798 1759 Leid.
839 1731 996 1769 piu—*273
1034 1729 1205 1758 rubuerunt
1240 1728 1320 1758 Vat.
1361 1736 1410 1765 pr.
1441 1725 1522 1755 item
1557 1724 1637 1756 vat.

170 1774 390 1805 Livia—274
433 1773 592 1803 Vimineas
630 1782 692 1810 pro
736 1772 853 1802 Uranie
894 1772 1097 1801 Prie—275
1137 1771 1264 1800 Mallius
1300 1770 1378 1801 Jun.
1416 1778 1467 1808 pr.
1507 1767 1638 1798 Mallius

171 1816 270 1847 Fam.
295 1816 421 1846 Moret.
446 1825 498 1854 pr.
533 1815 673 1844 Manlius
702 1823 817 1844 ornnes
850 1813 943 1844 Vatt.
975 1813 1047 1843 Pal.
1075 1812 1183 1843 Oisel.
1216 1811 1309 1842 Leia.
1348 1821 1400 1851 pr.
1439 1811 1551 1841 Oxon.
1585 1820 1636 1851 pr.

169 1859 298 1891 Moret.
315 1867 382 1888 sec.
398 1858 480 1888 Lov.
499 1856 578 1887 Ald.
602 1855 738 1895 ignifero
763 1856 877 1887 Oxon.
903 1865 955 1895 pr.
990 1855 1093 1885 radios
1114 1855 1208 1886 Rott.
1240 1853 1334 1885 Med.
1360 1863 1410 1894 pr.
1438 1852 1557 1883 Anibr.
1584 1863 1634 1893 pr.

171 1902 285 1932 Oxon.
304 1909 372 1931 see.
392 1901 476 1931 Exc.
491 1899 634 1930 Gevart.
657 1899 893 1939 proescrz'pserat
912 1899 1039 1929 Moret.
1068 1907 1120 1937 pr.
1143 1901 1230 1928 ortas
1254 1897 1332 1928 Vat.
1351 1907 1401 1936 pr.
1427 1906 1468 1926 m.
1500 1905 1549 1935 pr.
1567 1896 1637 1926 accis

171 1944 268 1976 Rott.
287 1943 382 1974 Med.
400 1952 451 1982 pr.
468 1941 585 1973 Ambr.
604 1952 652 1982 pr.
671 1942 782 1972 Oxon.
808 1952 858 1981 pr.
889 1941 972 1972 Exc.
988 1941 1131 1972 Gevart.
1155 1941 1226 1970 axis
1254 1940 1307 1970 vel
1334 1949 1422 1969 arens
1439 1938 1551 1969 Oxon.
1569 1948 1637 1970 sec.

170 1987 274 2017 radios
289 1986 360 2016 aris
375 1986 426 2015 vel
444 1986 532 2016 raclio
546 1995 622 2015 aires
638 1986 827 2015 Low-*277
856 1985 984 2024 Oplatoe
1012 1985 1088 2015 Deoe
1113 1984 1210 2014 Farn.
1239 1984 1358 2023 Optata
1387 1983 1471 2013 Exc.
1489 1981 1636 2012 Gevart.

170 2030 250 2061 Deae
267 2029 347 2059 Pat,
373 2029 490 2059 lamina
507 2029 600 2058 Rott.
629 2028 779 2058 Florem.
806 2038 849 2058 ιιι.
872 2036 940 2058 sec.
964 2027 1060 2057 Med.
1079 2036 1144 2057 sec.
1163 2036 1204 2056 m.
1222 2036 1272 2065 pr.
1292 2026 1370 2056 Put.
1404 2026 1532 2055 Bonon.
1556 2023 1638 2056 Pat.

170 2072 256 2103 Lov.
272 2072 351 2103 Jun.
366 2081 417 2112 pr.
436 2071 502 2102 duo
519 2071 644 2101 Petav.
668 2071 749 2100 nosti
764 2072 845 2101 Vat.
863 2072 1040 2101 see—258
1052 2079 1137 2100 arces
1156 2069 1288 2099 Bonon.
1307 2067 1426 2099 Ambr-
1447 2077 1496 2108 pr.
1511 2066 1635 2098 Sehed.

172 2114 264 2146 Gud.
282 2124 368 2145 arces
386 2114 438 2144 vel
453 2115 533 2144 oedes
549 2113 662 2145 Oxon.
679 2116 855 2144 see-279
880 2113 1049 2144 Stilichone
1064 2113 1144 2143 Vat.
1174 2122 1224 2153 pr.
1250 2112 1366 2142 Notior
1391 2111 1456 2142 liaec
1486 2109 1636 2141 Helicone

831 2199 978 2232 NOTAE

212 2266 275 2294 271
301 2263 445 2294 Moverat
469 2263 601 2303 Aonios]
639 2264 873 2304 Excitaverat,

171 2314 368 2355 repleverat
407 2315 520 2354 sylvas
565 2313 705 2345 Aonias.
766 2314 875 2346 Aonia

171 2374 251 2406 pars
268 2370 321 2397 est
337 2370 498 2397 montana
513 2367 674 2406 Boeotiae,
697 2367 804 2397 Musis
827 2376 875 2398 sa-

172 2425 241 2447 cra.

215 2470 278 2498 272
312 2467 490 2509 Aganippe]
533 2467 600 2499 Seu
638 2468 874 2509 Hippocrene,

170 2515 246 2548 fons
264 2517 453 2557 Pegawus,
482 2518 589 2549 Musis
613 2518 731 2549 itidem
752 2528 873 2557 sacer3

173 2567 263 2598 sicut
279 2571 314 2597 et
337 2577 432 2598 mous
454 2567 617 2599 Helicon:
640 2568 745 2609 ἵππος,
769 2580 874 2609 equus,

171 2620 206 2648 et
222 2616 328 2657 κρήνη,
336 2618 425 2657 fons,
443 2617 536 2657 ἄγαν,
548 2620 648 2658 valde,
663 2619 756 2649 nimis
765 2630 777 2656 ,·
800 2618 874 2650 fons

170 2667 317 2707 scilicet,
345 2668 401 2709 qni
430 2668 583 2700 creditur
611 2668 723 2700 factus
751 2670 876 2709 ungula

172 2717 249 2756 equi
262 2718 402 2759 Pegasi,
417 2719 512 2760 quasi
525 2719 795 2761 diceretnr,sons
808 2721 876 2761 equi

172 2767 318 2807 copiosm.

971 2267 1034 2295 273
1059 2263 1226 2304 Riserunt]
1265 2262 1638 2303 Luxuriaverunt‚ver-

930 2319 1068 2347 narunt.
1113 2315 1169 2346 Sic
1192 2315 1200 2331 ‘
1219 2314 1332 2345 rident
1348 2312 1470 2354 prata!

977 2367 1072 2397 Docti
1097 2365 1217 2405 amnes]
1257 2365 1325 2398 Qui
1354 2365 1474 2395 doctos
1503 2362 1635 2394 faciunt

932 2417 1081 2457 ipsorum
1099 2421 1248 2456 potores.

974 2470 1037 2499 274
1065 2466 1196 2506 Uranie]
1233 2467 1320 2499 Quae
1348 2463 1512 2504 praesidet
1537 2463 1633 2495 Coelo

930 2522 965 2549 et
981 2517 1208 2557 Astrologiae:
1234 2515 1379 2557 Οὐρανὸς,
1398 2515 1526 2546 Coelam.
1546 2515 1634 2545 Mal-

930 2568 993 2598 lius
1012 2572 1124 2598 autem
1143 2567 1371 2606 Astrologiam
1387 2565 1547 2597 callebat.

972 2621 1034 2649 277
1060 2618 1200 2658 Limina]
1227 2617 1360 2648 Alludit
1376 2616 1418 2647 ad
1435 2614 1546 2647 officia
1563 2615 1634 2647 Ro-

931 2680 1117 2713 manorum,
1142 2669 1198 2710 qui
1229 2669 1355 2700 amicos
1381 2666 1635 2709 producebant,

930 2716 1250 2762 comitabanturque
1273 2720 1306 2751 in
1329 2717 1488 2761 petendis
1502 2717 1634 2749 honori-

929 2770 1004 2804 bus.
