1852 3193
172 211 257 254 238
636 221 709 250 ct..
744 216 1024 249 cLAUD1AN1
1061 215 1170 245 vm.

174 317 422 358 Praesentes
444 315 633 355 docuere
657 314 794 354 Deos.
856 310 978 350 Hinc
1002 309 1169 350 saecula
1189 308 1361 348 discant

174 383 437 425 Indomitum
460 382 566 422 nihil
586 394 684 421 esse
706 380 797 432 pio,
817 381 1010 417 tutumve
1030 376 1218 416 nocenti.
1552 369 1635 411 100

176 453 373 494 Nuntius
396 452 488 504 ipse
511 450 576 489 sui
600 450 752 499 longas
774 444 1018 496 incognitus
1040 443 1142 495 egit,

177 520 406 561 Praevemo
426 530 608 565 rumore,
633 516 751 555 vias:
785 513 995 565 inopinus
1019 515 1249 563 utrumque

178 587 388 635 Perculit,
410 590 452 626 et
472 586 648 626 clausos
668 585 851 631 montes,
872 585 920 620 ut
939 579 1086 632 plana,
1105 578 1292 630 reliquit.

237 655 460 695 Exstruite
482 655 692 693 immanes
714 649 937 702 scopulos,
959 646 1143 687 attollite
1164 649 1323 693 turres,

180 722 351 774 Cingite
370 735 449 762 vos
470 720 635 768 fluviis,
657 722 809 759 vastas
829 715 1039 769 opponite
1061 714 1210 767 sylvas
1228 727 1237 754 ;
1556 708 1642 749 105

181 790 433 842 Garganum
455 787 647 840 Alpinis,
667 785 1039 838 Apenninumque
1058 782 1247 822 nivalem

181 857 417 898 Permixtis
441 854 753 908 sociatcjugis,
776 857 819 893 et
840 853 1022 905 rupibus
1045 850 1255 890 Haemum

182 922 348 965 Addite
370 922 613 970 Caucasiis,
636 921 842 961 involvite
864 918 1019 958 Pelion
1041 916 1168 956 Ossae
1188 929 1196 954 ε

184 1021 275 1052 turice
289 1020 503 1051 stabilit-erunt
520 1018 700 1056 ‹equitutem
715 1026 827 1047 causa*
852 1015 1047 1046 Theodosii:
1073 1015 1272 1044 ostenderunt
1287 1012 1373 1043 Deos
1389 1021 1452 1042 esse
1467 1010 1622 1049 adjutores
1635 1020 1646 1042 .·

184 1064 256 1094 inde
268 1062 435 1103 posteritas
449 1064 609 1098 cognoscat
626 1059 705 1088 nihil
721 1069 783 1088 esse
799 1059 948 1088 ini-ictum
966 1057 1037 1086 viro
1052 1057 1125 1094 pi0;
1148 1055 1230 1084 nihil
1245 1064 1384 1084 securum
1399 1054 1490 1084 sonti.
1535 1053 1646 1084 Theo-

185 1105 300 1136 dosius
314 1105 379 1143 ipse
394 1103 520 1132 nuntius
545 1101 605 1138 sui,
627 1100 807 1138 peragrat-it
832 1100 957 1137 ignotus
984 1100 1108 1136 longum
1134 1097 1207 1137 iter,
1229 1105 1422 1136 praecurrens
1442 1095 1587 1133 fctmnm‚·
1611 1101 1646 1127 et

183 1147 369 1187 improvisus
383 1144 478 1174 irruit
507 1144 538 1173 in
567 1142 681 1181 ambos,
706 1146 735 1172 et
761 1145 972 1179 transgressus
998 1144 1043 1170 est
1070 1143 1186 1170 montes
1205 1138 1348 1175 munitm,
1374 1138 1462 1178 quasi
1484 1139 1647 1176 planitiem

186 1191 399 1229 peragraret.
446 1185 573 1224 Erigite
589 1194 666 1215 saxa
679 1185 871 1224 prodigiosa,
897 1184 1011 1222 erigite
1032 1192 1128 1219 arces,
1143 1181 1373 1212 circumvallate
1390 1190 1440 1210 vos
1454 1179 1649 1220 fluminibus,

184 1231 309 1270 objicite
328 1238 450 1261 nemora
477 1229 631 1267 ingentia,
660 1228 811 1258 cumulate
839 1227 1023 1265 Garganum
1048 1229 1077 1255 et
1099 1224 1296 1264 Apenninum
1313 1222 1651 1262 frigidum,montibus

185 1274 314 1316 Alpium
330 1272 518 1311 conjunctis;
540 1274 570 1302 et
586 1270 748 1309 adjungite
765 1270 912 1300 Haemum
926 1269 1012 1300 saxis
1042 1268 1192 1298 Caucasi.-
1225 1266 1414 1298 commiscete
1440 1265 1549 1296 Pelion
1573 1274 1650 1296 cum

803 1353 1036 1365 aeaeaeaeaeaeaeaeaeaeaeae

183 1423 318 1463 jecerat
331 1422 508 1461 Heinsius,
525 1421 584 1452 sed
610 1426 730 1461 postea
756 1420 944 1450 deleverat.
980 1418 1148 1458 triumphis
1176 1422 1211 1449 et
1237 1417 1371 1448 emend.
1407 1415 1653 1457 ‹Inmfirmavere

190 1465 292 1496 etiam
309 1466 505 1505 conjecerat
525 1464 696 1494 Heinsius.
719 1463 932 1504 confirmatore
945 1462 1100 1502 triumpho
1117 1462 1214 1502 Conj.
1231 1461 1347 1491 Barth.
1372 1459 1523 1499 triumphi
1539 1458 1652 1489 Oxon.

191 1517 258 1539 sec.
288 1508 438 1547 triumphi
455 1517 570 1538 omnes
587 1507 671 1537 Mss.
689 1507 773 1536 Exc.
803 1506 946 1535 Gevart.
966 1505 1112 1535 Lucens.
1129 1514 1180 1544 pr.
1196 1508 1231 1535 et
1249 1503 1333 1535 Cod.
1351 1503 1470 1533 Rhem.
1484 1501 1566 1531 Var.
1583 1501 1652 1531 LL.

190 1550 245 1580 ed.
259 1549 362 1581 Antv.
381 1550 459 1580 Ald.
477 1551 530 1581 ed.
548 1549 661 1580 Parni.
679 1554 713 1579 et
730 1549 840 1579 Vicet.
857 1548 1012 1587 triumpho
1028 1548 1093 1578 Ms.
1105 1548 1220 1578 Vicet.
1234 1552 1269 1577 et
1286 1545 1540 1576 Parisien.-99
1565 1544 1655 1573 1³1·oe-

189 1593 286 1623 sentis
301 1593 353 1623 ed.
370 1593 485 1623 Parm.
524 1593 579 1622 hoc
593 1593 705 1622 soecula
721 1592 800 1621 Vnt.
815 1601 866 1631 pr.
890 1591 1101 1621 Farn.—100
1124 1590 1168 1620 nil
1191 1599 1251 1630 pro
1276 1589 1354 1619 nihil
1376 1589 1457 1618 Vat.
1480 1596 1549 1617 sec.
1575 1586 1656 1617 Pnt.

190 1635 317 1666 Thuan.
332 1636 517 1666 Pat.—101
542 1635 591 1665 sni
608 1635 689 1666 Lov.
713 1635 841 1664 Mor-et.
859 1643 925 1663 sec.
952 1634 1036 1664 Exc.
1063 1632 1204 1663 Gevart.
1230 1632 1343 1661 vicet.
1361 1630 1439 1661 Ald.
1457 1635 1491 1659 et
1509 1628 1655 1668 Raphel.

190 1677 252 1708 sibi
267 1688 373 1718 marg.
388 1678 510 1717 Isingr.
534 1677 599 1707 suis
610 1677 799 1707 Bas.-—102
816 1676 981 1706 Praevento
998 1676 1127 1705 Bonon.
1156 1675 1230 1705 Pat.
1248 1678 1318 1704 tres
1338 1672 1454 1703 Ambr.
1479 1672 1658 1701 Praevectas

191 1721 274 1751 Var.
292 1721 359 1750 LL.
377 1721 431 1750 ed.
450 1720 554 1750 Antv.
587 1723 712 1759 uterque
728 1719 808 1751 Jun.
825 1720 985 1758 pr.-103
1007 1718 1139 1757 percusti
1154 1717 1274 1747 vitiose
1288 1716 1396 1746 Colin.
1424 1714 1561 1745 Pertulit
1575 1713 1657 1744 Vat-

194 1772 247 1803 ρι’.
285 1766 320 1793 ut
336 1765 472 1793 clausos.
488 1762 578 1793 ..ubi
593 1762 673 1792 Vat.
692 1771 743 1801 pr.
782 1761 893 1791 clausit
913 1761 999 1800 Reg.
1016 1763 1047 1790 st
1063 1761 1177 1790 clausos
1200 1759 1254 1790 vel
1282 1759 1450 1788 obstructos
1476 1758 1560 1787 Exc.
1588 1755 1658 1786 Ge-

194 1809 281 1836 vart.
318 1806 465 1845 relinquit
480 1806 562 1835 Vat.
580 1809 659 1835 tert.
678 1805 773 1834 Rott.
794 1804 1037 1834 'finiam—104
1061 1802 1204 1832 immanis
1220 1801 1328 1832 Oisel.
1363 1801 1458 1830 turris
1483 1800 1660 1830 Bonon.—-

195 1851 255 1879 105
279 1851 385 1878 vastas
409 1849 491 1878 Exc.
510 1848 653 1877 Lucens.
672 1856 723 1887 pr.
742 1849 903 1885 vastasque
918 1846 1046 1876 Mazar.
1074 1844 1191 1875 Ambr.
1207 1854 1274 1874 see.
1291 1844 1345 1874 ed.
1361 1843 1476 1873 Parm.
1495 1845 1530 1872 et
1545 1841 1660 1871 Vicet.

194 1891 364 1930 componite
379 1891 457 1921 Vat.
475 1900 527 1929 pr.
544 1890 756 1919 Fam—106
782 1889 951 1927 Garganou
968 1887 1061 1918 Med.
1078 1892 1187 1927 quart.
1208 1886 1326 1917 nivales
1342 1885 1449 1916 Oisel.
1484 1883 1663 1924 Apennino-

195 1942 253 1972 (με
285 1933 445 1972 Niphaten
472 1932 560 1972 conj.
590 1932 708 1962 Barth.
757 1931 911 1961 permisto
939 1932 1025 1961 Exc.
1051 1931 1197 1960 Lucens.
1226 1939 1296 1960 sec.
1330 1928 1511 1958 Permixtos
1530 1926 1660 1957 Mazar.

198 1975 280 2006 Lov.
298 1974 414 2005 Ambr.
431 1985 498 2005 sec.
523 1975 589 2005 inc.
609 1974 727 2004 Heius.
752 1974 901 2004 Pernices
926 1972 1022 2004 Med.
1052 1977 1131 2002 tert.
1149 1972 1215 2002 duo
1237 1970 1355 2002 Ambr.
1374 1971 1459 2000 Exc.
1475 1969 1609 1999 Schotti
1626 1972 1663 1998 et

198 2018 343 2048 Lucens.
371 2027 421 2057 pr.
445 2022 480 2048 et
507 2027 591 2047 unus
618 2017 740 2047 Petav.
766 2016 945 2046 Permistos
970 2015 1024 2046 vel
1050 2014 1198 2045 Pernices
1227 2015 1310 2053 Reg.
1341 2023 1418 2043 cum
1444 2012 1555 2051 glossa
1580 2010 1600 2041 i.
1628 2019 1659 2042 e.

196 2061 317 2091 celeres.
370 2061 551 2090 Permixtas
577 2060 629 2090 vel
660 2060 796 2099 Pyrenes
822 2058 912 2098 conj.
943 2057 1064 2088 Heius.
1092 2061 1127 2087 et
1150 2057 1269 2087 Barth.
1303 2056 1419 2086 sot-iare
1444 2055 1524 2085 Vat.
1552 2057 1664 2094 quart.

199 2103 369 2133 Permitles
388 2103 504 2132 sociare
519 2103 601 2132 Var.
620 2103 687 2133 LL.
717 2101 772 2132 ed.
797 2100 903 2132 Antv.
932 2104 968 2131 et
993 2100 1076 2131 Cod.
1094 2098 1319 2131 Helmaestad.
1354 2097 1510 2138 pernicem
1530 2096 1665 2127 schotti

199 2145 308 2177 Codd.
342 2145 461 2185 pernici
478 2145 702 2175 Palam—108
725 2143 839 2174 Abdite
855 2144 982 2174 Mol-et.
1000 2153 1052 2183 pr.
1082 2142 1240 2173 Carrasiis
1254 2142 1334 2174 Pat.
1364 2139 1516 2172 advolvite
1531 2139 1663 2170 Mazar.

863 2235 1003 2266 NOTAE

244 2314 286 2342 99
309 2311 487 2341 Proesentes
512 2310 610 2350 Deos]
646 2308 845 2349 Adjutorcs,
868 2312 904 2338 et
1003 2310 1062 2339 105
1089 2307 1214 2347 Sylvas]
1231 2307 1398 2337 Scribitur
1410 2306 1488 2337 silva
1504 2316 1522 2337 a
1537 2306 1665 2343 silendo,

201 2361 369 2392 scelerum
387 2361 526 2391 ultores.
960 2362 994 2389 et
1007 2359 1104 2398 sylva,
1127 2357 1188 2388 ἀπὸ
1210 2359 1266 2394 τῆς
1292 2357 1381 2395 ὕλης,
1406 2357 1549 2395 materia,
1569 2356 1669 2396 sylva.

248 2413 309 2441 100
333 2411 522 2441 Indomitum
537 2409 616 2440 nihil
631 2418 694 2440 esse
705 2408 774 2449 pio]
814 2407 908 2438 Nihil
1005 2412 1067 2439 106
1093 2408 1293 2448 Garganum]
1346 2408 1500 2438 Montem
1530 2405 1666 2446 Apuliae

203 2471 291 2500 esse,
307 2461 395 2502 qnod
412 2470 480 2491 non
494 2460 610 2491 domet
623 2459 733 2500 pietas
747 2469 755 2496 ς
780 2458 908 2488 nullum
963 2458 998 2488 in
1011 2458 1126 2489 Italia.

205 2521 280 2542 esse
295 2516 405 2542 tutum
424 2511 550 2551 asylum
568 2509 782 2540 nocentibus.
1006 2507 1216 2547 Apenninum]
1241 2507 1409 2544 Montem,
1441 2505 1496 2545 qui
1519 2505 1667 2536 mediam

250 2564 309 2592 103
336 2562 461 2591 Clausos
481 2559 610 2599 montes]
646 2559 803 2590 Claustra
820 2566 912 2587 mon-
965 2565 1058 2589 secat
1075 2558 1222 2589 Italiam.

206 2612 290 2644 tium
317 2611 436 2642 eadem
463 2611 654 2651 alacritate,
669 2620 708 2640 ac
734 2608 911 2649 planitiem
1009 2611 1069 2639 107
1094 2606 1255 2647 Hoemum]
1278 2607 1343 2637 Vel
1363 2607 1502 2645 AEmum,
1519 2609 1669 2637 montem

207 2662 395 2703 superavit.
965 2659 1135 2690 Thraciae.

252 2715 312 2744 104
336 2711 495 2753 scopulos]
529 2711 744 2743 Munimenta
764 2710 797 2741 in
821 2709 910 2750 rupi·
1008 2711 1070 2738 108
1095 2706 1271 2746 caucasiis]
1310 2706 1483 2737 Caucasus
1504 2708 1559 2737 est
1573 2714 1670 2737 mons

209 2762 271 2794 bus
285 2761 438 2803 Alpium.
966 2758 1140 2799 Scythiam
1155 2757 1198 2789 ab
1215 2756 1317 2788 India
1332 2765 1507 2798 separans.
