1852 3193
257 209 342 251 482
716 220 790 250 cn.
824 216 1105 248 chAumAM
1136 216 1282 246 xv111.

259 316 316 357 Et
336 317 471 356 sentit
486 317 580 370 jam
601 315 754 355 deesse
777 315 911 354 viros.
973 312 1184 353 Incendia
1208 312 1404 352 fumant:

260 382 403 424 Muris
424 384 544 423 nulla
563 382 668 422 fides
686 395 695 422 ε
729 380 935 434 squalent
954 380 1241 433 populatibus
1262 380 1369 431 agri,

258 449 315 491 Et
336 450 477 490 medio
497 462 600 502 spes
622 448 719 488 sola
736 447 859 487 mari.
919 447 1058 488 Trans
1085 446 1253 486 Phasin
1274 449 1456 498 aguntur
1636 446 1722 487 245

258 517 576 571 Cappadocum
597 519 769 565 matres,
789 515 1063 568 stabulisque
1084 514 1281 555 abducta
1300 514 1492 567 paternis

259 584 504 624 Caucasias
525 584 705 636 captiva
725 584 880 623 bibunt
899 587 1093 623 armenta
1113 583 1310 636 pruinas,

258 651 315 692 Et
336 651 556 705 Scythicis
577 655 748 691 mutant
770 650 902 703 Argei
924 651 1092 704 pabula
1114 650 1269 704 sylvis.

257 718 399 759 Extra
421 717 698 768 Cimmerias,
718 718 964 759 Taurorum
986 718 1194 767 claustra,
1217 715 1406 770 paludes

258 785 366 826 Flos
388 786 529 839 Syriae
553 786 689 825 servit
707 799 716 826 :
749 785 909 838 spoliis
931 798 1012 825 nec
1035 784 1194 825 sufficit
1214 788 1344 825 atrox
1634 784 1719 826 250

254 852 501 893 Barbarus:
534 853 577 892 in
599 852 766 893 caedem
787 857 959 893 vertunt
980 851 1162 892 fastidia
1183 851 1368 904 praedae.

256 983 346 1011 eum,
373 974 500 1003 laetutur
529 976 559 1002 ct
586 972 740 1009 cognoscit
765 972 837 1009 jum
862 982 921 1002 non
938 981 1000 1002 esse
1023 972 1113 1002 viros.
1160 972 1307 1001 Incendiu
1325 972 1471 1009 fumant:
1496 972 1582 1002 nulla
1597 971 1722 1013 fiducia

254 1017 289 1046 in
313 1015 422 1052 muris,
433 1014 532 1053 campi
547 1015 723 1044 desolantur
739 1014 976 1054 direptionibus,
993 1017 1023 1044 et
1038 1023 1107 1054 spes
1122 1023 1182 1043 una
1199 1021 1249 1044 est
1276 1014 1310 1044 in
1334 1015 1415 1044 muri
1440 1015 1551 1044 medio.
1597 1015 1722 1045 Matres

258 1058 472 1097 Cappadocum
488 1063 598 1095 captae
616 1056 658 1085 ab
676 1056 772 1087 hoste
788 1058 942 1087 ducuntur
967 1060 1055 1087 trans
1079 1056 1211 1095 Phasin,
1235 1059 1266 1086 et
1292 1059 1433 1087 armentu
1459 1060 1562 1095 capta,
1588 1057 1722 1087 abducta

254 1109 295 1130 ex
311 1099 441 1129 stabulis
456 1099 551 1130 uritis
562 1102 671 1138 potunt
686 1101 772 1129 nives
786 1099 964 1138 Caucasias,
980 1109 1015 1130 ac
1034 1102 1211 1139 permutant
1235 1109 1349 1138 pascua
1365 1099 1476 1137 Argoez'
1502 1108 1577 1128 cum
1594 1099 1723 1129 nemori-

253 1142 307 1173 bus
328 1141 478 1182 Scythice.
528 1142 619 1172 Ultra
642 1143 772 1181 pullulas
788 1142 982 1180 Cimmerius,
1005 1152 1080 1182 quae
1107 1147 1185 1172 sunt
1207 1142 1395 1172 munimenta
1421 1141 1602 1178 Taurorum,
1609 1141 1722 1179 juven-

254 1189 305 1217 tus
333 1184 438 1226 Syrioe
466 1194 556 1216 serra
577 1188 641 1216 est:
664 1195 759 1227 neque
785 1185 922 1216 crudeles
945 1185 1070 1215 barbari
1084 1184 1242 1227 sufficiunt
1272 1184 1392 1215 exuviis
1415 1183 1627 1216 referendis:
1651 1193 1723 1215 con-

866 1282 1103 1293 aeaeaeaeaeaeaeaeaeaeaeae

254 1358 412 1396 piu—>243
453 1357 532 1387 Cum
564 1358 660 1388 sentit
698 1358 820 1389 Petav.
859 1368 913 1400 pr.
950 1358 1048 1388 sensit
1076 1358 1314 1389 Maza—244
1339 1355 1465 1386 Mam-is
1501 1354 1598 1386 Med.
1636 1357 1719 1386 tert.

254 1399 352 1429 Euris
388 1399 540 1430 Florent.
566 1401 674 1431 Mures
696 1401 775 1432 Vat.
815 1411 864 1442 pr.
890 1401 1108 1440 populantibus
1147 1400 1255 1431 Oisel.
1293 1400 1378 1439 Reg.
1417 1398 1483 1429 duo
1528 1398 1642 1429 Oxon.
1666 1397 1720 1429 ed.

252 1442 366 1472 Vicet.
391 1442 504 1473 Parni.
532 1443 613 1474 Var.
639 1444 706 1474 LL.
733 1444 786 1475 ed.
826 1443 1039 1474 Antv.—-2-15
1080 1443 1117 1474 Iu
1147 1443 1245 1473 medio
1280 1452 1349 1482 spes
1382 1442 1446 1472 sola
1477 1440 1570 1471 Med.
1607 1444 1720 1481 quart.

253 1483 372 1516 Ambr.
390 1494 438 1524 pr.
457 1485 495 1515 1η
510 1486 608 1515 medio
623 1496 691 1525 spes
704 1487 788 1516 nulla
813 1486 938 1518 Sched.
956 1486 1156 1517 Gna—246
1180 1486 1353 1517 vatesJun.
1373 1494 1424 1524 pr.
1441 1485 1575 1514 adducta
1591 1483 1721 1514 Moret.

252 1536 304 1566 pr.
323 1527 402 1558 Put.
418 1527 558 1564 stabulis,
589 1529 660 1559 sine
677 1529 813 1569 copula,
831 1530 930 1560 Farn.
957 1529 1088 1559 Thuan.
1107 1529 1220 1559 Oxon.
1252 1537 1302 1568 pr.
1330 1528 1408 1558 Pat.
1425 1526 1544 1557 Ambr.
1571 1535 1623 1565 pr.
1652 1525 1721 1556 inc.

252 1569 504 1600 Heins.t11bulis
530 1570 650 1601 Ambr.
676 1582 742 1603 sec.
759 1575 881 1602 assueta
896 1572 1136 1603 'siluam—247
1161 1575 1303 1601 armenta
1331 1570 1359 1601 h.
1386 1570 1509 1610 captiva
1526 1569 1720 1607 Reg.-248

252 1612 369 1649 Aggoei
384 1613 521 1643 Tholos.
541 1614 636 1651 Alget
664 1619 732 1644 tres
749 1615 844 1645 Vatt.
863 1616 957 1645 Rott.
974 1614 1089 1653 Argois
1115 1614 1196 1646 Jun.
1228 1623 1277 1653 pr.
1295 1613 1416 1651 Argeia
1441 1611 1555 1652 pabula
1581 1610 1721 1651 legebat

252 1653 539 1685 Heinsius-249
567 1657 659 1686 Ultra
676 1658 754 1687 Vat.
781 1667 850 1687 sec.
876 1657 970 1687 Med.
986 1662 1098 1697 quart.
1125 1658 1228 1687 Extra
1250 1656 1302 1686 vel
1320 1656 1414 1685 Ultra
1430 1656 1511 1686 Lov.
1527 1654 1621 1685 Med.
1638 1658 1721 1685 tert.

255 1696 387 1737 Cinzflus
414 1707 475 1736 pro
508 1697 692 1727 Cimmerius
728 1699 805 1728 Par.
843 1700 1015 1728 Caurorum
1044 1699 1126 1729 Jun.
1162 1708 1213 1737 pr.
1252 1700 1410 1736 palustres
1430 1698 1624 1727 Low—250
1648 1696 1723 1726 Flos

251 1738 355 1778 Syriae
370 1740 464 1769 set-ri!
483 1740 564 1769 Exc.
584 1741 681 1769 Laeti.
701 1745 770 1770 tres
787 1740 879 1770 Med.
898 1740 1041 1770 totidem
1059 1740 1180 1770 Petav.
1197 1740 1278 1769 Lov.
1301 1739 1429 1768 Thuau.
1463 1739 1546 1768 Exc.
1568 1738 1720 1770 Lucens.

253 1790 320 1811 sec.
353 1781 405 1811 ed.
436 1782 552 1810 Parni.
588 1782 658 1811 Flos
687 1782 791 1822 Syr-ise
819 1783 908 1811 soerit
932 1782 1053 1812 Sched.
1081 1781 1172 1811 Gud.
1190 1781 1331 1821 Assyriis
1356 1781 1464 1816 servet
1492 1781 1572 1811 l’ut.
1597 1781 1721 1813 Petav.

252 1832 304 1863 pr.
330 1823 457 1853 Mazar.
483 1824 616 1853 Tholos.
643 1825 785 1864 Assyriis
799 1823 924 1861 ferrent
953 1824 1037 1861 Reg.
1066 1823 1142 1853 Pat.
1174 1832 1215 1853 m.
1242 1832 1309 1853 sec.
1335 1823 1477 1862 Assyriis
1504 1823 1601 1852 servit
1623 1824 1721 1855 Vatt.

252 1866 319 1895 duo
333 1865 413 1895 item
429 1866 505 1896 Vat.
525 1866 633 1896 Liviu.
650 1867 791 1906 Assyriis
805 1867 901 1896 servit
919 1867 971 1896 vel
990 1866 1060 1896 Flos
1075 1866 1162 1896 Asioe
1177 1867 1269 1896 servit
1284 1866 1362 1895 Vat.
1380 1875 1429 1904 pr.
1447 1864 1551 1895 Oisel.
1569 1865 1720 1897 Florent.

252 1908 325 1938 FIos
341 1908 444 1948 Syrioe
459 1910 554 1938 susrvit
571 1909 624 1939 vel
641 1909 781 1949 Assyriis
797 1908 924 1946 ferrent
942 1909 1053 1939 Oxou.
1069 1918 1135 1939 sec.
1157 1910 1253 1938 servit
1269 1909 1354 1938 Bon.
1371 1908 1438 1937 duo
1456 1906 1571 1938 Ambr.
1592 1908 1720 1939 Moret.

252 1960 321 1981 sec.
337 1951 415 1981 sevit
431 1950 498 1981 duo
512 1950 629 1982 Ambr.
645 1962 704 1982 non
718 1952 830 1993 sufficit
847 1952 940 1983 Med.
964 1956 1074 1992 quart.
1089 1951 1329 1982 Tholos.—251
1346 1950 1461 1980 incedit
1479 1959 1541 1990 pro
1557 1950 1589 1981 iu
1605 1952 1721 1981 coedem

251 1994 330 2027 Jun.
347 2003 396 2035 pr.
413 1994 507 2024 vertit
520 1999 591 2025 tres
607 1995 702 2026 Vatt.
716 1995 791 2026 Pal.
809 1996 910 2026 Farn.
922 1995 1014 2026 Prie.
1028 1995 1123 2026 Rott.
1142 1994 1250 2025 Oisel.
1273 1996 1398 2025 vertunt
1414 1994 1502 2034 fleg.
1526 1993 1639 2024 Oxou.
1668 2003 1719 2034 pr.

917 2082 1057 2113 NOTAE

295 2154 357 2183 243
382 2153 495 2183 Deesse
511 2154 609 2194 viros]
638 2155 814 2196 Siquidem
832 2155 958 2186 militat
1012 2156 1147 2186 omnium
1170 2155 1332 2186 altissimo.

253 2202 446 2233 Eunuchus.
1054 2208 1117 2236 249
1146 2205 1346 2245 Cimmerias]
1392 2204 1566 2237 Cimmerii
1598 2203 1719 2244 populi

294 2254 357 2282 244
386 2251 604 2292 Populatibus]
629 2254 733 2284 Gothi
761 2255 871 2285 onmia
898 2265 957 2295 po·
1012 2261 1104 2287 trans
1142 2257 1291 2288 Pontum
1324 2256 1506 2295 Euxinum,
1543 2255 1592 2284 ita
1628 2253 1719 2284 inter

251 2302 428 2342 pulantur,
453 2309 627 2342 pugnante
645 2309 762 2334 contra
780 2306 956 2345 Eutropio.
1012 2313 1144 2337 montes
1175 2306 1440 2344 absconduntur,
1468 2309 1507 2336 ut
1542 2304 1630 2345 apud
1659 2313 1718 2335 eos

293 2354 355 2383 245
377 2352 508 2392 Phasin]
533 2353 600 2384 Hic
617 2359 669 2384 est
685 2353 808 2385 fluvius
825 2355 958 2386 Colchi·
1012 2357 1220 2388 densissimae
1244 2358 1311 2387 sint
1336 2357 1509 2394 tenebrae3
1535 2364 1642 2396 usque
1659 2363 1718 2385 eos

250 2402 315 2433 dis.
364 2403 415 2432 De
434 2403 495 2432 hoc
521 2413 634 2443 snpra.
1011 2407 1194 2445 Homerus,
1220 2412 1305 2437 teste
1322 2406 1505 2445 Strabone,
1522 2404 1613 2445 apud
1628 2402 1720 2434 Infe-

292 2455 354 2482 247
382 2453 564 2492 Caucasias]
589 2453 757 2485 Armenta
782 2455 955 2495 pelluntur
1011 2467 1065 2487 ros
1104 2457 1295 2488 collocavit.
1366 2456 1448 2486 lude
1487 2454 1722 2495 proverbium,

249 2503 350 2543 longe
380 2513 494 2533 versus
525 2504 725 2545 Caucasum,
753 2505 797 2535 ob
828 2510 956 2536 metum
1008 2508 1017 2523 ί
1036 2507 1227 2537 Cimmeriae
1247 2506 1424 2537 tenebrae!

250 2555 603 2594 armorumEutropii.
1053 2556 1238 2595 Taurorum]
1284 2556 1389 2586 Tauri
1428 2559 1505 2585 sunt
1536 2554 1715 2586 Sarmatiae

293 2606 356 2634 248
380 2604 503 2643 Argm]
533 2604 596 2634 H1c
615 2614 722 2644 mons,
737 2604 871 2644 pascuis
896 2614 953 2635 no·
1009 2607 1186 2646 Europaeae
1204 2606 1320 2646 populi
1349 2606 1391 2636 ad
1409 2606 1597 2644 Bosporum
1626 2605 1715 2636 Cim-

250 2653 413 2692 bimatus,
429 2661 478 2683 est
505 2654 733 2694 Cappadociae
762 2655 795 2684 in
825 2655 952 2685 minore
1007 2656 1150 2686 merium
1165 2666 1173 2695 ;
1191 2656 1280 2697 apud
1294 2666 1378 2698 quos
1393 2655 1601 2688 estTauriea
1614 2655 1717 2688 Cher·

250 2703 342 2734 Asia.
388 2704 522 2744 Strabo,
560 2705 618 2735 ὑπὸ
654 2707 698 2744 τῷ
734 2705 867 2746 Ἀργαίῳ
891 2705 953 2746 ὄρει
1012 2717 1163 2740 sonesus.

250 2752 372 2787 πάντων
403 2754 601 2798 ὑψηλοτάτῳ,
624 2757 679 2788 sub
708 2757 825 2797 Argceo
854 2760 957 2789 monte
