1857 3177
524 207 576 236 [N
612 204 685 234 ct„
719 201 1075 234 CLAUDIANUM.
1468 189 1526 230 25

67 302 202 357 juxta
233 304 525 358 requiescunt.
586 300 831 352 Cupidines
863 296 1092 349 suspensis
1117 307 1195 348 per
1229 306 1375 334 ramos
1403 307 1527 336 arcu-

72 371 157 411 bus
178 372 480 424 pharetrisque
501 370 567 408 vel
585 367 830 415 colludunt,
848 365 912 404 vel
932 365 1082 403 avium
1101 362 1228 402 nidos
1245 362 1525 409 investimur,

72 438 143 478 vel
165 439 283 478 mala
316 439 463 485 leg-unt
496 437 698 484 dominae,
731 435 801 474 vel
833 433 1015 473 volitant
1038 444 1113 483 per
1142 441 1335 469 summas
1367 428 1525 476 ulmos,

72 505 144 545 vel
163 506 205 545 in
229 506 427 545 statione.
450 510 553 544 sunt
583 504 637 544 ad
667 501 881 543 arcendos
906 500 1086 539 Faunos
1106 497 1385 548 reliquosque
1408 494 1527 533 Deos

75 573 327 624 sylvestres,
353 586 404 611 nc
437 573 568 612 nimis
603 570 766 611 curiosi
802 568 989 609 Veneris
1018 578 1218 606 somnum
1252 563 1527 603 conturbent.

75 639 165 679 Sed
186 652 275 679 non
299 653 424 692 mque
447 641 556 679 bene
578 638 749 686 Venus,
773 637 847 676 ubi
871 635 989 675 chori
1014 646 1069 673 ex
1093 633 1201 672 urbe
1224 631 1375 671 vicina
1393 628 1531 669 auditi

75 719 272 746 somnum
296 706 358 745 illi
395 709 700 753 excusserunt,
730 704 919 743 Amores
942 701 1124 740 dimittit
1153 698 1208 738 ad
1241 696 1531 751 quaerendum

74 773 383 826 Hymenaeum,
407 778 450 814 et
480 785 580 812 cum
602 772 700 824 ipsa
720 772 765 810 in
779 770 907 809 illum
925 767 1124 808 incidisse
1141 770 1171 814 t,
1191 779 1248 805 ex
1271 778 1324 804 eo
1356 763 1528 817 quaerit,

74 842 302 895 cujusnam
352 840 518 893 nuptiae
565 839 865 883 celebrentur.
947 836 1151 876 Ceterum
1183 836 1334 873 motus
1377 830 1528 879 animi,

74 920 188 961 quos
210 908 345 947 sentit
369 907 644 960 Hymenaeus
666 906 841 946 Venere
865 905 977 953 visa,
1003 903 1173 953 egregie
1199 906 1303 941 sunt
1327 899 1531 952 expressi

70 975 138 1029 (v.
158 976 230 1016 40.
254 972 418 1028 seqq).
483 974 635 1014 Minus
659 973 812 1026 placet
840 971 1123 1019 declamatio,
1149 982 1237 1022 qua
1264 968 1343 1008 ille
1362 966 1530 1019 generis

71 1043 345 1084 nobilitatem
379 1047 426 1082 et
460 1042 656 1082 Palladii
684 1047 726 1083 et
762 1040 980 1081 Celerinae
1014 1039 1209 1078 celebrat
1232 1037 1299 1091 (v.
1322 1033 1530 1086 56—99).

72 1109 192 1163 Apte
210 1111 255 1150 in
277 1110 412 1162 priori
432 1109 510 1163 (X.
530 1109 625 1149 135.
656 1106 804 1160 seqq.)
834 1108 986 1146 Triton
1009 1103 1282 1158 Cymothoen
1313 1102 1530 1141 reluctan-

73 1182 160 1217 tem
178 1177 378 1216 ambiens
394 1175 741 1228 deprehenditur,
758 1175 849 1226 qui,
865 1173 941 1212 ubi
963 1172 1148 1220 audivit,
1174 1171 1212 1210 si
1225 1170 1525 1222 properasset,

71 1244 252 1285 facilem
286 1244 369 1282 sibi
389 1243 546 1282 dehinc
581 1242 705 1281 illam
729 1241 873 1280 Deam
895 1239 1007 1286 fore,
1030 1239 1087 1278 ad
1110 1238 1238 1276 littus
1272 1237 1464 1283 festinat,
1486 1236 1531 1274 in

72 1311 418 1363 illumcorporis
440 1310 636 1349 habitum
655 1307 952 1360 compositus,
969 1318 1060 1358 quo
1080 1304 1300 1344 Venerem
1324 1315 1401 1354 per
1413 1313 1533 1340 mare

70 1378 242 1419 vehens
272 1390 300 1418 a
320 1377 526 1430 plasticis
551 1380 597 1415 et
612 1375 854 1428 pictoribus
891 1373 996 1425 fingi
1014 1372 1145 1412 solet.
1209 1370 1263 1409 In
1279 1370 1434 1409 itinere
1457 1368 1535 1408 de-

72 1445 309 1486 scribendo
332 1444 468 1497 poeta
488 1444 662 1497 ingenio
679 1443 920 1483 luxurianti
935 1441 1068 1481 nimis
1084 1438 1290 1487 indulsit,
1313 1450 1397 1477 nec
1419 1449 1534 1476 mar-

73 1513 241 1566 garitae,
264 1525 291 1553 a
313 1511 536 1565 Nymphis
562 1512 742 1552 marinis
767 1524 790 1551 e
811 1509 942 1550 maris
964 1507 1102 1549 fundo
1139 1508 1184 1546 in
1206 1506 1321 1546 dona
1355 1505 1534 1557 nuptia-

72 1581 136 1622 lia
157 1581 327 1633 pefitae,
353 1580 466 1620 satis
508 1581 768 1632 probantur.
821 1578 875 1618 In
899 1577 1037 1618 altero
1059 1575 1241 1631 (XXXI.
1270 1574 1368 1614 1023.
1388 1568 1535 1625 seqq.)

73 1662 203 1690 curru
224 1649 400 1690 vehitur
422 1647 575 1688 Venus
606 1646 788 1687 floribus
819 1650 974 1685 ornato
997 1649 1039 1685 et
1061 1656 1088 1684 a
1117 1642 1334 1684 columbis
1358 1642 1502 1680 tracto
1524 1651 1534 1688 ;

73 1716 262 1758 Amores
283 1717 442 1758 avibus
473 1715 721 1756 insidentes
742 1726 821 1766 per
847 1725 977 1753 auras
1011 1712 1097 1752 iter
1118 1711 1301 1751 faciunt.
1363 1707 1417 1748 In
1439 1719 1536 1747 ora-

73 1786 194 1826 tione
225 1785 415 1827 Veneris
435 1779 817 1839 (x.190—r227.),
841 1794 933 1834 qua
954 1780 1190 1821 comitibus
1203 1781 1354 1831 partes
1376 1775 1538 1828 cuique

75 1853 270 1905 agendas
300 1853 540 1901 distribuit,
560 1865 703 1892 rerum
739 1850 981 1903 opulentia,
1013 1849 1144 1888 nimis
1173 1846 1372 1887 studiose
1390 1842 1536 1884 oculis

73 1922 300 1974 exposita,
339 1921 536 1962 offendit.
598 1919 801 1960 Tandem
834 1918 890 1958 ad
925 1917 1085 1958 Mariae
1120 1915 1240 1956 aedes
1271 1911 1562 1966 pervenitur,⁴

75 2001 175 2039 quae
197 1989 348 2040 puella
369 1993 458 2028 tum
479 1988 672 2028 maxime
703 1999 760 2026 ex
781 1989 979 2024 veterum
1003 1983 1261 2024 Graecorum
1285 1983 1329 2019 et
1358 1977 1540 2018 Latino-

74 2060 171 2094 rum
194 2053 360 2106 poetis,
393 2059 437 2094 et
465 2054 587 2105 quod
610 2052 799 2100 mireris,
816 2063 875 2091 ex
900 2050 1112 2102 Sapphus
1149 2046 1433 2093 carminibus,
1455 2056 1537 2096 pu·-

74 2122 240 2162 dicitiae
284 2120 493 2171 exempla
536 2120 754 2159 discebat.
830 2115 1121 2156 Pulc-‚liritudo
1160 2113 1312 2152 matris
1351 2115 1393 2151 et
1431 2109 1536 2151 filiae

71 2188 260 2229 Veneris
295 2192 472 2239 stupore
495 2185 760 2238 exprimitur
792 2182 982 2236 adjectis
1017 2178 1382 2220 similitudinibus
1415 2176 1533 2216 haud

71 2257 231 2309 ineptis
249 2269 259 2304 ς
293 2255 372 2295 sed
390 2265 580 2306 sequens
603 2252 757 2300 oratio,
781 2263 880 2304 quae
900 2249 1062 2289 Veneri
1080 2247 1289 2287 tribuitur
1306 2247 1320 2294 <
1332 2257 1370 2285 ν.
1392 2244 1537 2285 2ῧὲ-

71 2321 195 2377 281.)
244 2334 502 2376 quanquam
533 2333 619 2361 non
654 2318 831 2359 omnino
865 2316 1089 2369 displicet,
1135 2313 1355 2354 oratorios
1391 2311 1536 2363 magis

72 2391 273 2444 lecythos
296 2390 426 2442 sapit,
451 2401 584 2441 quam
619 2385 946 2440 simplicitatem
982 2387 1024 2423 et
1048 2377 1340 2422 'venustatem
1360 2378 1536 2418 'Venere

74 2459 268 2512 dignam.
333 2456 476 2496 Etiam
517 2456 561 2494 in
601 2453 741 2493 altero
782 2452 958 2507 (XXXI.
984 2446 1251 2500 lle—1:38.)
1283 2446 1436 2487 Venus
1475 2446 1534 2486 ad

74 2526 192 2567 aedes
224 2525 440 2566 Celerinae
465 2521 603 2562 tendit
617 2533 785 2573 easque
803 2520 986 2560 floribus
1010 2523 1137 2558 ornat
1153 2521 1195 2555 et
1220 2514 1409 2555 balsami
1426 2513 1536 2554 odo-

73 2594 196 2634 ribus
217 2593 387 2646 implet,
410 2596 518 2640 tum,
547 2590 699 2643 puella
720 2588 777 2629 ad
808 2588 1014 2642 juvenem
1035 2599 1059 2626 e
1094 2584 1247 2625 matris
1270 2580 1433 2635 gremio
1456 2580 1532 2621 de-

75 2661 219 2713 ducta,
248 2660 509 2715 junctisque
532 2658 708 2699 illorum
738 2656 959 2706 manibus,
976 2654 1116 2703 illum,
1138 2655 1188 2693 ut
1217 2650 1429 2704 precibus
1449 2661 1532 2703 pos
