1857 3177
561 203 609 232 ιΝ
646 203 721 231 cn.
753 199 1110 230 CLAUIMANUM.
1538 190 1564 230 7

109 300 250 340 bunus
271 301 314 338 et
337 296 562 345 Notarius,
593 299 640 336 ut
676 294 865 334 ostendit
896 292 1049 333 tabula
1083 302 1344 338 marmorea,
1375 291 1417 330 in
1439 291 1568 332 domo

111 366 342 418 Pomponii
382 363 495 403 Laeti
530 364 718 402 inventa.
780 360 916 414 Cujus
960 364 1103 400 autem
1147 359 1310 410 generis
1348 357 1571 398 Tribunus

111 433 254 481 fuerit,
287 432 400 472 haud
438 432 565 471 sat-ilo
600 430 791 480 dixerim
835 428 911 469 sed
934 431 1079 469 castra
1100 427 1220 467 illum
1241 437 1338 465 esse
1360 429 1571 474 secutum,

113 501 288 542 minime
310 503 451 551 potest
475 498 693 538 affirmari.

171 567 224 607 In
265 565 372 606 illud
410 566 542 605 etiam
584 565 917 618 quinquennium
950 563 1102 603 incidit
1142 562 1223 601 iter
1262 559 1495 600 Claudiani
1530 559 1576 599 in

114 635 368 687 AEgyptum‚
405 633 523 671 nulla
561 632 646 671 alia
676 632 843 670 ratione
878 630 1027 670 forsan
1062 632 1332 680 susceptum,
1364 639 1496 679 quam
1530 631 1579 667 ut

115 701 320 754 puellam,
354 712 482 752 quam
511 698 605 751 jam
643 703 739 738 autc
775 698 992 749 cognitam
1015 699 1197 744 amarat,
1229 694 1364 735 literis
1399 694 1574 734 Serenae

117 769 172 808 ad
194 773 396 820 parentes
426 767 544 806 illius
566 767 743 818 scriptis
764 765 956 818 adjutus,
980 765 1023 804 in
1043 763 1364 803 matrimonium
1387 761 1579 801 duceret.

118 835 267 888 Hujus
289 836 351 875 rei
374 835 630 874 mentionem
653 834 749 885 ipse
774 832 877 872 l'acit
900 843 1000 880 xm,
1023 831 1100 871 ubi
1123 830 1296 870 Serena*
1315 828 1580 869 matrimonii

119 905 293 944 nomine
330 907 372 943 ct
408 902 588 943 illustris
623 904 666 941 ct
706 901 855 940 divitis
892 900 1054 951 gratias
1094 898 1197 947 agit.
1258 896 1365 936 Illas
1403 895 1582 948 nuptias

119 970 404 1012 Alexandriae
439 982 536 1009 esse
572 969 816 1008 celebratas
848 971 970 1020 patet
1003 979 1060 1006 ex
1083 977 1128 1007 v,
1158 966 1243 1013 55,
1275 976 1360 1016 quo
1388 968 1582 1015 tempore

114 1039 209 1092 jam
253 1039 481 1078 Honorius
525 1036 734 1084 Mariam,
776 1035 1030 1077 Stilichonis
1072 1038 1115 1074 ct
1148 1032 1321 1073 Serenae
1358 1031 1507 1080 filiam,
1538 1031 1583 1070 in

119 1107 441 1147 matrimonium
479 1105 676 1150 duxerat,
723 1108 867 1155 atquc,
910 1107 958 1143 ut
995 1101 1194 1154 equidem
1232 1098 1436 1151 conjicio,
1481 1101 1586 1150 post

120 1174 283 1214 bellum
320 1175 468 1213 contra
500 1170 748 1218 Gildonem,
784 1170 902 1208 circa
934 1169 1064 1209 finem
1099 1167 1198 1207 anui
1237 1166 1288 1207 C.
1329 1166 1430 1206 398.
1495 1163 1585 1204 Mi-

122 1254 219 1281 rum
260 1252 365 1278 sane
401 1237 537 1277 videri
571 1238 735 1288 nequit,
769 1235 979 1283 homines,
1011 1237 1131 1273 tanta
1164 1234 1360 1285 potentia
1393 1233 1583 1280 indutos,

122 1307 269 1361 poetae
304 1305 438 1345 nostri
460 1304 702 1344 rationibus
729 1305 956 1355 tantopere
980 1300 1270 1341 consuluisse.
1331 1298 1449 1348 Quid
1471 1299 1587 1338 enim

126 1380 310 1427 tyranno
340 1385 398 1412 ex
433 1370 637 1411 barbaris
675 1375 787 1419 orto,
819 1381 1050 1421 rerumque
1074 1380 1292 1408 summam
1326 1371 1483 1406 contra
1508 1366 1583 1419 jus

123 1441 283 1494 fasque
323 1439 409 1480 sibi
445 1438 703 1487 vindicanti,
735 1438 933 1491 optatius
972 1435 1226 1487 contingere
1261 1434 1421 1487 potuit,
1453 1446 1587 1486 quam

126 1507 264 1562 poeta
300 1507 463 1561 aliquis
496 1506 698 1559 insignis,
730 1505 807 1559 qui
839 1517 910 1544 res
948 1503 1049 1557 ejus
1070 1503 1143 1543 vel
1175 1501 1432 1543 levissimas
1466 1504 1589 1541 tanta

128 1575 366 1616 verborum
406 1573 732 1626 magnificentia
782 1575 940 1626 posset
991 1570 1230 1619 celebrare,
1278 1568 1589 1620 omnibusque,

129 1657 228 1698 quae
265 1643 412 1683 minus
449 1642 691 1695 placerent,
732 1641 1048 1693 hominumque
1081 1638 1360 1678 voluntatem
1398 1633 1590 1675 offende-

129 1716 240 1761 rent,
270 1711 537 1760 honestatis,
564 1709 754 1764 justitiae
778 1713 825 1750 et
861 1707 1092 1761 aequitatis
1127 1705 1325 1758 speciem
1355 1701 1592 1743 rhetoricis

131 1779 301 1820 artibus
338 1778 530 1818 induere.
600 1776 729 1818 Nihil
765 1776 882 1817 enim
915 1779 1001 1824 est,
1034 1770 1405 1827 quemadmodum
1441 1772 1594 1810 nostra

132 1860 312 1900 quoque
348 1846 560 1888 memoria
591 1859 674 1886 usu
697 1846 833 1895 venit,
871 1843 991 1897 quod
1027 1839 1299 1882 multitudini
1333 1836 1595 1891 persuaderi

132 1919 337 1967 nequeat,
369 1927 458 1955 non
478 1919 570 1954 tam
590 1926 661 1954 res
682 1925 813 1966 quam
833 1911 969 1952 verba
988 1908 1273 1963 ponderanti,
1305 1918 1446 1959 neque
1469 1904 1595 1958 quic-

133 1994 263 2036 quam
282 1987 350 2022 est
385 1986 472 2022 tam
504 1981 686 2030 foedum,
718 1980 838 2033 quod
864 1992 955 2019 non
991 1979 1136 2018 colore
1169 1974 1345 2016 callidae
1375 1971 1591 2012 orationis

136 2047 376 2088 obductum
398 2048 547 2100 possit
567 2048 804 2088 nitescere.
855 2045 1032 2086 Natura
1053 2044 1188 2084 etiam
1208 2039 1274 2080 ita'
1295 2040 1598 2091 comparatum

134 2117 219 2162 est,
242 2119 292 2153 ut
314 2114 462 2154 deleto
485 2114 627 2153 omnis
648 2112 863 2153 libertatis
888 2124 1035 2158 sensu,
1068 2108 1276 2160 omnique
1301 2104 1596 2157 generosioris

138 2182 273 2222 animi
291 2182 473 2234 impetu,
503 2180 547 2219 in
568 2179 762 2232 publicis
791 2178 920 2218 malis
942 2177 1159 2224 homines,
1193 2187 1292 2227 quae
1317 2171 1598 2226 propulsare,

140 2262 241 2292 cum
262 2249 375 2289 vires
397 2247 621 2297 deficiant,
652 2259 741 2286 non
762 2245 953 2299 possint,
984 2244 1167 2285 libenter
1200 2241 1499 2294 acquiescant,
1534 2238 1600 2279 fa-

139 2317 314 2370 cileque
346 2315 580 2369 patiantur,
612 2317 660 2354 ut
694 2313 785 2354 illis
822 2312 1050 2367 felicitatis
1085 2309 1257 2364 species
1291 2307 1514 2356 induatur,
1546 2317 1601 2346 ne

139 2384 318 2438 quando
347 2383 543 2424 levitatis
578 2382 912 2436 abjectissimae,
963 2392 1051 2434 qua
1083 2375 1389 2432 hujuscemodi
1422 2373 1603 2415 ferenda

139 2456 185 2494 et
218 2452 448 2493 toleranda
482 2451 752 2499 existiment,
789 2449 1066 2491 conscientia
1099 2446 1363 2492 crucientur,
1395 2442 1603 2483 aliorum-

143 2533 228 2574 que
250 2519 494 2560 contemtui
515 2522 807 2572 exponantur.
867 2517 999 2558 Illam
1033 2515 1166 2568 igitur
1188 2510 1448 2553 Stilichonis
1467 2509 1603 2550 bene-

143 2586 381 2628 volentiam
396 2586 668 2628 Claudianus
685 2585 952 2626 carminibus
974 2583 1061 2625 sibi
1083 2580 1357 2628 conciliavit,
1380 2578 1424 2618 in
1444 2577 1604 2630 quibus

145 2667 395 2708 praeconem
429 2654 519 2706 agit
549 2654 712 2707 ingenii
745 2653 866 2695 illius
887 2653 1098 2695 virtutum
1135 2652 1179 2690 et
1205 2660 1348 2690 rerum
1369 2648 1604 2699 gestarum,

148 2720 210 2762 ita
228 2724 279 2762 ut
294 2721 537 2763 adulationi
556 2721 733 2776 penitus
754 2720 982 2770 inserviat,
999 2716 1263 2770 veritatique
1278 2713 1426 2756 forsan
1446 2722 1605 2765 parum
