1857 3177
572 232 634 261 ne
668 231 824 262 131312120
856 232 1144 264 cinnouioO.
1500 223 1585 265 387

129 324 364 365 Perfidiam
383 338 392 366 :
423 337 502 366 nec
520 339 601 366 nos
622 329 810 380 patimur
830 328 1104 370 committere
1125 329 1205 370 tali
1500 328 1588 370 265

132 391 236 431 Hoc
257 405 388 444 genus
410 395 576 433 emtori.

131 457 236 499 I-Ioc
254 460 404 500 vendit
425 461 626 513 patriam.

632 394 764 435 Cives
786 408 885 435 cum
907 397 1125 436 mcenibus
1147 395 1299 436 offert?

689 463 895 514 Plerique
918 463 961 501 in
981 469 1154 516 tempus
1175 463 1300 503 abusi

132 524 247 566 Mox
268 527 401 567 odere
424 533 584 570 tamen.
645 531 804 570 Tenuit
823 530 886 569 sic
911 529 1049 570 Graia
1071 531 1311 584 Philippus

132 591 329 645 Oppida.
392 595 562 636 Pellaeo
582 597 768 637 libertas
787 596 983 637 concidit
1005 610 1129 638 auro.

133 658 326 700 Romani
349 663 563 703 scelerum
585 677 755 716 semper
777 675 976 716 sprevero
997 664 1236 705 ministros.
1506 663 1589 703 270

132 726 287 767 Noxia
308 728 551 780 pollicitum
573 730 752 783 domino
774 730 958 769 miscere
979 742 1152 770 venena

134 792 366 834 Fabricius
389 794 501 847 Regi
520 796 691 836 nudata
711 797 864 837 fraude
884 797 1068 845 remisit,

134 861 299 902 Infesto
318 874 449 914 quem
474 862 619 902 Marte
641 864 765 916 petit,
786 865 1036 917 bellumque
1056 865 1235 917 negavit

135 926 220 967 Per
240 927 395 968 famuli
418 934 594 981 patrare
614 930 765 972 nefas:
797 931 1042 984 ductosque
1065 930 1277 972 Camillus

133 1036 269 1072 tionem,·
291 1047 384 1077 neque
410 1048 464 1068 nos
489 1039 618 1069 sinimus
639 1040 761 1070 credere
783 1039 861 1070 hanc
884 1043 1010 1078 gentem
1038 1045 1188 1071 nostram
1214 1040 1359 1078 ejusmodi
1382 1041 1513 1072 emtori:
1537 1041 1596 1072 iste

130 1080 277 1119 proponit
295 1080 377 1111 cives
395 1081 531 1111 venales
548 1092 615 1111 cum
632 1080 782 1112 urbibus?
805 1084 864 1112 iste
876 1084 978 1113 rendit
993 1084 1143 1122 putrium.
1191 1083 1289 1113 Multi
1304 1084 1390 1113 abusi
1407 1086 1447 1113 ‹ul
1462 1088 1595 1124 tempus,

133 1122 239 1152 statim
262 1126 364 1152 tamen
390 1124 535 1154 oderunt:
559 1124 605 1154 ita
633 1124 798 1164 Philippus
825 1126 981 1165 occupavit
1007 1127 1094 1156 urbes
1112 1126 1250 1162 Grtrcus,
1274 1125 1401 1156 libertus
1418 1136 1522 1156 erersu
1549 1130 1595 1156 est

131 1165 262 1203 pecunia
278 1165 402 1195 I’ellcea.
449 1166 583 1196 Romani
598 1176 715 1206 semper
737 1170 961 1198 contemserunt
977 1168 1178 1198 ‹ulministros
1199 1168 1373 1198 criminum.
1422 1169 1597 1208 Fabricius,

133 1207 253 1237 detecto
268 1208 349 1244 dolo,
363 1209 483 1238 remisit
500 1209 633 1248 Pyrrho
651 1209 817 1239 medicum
830 1211 1061 1249 promittentem
1077 1212 1150 1240 (lure
1167 1211 1250 1240 virus
1266 1209 1460 1247 mortiferum
1476 1211 1596 1241 domino

135 1257 214 1287 suo;
238 1259 327 1290 quem
343 1250 511 1290 Pyrrhum
529 1251 704 1282 Fabricius
721 1252 875 1282 lacessivit
888 1263 996 1292 pugna
1013 1252 1143 1291 irffensu,
1161 1256 1190 1282 et
1209 1253 1304 1283 noluit
1321 1253 1467 1293 conficere
1483 1253 1596 1283 bellum

750 1332 985 1343 eeeeeeeeeee

138 1386 253 1419 Oxon.
268 1397 336 1420 sec.
352 1388 488 1420 Claver.
502 1389 731 1422 Bart11.—2o5
746 1401 799 1421 vos
813 1392 894 1422 Lov.
912 1392 1044 1422 Mazar.
1061 1391 1179 1422 Ambr.
1198 1391 1355 1422 sec.Vat.
1381 1393 1460 1421 tert.
1478 1400 1600 1420 concur-

136 1440 206 1461 rere
222 1431 276 1462 vel
287 1432 479 1462 committere
501 1432 596 1463 Med.
612 1436 773 1473 piu—266
798 1433 868 1464 1100
882 1444 980 1473 genus
1001 1444 1078 1465 cum
1087 1433 1194 1474 τελείᾳ
1208 1435 1325 1474 στιγμῇ
1343 1434 1422 1464 Yat.
1441 1443 1491 1473 pr.
1507 1432 1601 1473 offert

138 1472 403 1504 Thuan.Petav.
419 1479 499 1506 tert.
516 1475 983 1515 effertOisel.assu⁷1tLov.m.
997 1477 1329 1517 })1·.u14se1·tLeitl.pr.
1345 1477 1454 1505 Oxou.
1468 1485 1517 1514 pr.
1531 1476 1604 1505 Mo-

138 1520 203 1545 ret.
213 1516 362 1547 sec.Vat.
374 1522 455 1548 tert.
467 1518 551 1557 Reg.
561 1518 683 1549 Petav.
694 1528 745 1558 pr.
754 1518 975 1558 qffertdecem
987 1519 1154 1559 alii.uJ7“ert
1164 1520 1215 1550 vel
1226 1519 1316 1559 offert
1330 1518 1419 1548 Med.
1430 1528 1478 1557 pr.
1490 1518 1604 1547 oxon.

139 1560 315 1589 sec—267
343 1559 408 1589 Hic
423 1560 527 1590 vendit
545 1561 624 1591 Vat.
639 1562 746 1601 quint.
765 1563 851 1592 Exc.
867 1562 964 1592 Laeti.
991 1563 1035 1592 Et
1051 1563 1153 1592 rendit
1171 1562 1264 1592 Med.
1283 1565 1393 1601 quart.
1428 1560 1506 1590 11αέ
1521 1560 1604 1589 Vat.

140 1604 221 1631 tert.
233 1598 354 1631 Petav.
369 1612 437 1632 sec.
453 1602 548 1632 Med.
565 1608 644 1634 tert.
666 1603 732 1633 Hoc
744 1604 838 1634 Leid.
850 1614 902 1644 pr.
920 1614 995 1634 cum
1011 1604 1200 1635 octodecim
1220 1604 1305 1639 aliis,
1323 1604 1401 1634 item
1420 1603 1472 1632 ed.
1490 1601 1603 1631 Vicet.

136 1643 301 1683 populique
319 1643 392 1674 Pal.
407 1644 472 1674 duo
488 1645 583 1675 Med.
602 1646 727 1675 Moret.
746 1656 798 1685 pr.
815 1656 859 1676 m.
877 1656 946 1676 sec.
984 1647 1146 1686 populique
1163 1646 1216 1676 vel
1231 1646 1370 1684 plerique
1395 1643 1489 1674 Med.
1507 1654 1604 1683 pr.—

141 1687 204 1715 268
227 1685 331 1715 renuit
347 1685 456 1716 Oisel.
487 1690 584 1725 gruta
600 1697 661 1727 pro
680 1687 782 1717 Graiu
799 1688 874 1719 Pal.
895 1688 989 1718 Med.
1008 1691 1169 1727 pi·.--2GO
1192 1699 1271 1718 anno
1289 1697 1350 1726 pro
1376 1696 1452 1717 (turo
1467 1687 1604 1717 Tliuan.

140 1730 248 1758 ——270
271 1738 388 1768 semper
402 1729 551 1759 scelerum
567 1729 632 1759 duo
648 1730 744 1760 Vatt.
772 1730 864 1761 Prie.
883 1731 968 1771 Reg.
986 1731 1108 1761 Petav.
1127 1740 1177 1770 pr.
1203 1731 1328 1761 Movet.
1346 1739 1412 1760 sec.
1446 1729 1608 1769 prodidere

142 1779 250 1810 marg.
279 1770 512 1811 Isiugr.—-—271
538 1772 662 1812 Pyrrho
689 1782 751 1812 pro
768 1773 890 1802 domino
918 1783 1023 1812 marg.
1053 1773 1283 1811 bingin—21⁶2
1308 1773 1454 1802 numdutn
1480 1772 1606 1801 Μαι-ετ.

143 1821 209 1844 sec.
239 1812 350 1849 fronte
369 1814 421 1843 vel
440 1813 558 1850 fraude
575 1814 703 1844 Moret.
719 1824 770 1853 pr.
804 1815 938 1845 remittit
961 1817 1197 1846 Mazar.——:273
1222 1815 1369 1851 infestum
1391 1814 1527 1843 Tholos.
1563 1814 1608 1856 iu-

135 1853 245 1892 shusto
262 1856 349 1896 Reg.
367 1856 481 1886 Oxou.
511 1866 563 1896 pr.
581 1856 663 1886 Var.
679 1857 751 1887 LL.
768 1856 823 1887 ed.
841 1856 1055 1888 Arum—954
1079 1858 1243 1896 ductosque
1260 1857 1313 1887 vel
1339 1857 1502 1895 ductusque
1530 1855 1607 1886 Mo-

802 1951 943 1982 NOTAE

188 2026 252 2055 266
278 2024 416 2064 Emtori]
440 2025 514 2056 Nec
540 2035 685 2066 unquam
713 2035 771 2056 uos
798 2035 853 2066 pa-

147 2075 272 2105 tiemur
286 2075 349 2106 hoc
366 2085 471 2115 genus
493 2082 645 2107 nostrum
663 2077 853 2117 Imperato-

147 2125 246 2163 rium,
262 2125 364 2155 hosce
379 2130 511 2156 nostros
522 2126 619 2165 filios,
632 2127 773 2157 credere
787 2137 854 2158 em-

151 2175 216 2205 tori
243 2175 388 2215 perfido,
405 2177 460 2216 qui
485 2177 612 2208 vendet
629 2178 719 2208 cives
737 2178 853 2209 urbes—

149 2234 235 2266 que:
261 2234 326 2256 non
342 2224 490 2256 feremus
506 2226 592 2257 hanc
619 2227 665 2256 eis
683 2227 768 2257 inuri
786 2237 853 2258 ma-

149 2275 273 2315 culam,
291 2280 327 2306 ut
344 2276 429 2307 alter
441 2277 582 2307 alterius
594 2277 779 2318 Imperium
796 2277 856 2308 mi-

151 2330 235 2356 nuat
247 2326 377 2356 artibus
393 2327 634 2369 cujuscumque
652 2327 845 2367 proditoris.

194 2378 258 2406 267
282 2376 398 2416 Abusi]
423 2376 528 2406 Multi
552 2377 594 2407 ad
613 2381 746 2417 tempus
764 2378 857 2408 abusi

154 2425 399 2465 proditoribus,
438 2435 516 2456 mox
548 2431 662 2457 tamen
690 2437 748 2458 eos
779 2427 857 2458 ode-

154 2480 245 2508 runt.

195 2528 259 2557 268
285 2526 463 2566 Philippus]
511 2527 586 2557 Rex
617 2527 860 2567 Macedonum,

156 2581 256 2616 pater
268 2575 470 2615 Alexandri,
480 2576 659 2607 dictitabat
671 2577 796 2608 nullam
811 2587 861 2607 ar-

157 2635 232 2657 cem
260 2635 333 2656 esse
360 2626 667 2667 inexpugnabilem,
695 2627 727 2658 in
759 2637 859 2668 quam

157 2674 330 2705 introduci
358 2681 477 2716 posset
504 2677 628 2708 asellus
653 2687 735 2709 auro
761 2687 859 2709 onus-

161 2729 229 2756 tus.

202 2777 267 2807 269
288 2774 448 2814 Libertas]
482 2775 640 2808 Libertas
663 2777 861 2809 Graecorum

908 2027 1022 2067 periit,
1046 2036 1164 2057 eversa
1181 2030 1234 2057 est
1251 2035 1332 2056 auro
1361 2025 1512 2065 Philippi
1530 2025 1607 2055 Pel-

907 2076 974 2113 laei,
1010 2077 1056 2106 sic
1087 2075 1170 2107 dicti
1201 2076 1242 2106 ab
1278 2075 1361 2106 urbe
1392 2075 1607 2106 Macedoniae

910 2126 1010 2162 Pella,
1025 2125 1173 2166 Philippi
1190 2130 1225 2156 et
1239 2125 1423 2155 Alexandri
1440 2125 1609 2155 natalibus

909 2176 1049 2217 inclyta.

951 2230 1014 2257 272
1054 2225 1230 2265 Fabricius]
1268 2226 1352 2256 Cum
1369 2223 1482 2255 vicina
1498 2228 1613 2255 castra

911 2278 981 2317 ipse
999 2276 1187 2313 Fabricius,
1212 2280 1248 2306 et
1265 2276 1336 2306 Rex
1350 2275 1528 2312 baberent,
1555 2273 1613 2304 'ri-

910 2329 1084 2359 mochares
1101 2328 1252 2358 medicus
1268 2325 1402 2366 Pyrrhi,
1423 2325 1476 2355 vel
1495 2323 1613 2355 Nicias

913 2378 1055 2417 amicus,
1081 2382 1182 2408 nocte
1200 2377 1242 2407 ad
1259 2385 1334 2406 eum
1352 2376 1457 2413 venit,
1472 2374 1613 2414 promit-

914 2434 988 2459 tens
1006 2438 1042 2458 se
1067 2428 1235 2467 Pyrrhum
1253 2435 1382 2456 veneno
1414 2425 1614 2464 occisurum,

913 2480 940 2510 si
953 2479 1014 2509 sibi
1032 2478 1210 2519 quicquam
1225 2475 1493 2516 pollicitaretur:
1513 2483 1613 2514 quem

915 2529 1090 2560 Fabricius
1121 2529 1271 2558 vinctum
1303 2525 1416 2555 reduci
1438 2524 1543 2564 jussit
1569 2522 1614 2553 ad

915 2579 1097 2616 dominum,
1125 2576 1324 2616 Pyrrhoque
1341 2573 1421 2611 dici,
1445 2583 1518 2613 quae
1535 2582 1614 2604 con·

915 2633 970 2659 tra
999 2632 1102 2667 caput
1129 2627 1202 2666 ojus
1232 2623 1482 2664 spopondisset.
1537 2621 1615 2653 Hoc

914 2676 1043 2708 factum
1061 2677 1162 2707 Curio
1178 2674 1298 2706 tribuit
1314 2673 1443 2704 Florus.

958 2729 1021 2758 274
1048 2725 1195 2764 Patrare]
1231 2722 1420 2761 Conficere,
1444 2726 1481 2752 et
1508 2721 1551 2752 ad
1577 2720 1615 2751 fi-

915 2786 993 2809 nem
1015 2776 1218 2818 perducere.
1264 2774 1406 2806 Cicero:
1422 2772 1432 2789 ‘
1449 2771 1615 2813 promissa
