1852 3193
204 218 288 259 426
654 227 728 257 cr„
762 222 1047 254 CLAUDIAM
1084 221 1212 251 xvu.

208 325 431 366 Rectores.
495 322 702 374 Hispana
722 318 803 359 tibi
824 316 1136 369 Germanaque
1155 315 1323 369 Tethys
1613 315 1669 355 50

206 392 375 440 Paruit,
392 394 433 431 et
452 393 598 430 nostro
620 385 800 426 diducta
822 384 1048 425 Britannia
1068 383 1254 424 mundo:

206 459 483 511 Diversoque
506 464 604 496 tuas
627 455 856 495 coluerunt
876 453 1043 505 gurgite
1065 464 1200 492 voces

208 525 374 566 Lentus
397 523 522 572 Arar,
543 521 877 573 Rhodanusque
899 519 1036 568 ferox,
1057 522 1099 559 et
1119 519 1246 559 dives
1269 518 1482 559 Hiberus.

205 592 243 631 0
266 593 441 645 quoties
459 591 598 631 doluit
617 589 817 637 Rhenus,
840 599 929 640 qua
948 587 1158 627 barbarus
1180 586 1289 635 ibat,

203 658 335 709 Quod
359 664 401 699 te
422 671 509 699 non
532 657 712 711 geminis
732 656 945 696 frueretur
960 654 1115 708 judice
1136 654 1244 707 ripis
1263 654 1271 694 !
1615 653 1673 693 55

208 726 352 767 Unius
375 726 421 768 fit
443 739 549 767 eura
569 726 666 774 viri,
691 724 997 778 quodcumque
1020 723 1215 763 rubescit

211 794 407 843 Occasu,
430 793 739 847 quodcumque
759 792 851 832 dies
873 790 1084 831 devexior
1097 790 1250 831 ambit.

201 861 314 902 Tam
344 861 459 901 celer
481 859 690 900 assiduos
713 859 911 912 explevit
933 869 1087 898 cursus
1108 858 1308 898 honores.

210 928 313 969 Una
335 931 607 982 potestatum
630 926 794 978 spatiis
816 925 1010 964 interfuit
1031 929 1157 973 aetas,

209 1040 291 1067 tores
303 1035 520 1074 gubernandos
537 1043 600 1074 per
616 1037 735 1064 terram
751 1032 940 1063 universam.
987 1031 1079 1061 Mare
1096 1030 1273 1070 Hispanum
1287 1033 1317 1060 et
1335 1030 1526 1060 Germanum
1541 1028 1600 1061 tibi
1615 1029 1683 1061 obe-

202 1079 362 1116 diverunt,
376 1080 405 1107 et
422 1077 541 1115 Anglia
556 1079 701 1115 separata
718 1076 759 1105 ab
776 1075 847 1105 o‘rbe
864 1077 969 1104 nostro
987 1084 996 1103 :
1014 1076 1043 1103 et
1057 1073 1144 1103 Arar
1158 1074 1277 1112 taram,
1293 1076 1321 1103 et
1336 1073 1487 1103 violentus
1502 1072 1682 1111 Rhodanus,

205 1124 235 1150 et
252 1121 413 1159 opulentus
430 1120 538 1149 Iberus
550 1119 692 1149 venerati
714 1120 785 1148 sant
814 1120 869 1146 tua
891 1116 979 1146 dicta
994 1116 1026 1146 in
1044 1116 1142 1146 alveis
1155 1115 1264 1146 variis.
1314 1116 1342 1145 0
1358 1115 1478 1155 quoties
1492 1114 1621 1145 Rhenus
1634 1115 1682 1145 in-

201 1162 337 1201 gemuit,
349 1172 410 1202 qua
426 1166 525 1202 parte
543 1161 679 1191 alluebat
704 1160 863 1197 barbaros,
879 1160 958 1199 quod
975 1168 1034 1189 uon
1048 1161 1079 1189 te
1092 1159 1250 1198 potiretur
1262 1159 1453 1188 moderatore
1462 1158 1502 1188 ad
1518 1160 1683 1197 utrumque

201 1215 289 1235 suum
314 1205 411 1236 littus
425 1206 431 1236 !
473 1205 690 1243 Quodcumque
706 1203 795 1234 rubet
812 1202 890 1233 Sole
915 1202 1084 1240 occidente,
1099 1202 1302 1241 quodcumque
1317 1200 1458 1239 cingitur
1482 1201 1546 1230 luce
1570 1200 1683 1240 procli-

203 1248 298 1289 viare,
305 1247 350 1289 fit
367 1257 441 1278 cura
457 1248 548 1277 unius
561 1247 641 1277 viri:
659 1249 723 1277 tam
735 1248 877 1286 promtus
893 1254 999 1275 cursus
1022 1243 1155 1275 absolvit
1166 1243 1372 1284 proefecturas
1385 1253 1445 1274 non
1469 1241 1683 1283 interruptas!

824 1323 1064 1337 eeeeeeeeeee

204 1374 288 1402 tores
305 1371 401 1403 Med.
420 1373 586 1402 tem—51
613 1371 744 1401 deducta
759 1370 842 1401 Vat.
867 1380 936 1401 sec.
963 1380 1008 1401 m.
1028 1379 1079 1410 pr.
1097 1372 1133 1400 et
1149 1372 1232 1400 tert.
1249 1378 1294 1398 ni.
1312 1376 1380 1398 sec.
1399 1366 1496 1398 Leid.
1519 1376 1571 1406 pr.
1597 1366 1684 1406 Reg.

208 1414 320 1444 Oxon.
340 1424 391 1454 pr.
408 1424 452 1444 ni.
471 1422 521 1454 pr.
537 1413 602 1444 inc.
622 1413 829 1444 Heins.—52
853 1414 1015 1444 voluerunt
1031 1413 1169 1443 Tholos.
1186 1412 1299 1442 tollunt
1311 1410 1343 1440 in
1356 1410 1486 1449 gurgite
1502 1408 1568 1440 duo
1585 1408 1683 1440 Vatt.

207 1456 331 1487 Petav.
350 1466 402 1496 pr.
420 1457 607 1487 Voss.—53
632 1456 736 1487 Arabs
751 1455 842 1487 Prie.
860 1456 970 1487 Oisel.
994 1457 1073 1486 celer
1089 1459 1234 1496 quatuor
1250 1454 1347 1484 Vatt.
1375 1453 1451 1483 Pal.
1470 1451 1564 1482 Prie.
1583 1451 1683 1482 Rott.

209 1499 317 1530 Oisel.
339 1500 417 1530 Pnt.
435 1498 534 1536 ferox
558 1498 654 1529 Leid.
673 1508 723 1539 pr.
741 1499 821 1530 Vat.
845 1499 955 1530 Livin.
974 1498 1096 1529 Petav.
1121 1508 1171 1538 pr.
1196 1496 1292 1527 Med.
1323 1499 1399 1526 tert.
1425 1496 1510 1525 Exc.
1538 1495 1684 1525 Lucens.

208 1541 383 1579 sec.ferox
401 1542 455 1572 vel
472 1543 551 1572 celer
566 1542 647 1572 Vat.
663 1551 715 1581 pr.
734 1541 846 1573 Oxon.
863 1551 914 1582 pr.
932 1542 1021 1581 Reg.
1045 1540 1142 1572 Med.
1168 1544 1248 1570 tert.
1282 1538 1390 1570 Iberos
1405 1538 1484 1568 Vat.
1503 1546 1553 1577 pr.
1570 1546 1613 1568 m.
1630 1546 1684 1577 pr.

208 1588 293 1615 —54
317 1584 439 1614 Raetus
454 1584 535 1614 Var.
553 1585 619 1615 LL.
635 1595 653 1615 e
670 1594 776 1624 marg.
803 1585 917 1615 Parin.
944 1585 1024 1624 quod
1051 1584 1117 1615 inc.
1147 1583 1269 1613 Heins.
1286 1591 1343 1622 quo
1362 1580 1488 1611 Moret.
1508 1589 1576 1610 sec.
1593 1589 1687 1619 quam

210 1627 291 1658 Jun.
310 1636 362 1665 pr.
378 1626 542 1657 Ald.—-55
567 1636 627 1656 non
654 1629 685 1656 te
710 1627 777 1657 duo
806 1626 925 1658 Ambr.
941 1626 1065 1657 vindice
1087 1626 1310 1656 Tholos.-56
1331 1623 1375 1654 sit
1403 1623 1470 1653 duo
1496 1623 1590 1653 Vatt.
1610 1621 1685 1652 Pal.

208 1670 304 1699 Rott.
322 1668 418 1699 Med.
434 1678 483 1707 pr.
500 1668 626 1698 Moret.
653 1678 720 1699 sec.
737 1669 820 1699 Var.
853 1669 922 1699 LL.
949 1678 966 1699 e
989 1678 1095 1707 marg.
1123 1668 1239 1697 Parin.
1262 1675 1370 1697 caussa
1387 1664 1506 1695 Ambr.
1523 1674 1575 1704 pr.
1592 1664 1685 1695 Prie.

210 1712 294 1742 Var.
312 1711 379 1741 LL.
407 1711 462 1741 ed.
481 1709 586 1740 Antv.
615 1710 718 1740 Ducis
732 1711 811 1740 Vat.
839 1719 909 1741 sec.
937 1709 996 1740 tibi
1015 1709 1127 1739 Oxon.
1155 1718 1223 1739 sec.
1250 1718 1294 1738 m.
1320 1717 1372 1747 pr.
1387 1707 1567 1746 quicumque
1585 1706 1685 1737 Farn.

209 1754 293 1785 Lov.
310 1763 496 1792 quocumque
512 1752 606 1782 Med.
620 1752 835 1791 duo‚Moret.
861 1761 928 1782 sec.
943 1752 997 1782 ed.
1011 1752 1212 1782 Vicet.—57
1231 1751 1350 1781 Occasu
1364 1749 1445 1779 Vat.
1456 1758 1508 1788 pr.
1519 1748 1626 1780 Oi'sel.
1640 1759 1685 1780 m.

209 1806 277 1827 sec.
305 1795 400 1826 Med.
426 1799 507 1825 tert.
531 1795 616 1825 Exc.
644 1794 742 1824 Laeti.
761 1793 1155 1833 Isingr.Junt.';'Raphel.
1176 1794 1328 1823 Occasum
1353 1792 1438 1822 Exe.
1457 1792 1601 1822 Lucens.
1616 1801 1686 1822 sec.

214 1839 351 1868 Occasus
368 1837 464 1867 Leid.
480 1845 552 1866 sec.
565 1846 641 1866 cum
655 1836 776 1875 viginti
794 1837 944 1876 quinque
961 1836 1046 1875 aliis,
1073 1836 1156 1865 Exc.
1174 1835 1315 1865 Gevart.
1332 1832 1413 1864 Ald.
1437 1834 1491 1864 ed.
1512 1834 1626 1867 Parm-
1651 1840 1688 1865 et

212 1881 328 1911 Vicet.
348 1879 430 1910 item
446 1880 529 1911 Var.
546 1879 613 1910 LL.
643 1878 699 1909 ed.
715 1878 821 1909 Antv.
842 1880 984 1909 Oceanus
1005 1882 1073 1908 tres
1096 1878 1192 1908 Vatt.
1215 1876 1312 1908 Med.
1338 1886 1388 1916 pr.
1405 1876 1585 1916 quicumque
1601 1877 1686 1907 Lov.

212 1932 401 1962 quacumque
418 1922 498 1953 Vat.
520 1924 720 1962 quarn—58
745 1922 831 1952 Nam
857 1921 979 1952 Ambr.
1009 1930 1079 1952 sec.
1106 1921 1183 1951 Jam
1211 1920 1340 1951 Moret.
1365 1928 1433 1950 sec.
1455 1919 1586 1957 exiguos
1603 1919 1685 1949 Var.

213 1966 281 1997 LL.
299 1965 353 1996 ed.
370 1966 477 1996 Antv.
493 1966 637 1995 adversos
651 1964 781 1994 Thuan.
799 1973 907 1994 currus
924 1963 1021 1995 Leid.
1039 1973 1091 2004 pr.
1106 1964 1188 1994 Vat.
1204 1964 1374 1994 tert.—59
1395 1961 1509 1992 studiis
1520 1961 1600 1992 Vat.
1616 1970 1686 1994 see.

214 2018 258 2039 m.
278 2018 347 2040 sec.
376 2007 533 2048 interfluit
553 2007 636 2039 Jun.
662 2016 713 2048 pr.
738 2006 885 2045 interfuit
902 2008 957 2037 vel
982 2006 1151 2037 intervenit
1168 2006 1249 2037 Vat.
1276 2015 1328 2046 pr.
1344 2007 1436 2036 oestas
1461 2009 1529 2035 vet.
1554 2004 1686 2044 Gy1·.—

881 2093 1023 2125 NOTAE

216 2167 407 2199 Nereidum
430 2171 552 2198 mater.
599 2167 668 2198 Hic
694 2167 837 2199 sumitur
861 2177 923 2208 pro
1022 2170 1063 2198 54
1088 2166 1231 2206 Rhenus]
1255 2166 1323 2197 Hic
1344 2165 1466 2197 fluvius
1490 2167 1565 2195 erat
1590 2163 1686 2195 limes

215 2219 310 2250 mari.
977 2218 1118 2259 Imperii
1136 2217 1292 2256 Romani,
1306 2226 1345 2248 ac
1360 2215 1503 2257 proinde
1519 2225 1598 2256 pars
1616 2218 1689 2245 tan·

257 2272 299 2300 50
325 2269 456 2309 Tethys]
478 2267 609 2308 Tethys
633 2272 685 2299 est
711 2268 830 2299 itidem
847 2270 923 2300 Dea
977 2273 1049 2299 tum
1078 2268 1271 2300 Germaniae
1299 2267 1437 2298 subdita
1462 2270 1538 2297 erat
1562 2266 1686 2297 Roma-

215 2319 345 2350 marina
361 2329 436 2360 quae
452 2318 596 2349 sumitur
613 2327 673 2358 pro
689 2318 787 2348 mari.
976 2318 1040 2350 nis.

259 2372 298 2401 51
325 2369 515 2409 Britannia]
539 2368 677 2399 Domita
701 2377 721 2397 a
741 2367 833 2399 Julio
849 2369 922 2399 Cae-
1021 2371 1062 2398 57
1087 2368 1167 2399 Dies
1181 2367 1343 2407 devexior]
1373 2367 1432 2398 Sol
1459 2367 1502 2398 ad
1529 2374 1686 2397 occasum

213 2429 299 2459 sare,
316 2420 408 2450 velut
425 2419 456 2449 in
469 2419 534 2449 alio
550 2418 633 2449 orbe
650 2417 817 2449 collocata
833 2417 924 2449 dice·
979 2420 1129 2460 pronior,
1145 2420 1341 2459 proclivior.

215 2470 328 2501 batur.
352 2470 536 2510 Virgilius:
555 2470 564 2486 ⁶
583 2470 627 2501 Et
638 2469 773 2510 penitus
791 2472 864 2501 toto
878 2470 926 2500 di·
1022 2472 1063 2500 58
1090 2469 1223 2508 Cursus]
1246 2470 1332 2500 Tam
1353 2468 1456 2499 celeri
1475 2468 1569 2498 velut
1585 2477 1688 2500 cursu

220 2521 305 2551 visos
321 2520 418 2551 Orbe
436 2519 646 2551 Britannos.'
978 2519 1179 2550 Theodorus
1194 2519 1257 2549 ivit
1273 2527 1335 2558 per
1348 2527 1463 2549 omnes
1474 2517 1600 2557 gradus
1616 2518 1688 2549 Ho-

260 2574 300 2602 53
326 2571 496 2601 Rhodanus
503 2570 612 2609 ferox,
628 2573 658 2601 et
674 2570 757 2600 dives
772 2570 924 2610 Hiberus]
980 2578 1109 2607 norum,
1139 2578 1204 2599 non
1241 2568 1524 2608 interruptorum,
1554 2568 1687 2609 sibique

217 2620 260 2652 Id
274 2625 337 2659 est,
354 2621 445 2652 Galli
459 2619 606 2660 feroces,
622 2620 746 2651 divites
765 2620 924 2660 Hispani.
979 2618 1124 2649 invicem
1141 2618 1233 2649 velut
1254 2617 1513 2649 adhaerentium.

217 2671 413 2702 Theodorus
441 2676 555 2702 autem
583 2669 768 2711 praefectus
795 2671 925 2702 Gallia·
1022 2672 1064 2700 59
1090 2669 1159 2699 Una
1173 2668 1264 2708 aetas]
1289 2668 1368 2698 Una
1388 2669 1554 2708 juventus
1580 2668 1685 2699 inter-

221 2731 306 2759 rum,
322 2720 384 2752 sub
401 2721 524 2762 quibus
540 2720 732 2752 Germaniae
749 2725 784 2753 et
798 2721 925 2762 Hispa-
979 2721 1057 2760 fuit,
1086 2719 1223 2753 suffecit
1255 2724 1306 2750 tot
1338 2720 1440 2751 variis
1474 2718 1684 2761 temporibus

219 2770 283 2802 niae
301 2776 415 2811 partes
431 2771 704 2803 continebantur.
981 2773 1158 2805 Honorum
1175 2771 1413 2813 gerendorum.
