1852 3193
215 210 299 251 494
648 224 723 254 οι.
758 223 1040 253 anumANi
1077 224 1226 256 xvui.

216 315 442 369 Quicquid
463 330 599 366 amas,
624 317 743 356 dabit
762 317 836 356 illa
856 329 1010 358 manus
1028 332 1037 359 ε
1070 322 1356 364 communiter
1376 324 1497 364 omni

216 383 424 436 Fungitur
445 383 603 431 officio,
629 383 874 436 gaudetque
896 387 1093 438 potentia
1113 389 1240 431 flecti.

214 449 318 490 Hoc
340 464 517 503 quoque
540 451 738 491 conciliis
759 454 929 505 peperit
948 456 1190 509 meritoque
1211 457 1410 499 laborum
1429 472 1439 500 ε

212 515 393 570 Accipit
413 522 455 557 et
475 519 661 566 trabeas,
683 525 849 571 argutae
873 523 1055 574 praemia
1076 524 1258 567 dextrae.
1588 527 1673 569 370

267 585 511 637 Postquam
534 599 633 626 vera
653 587 760 628 fides
782 588 954 630 facinus
975 592 1167 644 vulgavit
1189 591 1333 633 Eoum

210 650 445 701 Gentibus,
469 658 509 692 et
529 652 687 695 Romae
703 656 799 709 jam
822 659 980 698 certius
1002 660 1175 713 impulit
1198 674 1349 702 aures:

209 717 530 770 Eutropiumne
551 722 682 762 etiam
704 728 851 765 nostra
878 726 1155 778 dignabimur
1175 729 1270 768 ira?

210 784 300 824 Hic
323 798 495 839 quoque
517 787 709 830 Romani
730 793 888 832 meruit
909 807 1010 846 pars
1033 808 1132 834 esse
1155 794 1354 836 doloris?

208 851 282 891 Sic
305 852 450 901 effata,
472 855 587 906 rapit
607 857 708 896 coeli
730 871 808 909 per
829 860 978 900 inania
1000 874 1173 902 cursum
1585 864 1672 906 375

208 919 328 960 Diva
350 925 519 973 potens,
542 935 715 975 unoque
738 924 910 965 Padum
932 929 1176 981 translapsa
1196 933 1345 972 volatu

207 985 366 1026 Castra
388 987 457 1026 sui
479 988 656 1027 rectoris
678 989 784 1031 adit.
845 991 961 1031 Tum
980 992 1091 1033 forte
1111 995 1298 1037 decorus

204 1146 409 1187 Posteaquam
424 1159 522 1180 sermo
535 1161 625 1181 verus
640 1153 852 1186 disseminarit
875 1156 964 1197 apud
987 1159 1113 1198 populos
1137 1160 1253 1191 crimen
1277 1161 1418 1200 orientis,
1444 1165 1475 1192 et
1488 1161 1584 1200 feriit
1598 1162 1671 1201 J'am.

203 1191 304 1220 verius
319 1201 407 1221 aures
424 1192 554 1224 Romae:
586 1196 638 1225 An
665 1197 874 1236 reputabimus
900 1210 1016 1240 quoque
1041 1203 1229 1242 Eutropium
1253 1205 1382 1243 dignum
1400 1204 1512 1241 sumre
1538 1204 1671 1238 nostro?

202 1231 258 1262 An
273 1233 323 1263 liic
338 1234 433 1264 etiam
456 1237 642 1275 promeritus
657 1242 702 1269 est
718 1250 779 1270 esse
806 1252 879 1280 pars
893 1243 992 1274 luctus
1012 1244 1218 1276 Romanorum
1231 1245 1246 1277 ?
1294 1247 1374 1277 Hoec
1402 1248 1503 1279 locuta
1517 1248 1602 1279 Dira
1614 1258 1670 1289 po-

203 1278 271 1305 tens
289 1276 409 1315 Roma,
432 1279 546 1318 arripit
563 1280 644 1311 viam
657 1292 714 1321 per
728 1285 830 1322 spatia
857 1286 946 1324 lei,
973 1290 1004 1317 et
1020 1288 1179 1325 trajiciens
1201 1289 1374 1320 Eridanum
1391 1300 1450 1320 uno
1464 1300 1564 1329 cursu,
1588 1291 1669 1331 petit

202 1321 303 1348 castra
316 1319 535 1358 gubernatoris
548 1323 609 1354 sui.
656 1325 732 1355 Tum
741 1326 830 1364 sbrte
842 1337 940 1367 gener
952 1330 1078 1369 pulcher
1096 1331 1268 1363 Honorius
1284 1342 1351 1363 cum
1367 1333 1536 1365 Stilichone
1553 1343 1669 1366 socero

823 1431 1036 1444 “octeno“
1040 1434 1058 1446 ‘-

201 1488 329 1521 Morct.
347 1501 412 1523 sec.
431 1492 554 1525 Petav.
571 1505 623 1535 pr.
640 1496 772 1529 Thuan.
790 1498 917 1530 Mazar.
933 1499 1028 1531 Med.
1046 1505 1155 1542 quart.
1196 1502 1362 1537 Quodlibet
1375 1503 1456 1533 Vat.
1485 1507 1564 1534 tert.
1592 1503 1667 1535 Pal.

200 1531 291 1563 Prie.
310 1533 414 1566 Oisel.
432 1537 509 1567 Vat.
529 1547 578 1577 pr,
595 1548 637 1570 ιιι.
656 1549 704 1579 ρι·.
723 1541 805 1572 Exc.
823 1542 920 1573 Laeti.
957 1543 1097 1578 Quilibet
1117 1545 1169 1575 vel
1184 1545 1349 1580 Quodlibet
1363 1545 1458 1576 Med.
1481 1555 1533 1586 pr.
1571 1546 1666 1581 Qum-

198 1574 273 1605 Iibet
291 1577 343 1606 vel
362 1577 537 1612 Quamlibet
557 1582 638 1612 Var.
657 1582 728 1613 LL.
746 1593 764 1613 e
782 1593 887 1625 marg.
906 1585 1020 1616 Parni.
1054 1588 1178 1625 ingenio
1203 1589 1255 1618 vel
1273 1588 1405 1627 ingenuo
1418 1589 1497 1619 Vat.
1515 1598 1564 1629 pr.
1582 1589 1667 1621 Exc.

199 1616 345 1649 Lucens.
362 1630 414 1659 pr.
437 1622 550 1652 subicit
567 1624 645 1654 Vat.
660 1635 709 1664 pr.
727 1631 761 1656 et
780 1631 863 1658 tert.
882 1628 1036 1659 Florent.
1055 1629 1161 1661 Oisel.
1179 1631 1259 1662 Jun.
1278 1640 1326 1670 pr.
1344 1632 1422 1661 Vat.
1441 1631 1550 1662 Livin.
1568 1632 1666 1664 Leid.

198 1668 249 1698 pr.
268 1660 444 1701 Oxon.pr.
482 1666 642 1705 traditque
659 1668 744 1698 Exc.
761 1669 862 1699 Laeti.
901 1671 1062 1710 traditque
1087 1672 1255 1710 nefandum
1282 1674 1333 1703 ed.
1355 1674 1471 1704 vicet.
1507 1675 1667 1714 traditque

197 1701 253 1731 vel
270 1703 427 1743 traditque
443 1705 590 1736 Florent.
629 1711 795 1739 nocendum
813 1712 896 1741 Lov.
913 1721 954 1741 ιιι.
972 1723 1020 1750 pr.
1038 1715 1132 1744 Leid.
1149 1725 1215 1744 sec.
1232 1725 1275 1744 ιιι.
1294 1725 1344 1752 pr.
1371 1717 1507 1745 Tholos.
1535 1717 1666 1760 Mazar.

197 1743 290 1775 Med.
308 1750 387 1777 tert.
405 1746 469 1776 duo
487 1748 610 1777 Petav.
628 1749 713 1779 Exc.
739 1751 884 1781 Gevart.
921 1755 1087 1783 nocendum
1110 1756 1163 1784 vel
1189 1756 1354 1793 nefandum
1381 1757 1464 1787 Exc.
1493 1757 1570 1789 Pat.
1595 1767 1665 1791 rec.

195 1788 362 1817 nocendum
379 1788 430 1817 vel
446 1788 617 1825 fruendum
634 1790 716 1829 Reg.
734 1792 856 1822 Petav.
874 1797 1035 1832 pr.—367
1060 1796 1112 1826 ille
1136 1796 1329 1827 Gronovius
1357 1798 1389 1828 in
1419 1800 1501 1830 Exc.
1519 1801 1666 1842 Schotti,

197 1829 254 1868 qui
271 1829 476 1868 ascripserat
490 1831 599 1861 locum
619 1831 723 1864 Ovid.
743 1833 785 1864 de
803 1834 879 1866 Art.
898 1844 954 1867 111.
972 1840 1045 1868 657.
1069 1838 1079 1854 ‘
1095 1838 1162 1868 Sed
1178 1840 1281 1869 semel
1309 1845 1360 1870 est
1388 1845 1501 1872 eustos
1528 1842 1664 1883 longum

196 1871 414 1902 redimendus
441 1873 475 1903 in
503 1883 638 1913 annum,
654 1875 754 1916 Saepe
780 1876 888 1916 dabit,
912 1878 1050 1910 dederit
1074 1890 1155 1921 quas
1185 1882 1303 1921 semel,
1331 1882 1388 1913 ille
1413 1884 1665 1917 manus.'——368

195 1913 308 1944 meruit
323 1913 442 1945 Ambr.
462 1925 513 1955 pr.
551 1918 754 1958 meritumque
770 1921 907 1951 laborum
923 1922 1011 1962 conj.
1030 1923 1257 1955 Heins.—370
1280 1926 1410 1966 Accepit
1430 1926 1552 1958 trabeas
1568 1928 1665 1962 Med.

195 1960 305 1995 quart.
343 1962 484 1996 augustoe
510 1960 563 1989 vel
589 1964 713 1999 argutoe
741 1963 929 1994 Low—3⁴71
967 1966 1112 2004 'vulgarat
1129 1967 1210 1998 Jun.
1230 1977 1277 2007 pr.
1315 1969 1390 1999 Eois
1415 1969 1511 2001 Med,
1538 1975 1665 2002 tert.—

195 2001 258 2029 372
282 2000 396 2029 certior
413 2002 538 2032 Moret.
556 2012 626 2034 sce.
665 2006 803 2036 conscias
820 2007 904 2046 Reg.
923 2006 1035 2039 Oxon.
1053 2019 1120 2040 sec.
1138 2020 1181 2041 m.
1200 2013 1357 2050 pr.——373
1394 2012 1582 2052 Eutropiine
1596 2013 1664 2044 Pe-

195 2047 266 2071 tav.
284 2051 352 2072 sec.
392 2043 589 2082 dignabimur
605 2047 684 2077 Vat.
703 2048 812 2079 Livin.
850 2050 1085 2089 dampnabimur
1098 2052 1180 2083 Jun.
1198 2063 1247 2092 pr.
1285 2053 1468 2093 dignabitur
1498 2056 1593 2087 Leid.
1611 2066 1662 2096 pr.

194 2092 237 2114 ιιι.
255 2094 275 2123 ρ
284 2094 309 2115 ι·.
328 2086 408 2116 Var.
426 2087 495 2118 LL.
514 2097 531 2118 e
547 2098 654 2129 marg.
674 2091 786 2121 Parin.
801 2091 881 2123 Ald.
900 2093 1010 2125 Colin.
1029 2098 1064 2124 et
1079 2095 1164 2126 Exc.
1184 2097 1282 2128 Laeti.
1320 2097 1503 2135 dignabitur
1525 2099 1577 2129 vel
1592 2100 1664 2138 dig-

193 2125 336 2157 nabimur
354 2128 464 2159 Oxon.
489 2134 666 2163 sea—374
697 2133 768 2163 Hoc
780 2145 896 2175 quoque
914 2135 1049 2167 Romam·
1065 2137 1177 2169 Oxon.
1197 2148 1246 2178 pr.
1287 2140 1436 2170 Romanis
1457 2141 1535 2172 vat.
1554 2142 1662 2182 quint.

195 2168 310 2199 laboris
339 2169 458 2201 Ainbr.
491 2182 540 2211 pr.
570 2174 664 2205 Med.
696 2180 776 2207 tort.
829 2178 943 2208 doloris
966 2179 1047 2210 Put.
1098 2181 1213 2211 doloris
1238 2183 1292 2212 vel
1324 2183 1438 2213 laboris
1469 2184 1659 2216 Low—375

189 2211 272 2250 petit
289 2212 383 2243 Med.
401 2222 526 2245 sec.n1.
547 2225 598 2254 pr.
637 2218 763 2248 celerem
789 2220 885 2251 Med.
914 2225 994 2252 tert.
1033 2223 1113 2261 coeli,
1140 2225 1278 2265 celerem,
1302 2225 1356 2255 vel
1381 2227 1473 2256 celeri
1499 2227 1579 2258 Vat.
1605 2236 1658 2267 pr.

192 2262 282 2283 cursu
299 2254 419 2286 Petav.
437 2266 503 2287 sec.
528 2267 633 2288 cursus
651 2260 864 2293 Farn.-376
887 2266 1041 2295 translata
1064 2266 1190 2297 Thuan.
1218 2267 1283 2297 duo
1307 2267 1426 2299 Ambr.
1456 2269 1521 2299 inc.
1540 2270 1660 2301 Heins-

192 2297 355 2327 trunslaxa
371 2298 450 2329 Jun.
465 2309 517 2339 pr.
548 2304 742 2340 transgressa
759 2305 837 2335 vat.
856 2310 935 2337 tert.
952 2307 1017 2338 duo
1032 2308 1127 2339 Med.
1145 2310 1231 2349 Reg.
1250 2310 1362 2341 Oxon.
1381 2314 1540 2351 pin—377
1562 2313 1660 2343 victo-

191 2338 238 2368 ris
255 2339 349 2370 Med.
376 2350 445 2372 sec.
483 2343 562 2373 Cum
576 2343 665 2381 forte
691 2344 810 2378 Ambr.
837 2357 905 2380 sec.
922 2349 986 2381 inc.
1005 2350 1126 2382 Heius.
1168 2353 1211 2383 Ut
1228 2353 1323 2384 Med.
1342 2358 1422 2386 tert.
1457 2358 1532 2385 tunc
1555 2355 1657 2388 Fara.

850 2471 995 2503 NOTAE

233 2558 295 2588 371
328 2557 464 2590 Facinus
490 2561 605 2602 Eoum]
653 2564 789 2594 Crimen
818 2564 896 2595 Ori·
952 2571 1034 2606 tem,
1053 2567 1339 2609 Andragathium,
1358 2570 1529 2611 Rufinum,
1544 2573 1612 2603 &c.

190 2607 294 2647 entiS,
324 2610 380 2649 qui
398 2611 600 2652 Eutropium
618 2612 751 2645 fecerat
767 2615 895 2646 Consu-
993 2620 1057 2648 376
1081 2619 1220 2659 Padum]
1266 2621 1314 2651 Ut
1339 2622 1534 2653 Ravennam
1560 2629 1657 2664 pete-

190 2657 267 2690 lem.
950 2672 1016 2707 ret,
1031 2668 1063 2698 in
1080 2679 1146 2710 qua
1161 2671 1242 2702 urbe
1258 2674 1330 2702 tum
1348 2671 1521 2704 Honorius
1537 2673 1654 2705 sedem

232 2711 293 2739 373
319 2711 442 2752 Etiam]
489 2713 575 2745 Post
596 2718 649 2746 tot
665 2720 814 2747 monstra
834 2717 893 2748 do·
948 2718 1082 2752 fixerat.

189 2757 284 2800 mita,
298 2760 498 2806 Maximum,
509 2764 711 2807 Eugenium,
722 2765 893 2808 Argobas·
