1852 3193
248 207 336 252 222

248 315 431 357 Brontes
451 315 686 357 innumeris
708 318 942 368 exasperat
962 312 1108 365 aegida
1129 313 1290 366 signis:

246 381 399 423 Altum
419 383 631 423 fulminea
652 382 843 434 crispare
864 381 908 420 in
931 379 1106 420 casside
1130 393 1286 420 conum

248 449 449 491 Festinat
471 451 704 502 Steropes;
727 449 861 489 nectit
884 449 1065 488 thoraca
1088 448 1367 501 Pyracmon3

247 517 533 571 Ignissuisque
556 517 686 568 gemit
710 516 868 569 Lipare
892 516 1062 556 fumosa
1086 516 1305 556 cavernis.

251 584 393 625 Vobis
421 586 546 625 ionia
570 584 734 624 virides
759 583 997 635 Neptunus
1019 584 1062 622 in
1085 582 1186 636 alga

248 651 399 694 Nutrit
419 666 578 706 equos:
622 652 696 704 qui
719 665 886 692 summa
915 651 1013 691 freti
1036 663 1115 703 per
1136 649 1303 690 coerula
1326 649 1499 703 possint

249 718 377 759 Ferre
397 721 528 765 viani,
553 724 832 771 segetemque
855 719 942 758 levi
964 730 1218 771 percurrere
1241 720 1389 757 motu:

249 786 436 826 Nesciat
456 793 503 827 ut
524 800 725 840 spumas,
747 800 829 827 nec
853 790 1046 839 proterat
1067 786 1230 836 ungula
1250 785 1436 825 culmos.

245 852 274 893 J
279 866 349 893 am
370 854 498 894 video
522 854 756 907 Babylona
777 854 889 906 rapi,
919 852 1214 905 Parthumque
1237 855 1437 891 coactum

721 220 796 251 cL.
831 218 1115 250 CLAUDIANI
1149 217 1239 249 vll.

1630 445 1716 487 196

1633 783 1719 824 200

244 964 357 993 sudant
370 964 403 993 in
420 964 526 993 incude
546 964 678 993 AEtnaea.
725 963 860 993 Brontes
873 963 1021 1002 insculpz't
1038 963 1070 992 in
1085 963 1190 1002 clypeo
1206 961 1298 1000 signa
1314 961 1440 1002 infinita
1454 971 1466 998 ;
1490 960 1637 1000 Steropes
1650 970 1721 999 pro-

243 1009 334 1045 perat
349 1006 531 1035 concinnare
547 1005 579 1034 z'n
588 1006 677 1040 galea
687 1004 875 1041 fulminanti
891 1005 1010 1043 apicem
1026 1005 1184 1034 sublimem
1198 1015 1207 1034 .·
1235 1005 1412 1043 Pyracmon
1426 1003 1555 1042 colligat
1568 1003 1695 1033 loricam
1705 1012 1718 1038 ,·

245 1052 276 1078 et
292 1048 406 1087 Lipare
413 1047 542 1083 fumans
559 1047 658 1084 mugit
674 1047 776 1076 antris
784 1046 998 1085 flammiferis.
1048 1047 1211 1084 Neptunus
1226 1046 1284 1075 alit
1302 1046 1386 1075 vobis
1403 1056 1493 1085 equos
1520 1046 1664 1076 coeruleos
1686 1046 1720 1076 in

245 1091 350 1120 littore
367 1089 466 1125 Ionio,
483 1090 533 1127 qui
551 1090 672 1118 valeant
686 1090 811 1118 tendere
835 1090 897 1117 iter
910 1099 966 1127 per
987 1093 1083 1126 terga
1108 1097 1250 1126 suprema
1268 1089 1362 1117 maris
1374 1089 1493 1125 glauci,
1515 1091 1545 1118 et
1557 1097 1720 1128 pererrare

244 1133 355 1162 cristus
369 1141 460 1161 curru
478 1131 569 1159 ceteri
586 1141 598 1166 ‚·
622 1130 707 1160 adeo
734 1134 768 1159 ut
795 1139 881 1168 seges
892 1140 951 1160 non
964 1130 1079 1159 sentiat
1094 1139 1219 1168 spumas
1235 1139 1244 1164 ,·
1268 1133 1298 1159 et
1309 1131 1403 1168 pedes
1419 1139 1568 1169 equorum
1581 1141 1639 1161 non
1650 1141 1722 1170 pro-

244 1175 362 1204 culcent
373 1173 485 1213 spieaS.
531 1174 605 1203 Jam
619 1182 707 1202 cerno
724 1171 917 1213 Babylonem
934 1173 1063 1211 vastari,
1091 1175 1122 1203 et
1137 1172 1276 1202 Parthos
1285 1172 1427 1203 subactos
1442 1176 1589 1212 metuere,
1603 1173 1720 1213 effugio

871 1246 1107 1258 eeeeeeeeeeee

246 1305 407 1342 exasperet
440 1300 495 1331 ed.
518 1301 628 1331 Parin.
661 1305 696 1331 et
722 1301 946 1331 Vinea—194
970 1300 1087 1330 Artum
1108 1301 1203 1332 Pric.
1241 1302 1380 1342 crispans
1400 1300 1494 1332 Med.
1513 1305 1593 1332 tert.
1631 1311 1725 1332 cornu

246 1346 327 1376 Vat.
359 1348 439 1375 tert.
468 1344 563 1374 Rott.
593 1342 688 1375 Med.
712 1346 870 1383 ρτ.-195
898 1343 1040 1374 Festinet
1057 1343 1155 1375 Rott.
1175 1344 1283 1375 Oisel.
1303 1345 1425 1375 Petav.
1443 1354 1512 1375 sec.
1530 1350 1566 1376 et
1585 1349 1664 1376 tert.
1679 1355 1723 1376 m.

247 1397 299 1428 pr.
332 1387 464 1417 Bonon.
494 1386 611 1417 Ambr.
646 1396 695 1424 pr.
735 1387 915 1425 Pyragmon
934 1387 1014 1417 Pur.
1043 1387 1128 1417 Lov.
1155 1386 1252 1418 Leid.
1275 1397 1342 1417 sec.
1358 1388 1441 1427 Reg.
1461 1387 1527 1417 duo
1545 1388 1673 1418 Moret.
1688 1392 1724 1418 et

248 1431 372 1461 Petav.
401 1429 477 1459 duo.
493 1429 571 1459 edd.
604 1429 716 1460 Vicet.
737 1429 851 1459 Parin.
868 1428 945 1459 Ald.
964 1428 1089 1469 Isingr.
1107 1435 1143 1461 et
1161 1430 1356 1461 aliae.—-196
1379 1429 1537 1469 Ignifluus
1555 1431 1634 1461 Var.
1652 1430 1722 1461 LL.

249 1474 302 1504 ed.
320 1472 424 1503 Antv.
464 1472 673 1511 Igniferisque
707 1471 794 1512 Reg.
820 1472 900 1503 Jun.
935 1481 986 1511 pr.
1017 1472 1128 1503 Oxou.
1146 1483 1197 1512 pr.
1224 1473 1319 1504 Med.
1337 1483 1406 1504 sec.
1445 1473 1570 1512 Lupare
1593 1473 1723 1504 Moret.

249 1525 319 1546 sec.
359 1515 472 1555 Lipate
482 1515 564 1546 Var.
578 1515 644 1544 LL.
662 1514 715 1544 ed.
734 1515 837 1544 Antv.
867 1514 992 1552 furiosa
1011 1514 1107 1546 Med.
1122 1518 1300 1546 sem—197
1325 1516 1358 1546 z'n
1373 1517 1455 1546 uncta
1469 1516 1523 1545 vel
1537 1517 1610 1554 alga
1628 1515 1724 1547 Mea.

248 1560 471 1599 quarn—498
498 1567 547 1587 eos
578 1567 638 1596 pro
666 1566 755 1595 equos
781 1557 862 1587 Vat.
896 1562 976 1588 tert.
1014 1567 1108 1597 equas
1134 1558 1214 1588 Ριιί.
1251 1568 1306 1598 per
1333 1558 1440 1589 nubila
1467 1558 1562 1589 Prie.
1589 1561 1720 1598 possunt

249 1602 475 1631 Orione—199
488 1600 598 1637 jubam
611 1609 673 1640 pro
686 1601 769 1629 viam
786 1600 912 1632 Moret.
926 1610 994 1630 sec.
1012 1601 1174 1631 Heinsius
1205 1601 1414 1641 ascripserat
1433 1610 1480 1632 lv.
1504 1601 1606 1631 Cons.
1626 1601 1719 1631 Hon.

249 1646 323 1674 548.
361 1646 536 1682 segetesque
566 1643 660 1673 Med.
692 1646 871 1673 εει-260
897 1643 1027 1673 Nesciat
1051 1653 1084 1672 os
1108 1653 1231 1682 spumas
1248 1644 1344 1674 Med.
1362 1648 1442 1674 tert.
1481 1643 1582 1683 spicas
1596 1643 1723 1674 Moret.

249 1696 300 1725 pr.
326 1695 369 1715 m.
392 1695 460 1716 sec.
503 1696 540 1715 ne
566 1686 649 1716 Vat.
677 1694 728 1723 pr.
754 1685 856 1715 Farn.
881 1695 940 1715 non
969 1686 1100 1716 Mazar.
1135 1689 1273 1725 proteret
1300 1686 1378 1716 Vat.
1409 1695 1460 1726 pr.
1494 1686 1594 1716 Farn.
1620 1689 1725 1725 prote-

247 1732 305 1767 gat
333 1728 453 1759 Ambr.
484 1731 641 1767 pin—201
668 1729 801 1767 Jamque
826 1728 909 1758 videt
939 1728 1018 1759 vat.
1050 1732 1129 1758 tert.
1162 1729 1256 1759 Rott.
1288 1728 1383 1760 Med.
1413 1738 1481 1758 sec.
1503 1729 1652 1759 Florem.
1680 1738 1724 1760 m.

250 1781 300 1812 pr.
330 1781 435 1811 marg.
464 1770 586 1811 Isingr.
617 1771 777 1801 Heinsius
804 1770 945 1810 corrigit
972 1772 1105 1810 Jamque
1130 1771 1244 1802 riden’.
1262 1771 1310 1802 sic
1328 1772 1509 1812 aliquoties
1537 1771 1627 1811 apud
1645 1772 1724 1802 Val.

917 1857 1057 1888 NOTAE

250 1920 481 1960 Amphitrites
514 1919 587 1956 tilii,
620 1921 767 1951 Vulcani
802 1921 960 1959 ministri,

251 1971 298 2002 sit
316 1971 475 2001 (licuntur
491 1970 551 2000 ἀπὸ
566 1971 624 2000 τοῦ
645 1970 774 2009 κύκλου,
800 1982 819 2002 ιι
834 1971 962 2010 circulo,

1016 1930 1130 1961 caprae
1160 1920 1377 1952 Amaltheae:
1412 1921 1501 1952 unde
1526 1920 1653 1952 dicitur
1670 1920 1725 1950 ,ΖΕ-

1016 1972 1079 2012 gis,
1093 1971 1153 2002 ἀπὸ
1169 1974 1226 2009 τῆς
1242 1971 1340 2011 αἰγὸς,
1355 1983 1372 2003 a
1388 1982 1492 2012 capra.

252 2024 341 2065 quod
372 2024 532 2054 dicantur
559 2024 685 2054 habere
710 2028 843 2054 tantum
858 2032 961 2052 unum

250 2074 399 2111 oculum,
421 2074 513 2104 volut
530 2074 703 2113 ingentem
721 2073 883 2103 circulum
903 2077 962 2102 aut

251 2125 382 2155 orbem.
428 2125 525 2164 Virg.
552 2126 561 2142 ‘
578 2125 731 2164 Argolici
765 2124 877 2165 clypei
903 2129 962 2155 aut

253 2174 415 2205 Phoebeae
434 2175 600 2214 lampadis
616 2175 745 2206 instar.’

297 2226 402 2256 Sicula
415 2226 538 2266 incude]
574 2227 715 2266 AEmaea,
746 2237 821 2267 quae
846 2232 900 2257 est
928 2227 962 2256 in

253 2276 383 2308 Sicilia.

300 2329 359 2357 193
387 2328 534 2363 Brontes,
576 2326 731 2366 Steropes,
773 2327 963 2367 Pyracmon]

253 2377 336 2406 Tres
351 2378 496 2407 Vulcani
515 2377 670 2407 ministri.
717 2379 862 2407 Brontes
879 2377 963 2408 diei-

256 2435 312 2458 tur
329 2426 388 2457 ἀπὸ
414 2428 470 2463 τῆς
494 2428 639 2466 Βροντῆς,
670 2438 688 2457 α
709 2427 850 2457 tonitru:
889 2428 962 2458 Ste—

256 2487 369 2517 ropes,
397 2477 456 2507 ἀπὸ
489 2479 546 2514 τῆς
572 2478 740 2518 Στεροπῆς,
767 2488 786 2507 α
809 2476 963 2516 fulgure:

255 2527 461 2568 Pyracmon,
477 2528 573 2569 quasi
589 2529 658 2569 πῦρ,
671 2528 765 2567 ignis,
793 2532 828 2558 et
849 2527 962 2568 ἄκμων,

255 2578 355 2607 incus.

300 2627 495 2668 Esasperat]
528 2628 697 2669 Asperum
716 2628 829 2659 reddit
847 2628 961 2668 clype-

256 2688 325 2718 um,
343 2679 522 2719 insculptis
542 2679 655 2709 multis
675 2678 790 2718 siguis.

300 2728 434 2768 [Eg-ida]
480 2730 645 2770 Clypeuin
675 2740 682 2759 :
716 2728 811 2769 AEgis
848 2733 962 2759 autem

258 2779 438 2811 erat-lovis
451 2780 604 2819 clypeu5‚
618 2783 797 2810 contextus
812 2788 854 2809 ex
872 2779 962 2819 pelle

1060 2025 1121 2052 194
1148 2024 1295 2063 Crispare
1325 2022 1448 2062 conum]
1497 2021 1725 2063 Concinnare,

1017 2073 1176 2103 attollere
1191 2073 1334 2113 apicem,
1352 2073 1485 2103 cristas.

1061 2126 1123 2154 196
1149 2123 1277 2163 Lipare]
1306 2123 1382 2154 Una
1403 2133 1445 2153 ex
1462 2122 1578 2154 insulis
1596 2121 1725 2161 AEoliis,

1017 2172 1153 2204 officina
1168 2173 1327 2204 Vulcani.

1062 2227 1122 2254 197
1149 2225 1313 2262 Neptunus
1328 2222 1428 2253 nutrit
1449 2221 1553 2261 equos]
1591 2221 1725 2252 Primus

1018 2282 1183 2313 equorum
1202 2279 1337 2302 creator
1360 2277 1461 2312 atque
1490 2271 1637 2302 domitor
1666 2282 1724 2302 vo-

1017 2322 1067 2353 bis
1096 2322 1157 2352 alit
1188 2332 1292 2362 equos
1323 2322 1611 2361 generosissimos.
1659 2322 1724 2353 Cui

1018 2375 1195 2413 Neptuno,
1228 2383 1270 2403 ex
1298 2374 1453 2413 Virgilio,
1485 2374 1495 2390 ⁴
1515 2374 1625 2413 prima
1658 2374 1725 2405 spe-

1018 2429 1165 2454 mentem
1194 2424 1298 2454 Fudit
1324 2434 1448 2463 equum
1475 2424 1577 2454 tellus
1600 2433 1724 2464 magno

1018 2474 1369 2514 percussati·ide11te.’

1059 2524 1158 2563 Alga]
1183 2525 1246 2554 Est
1259 2525 1362 2554 herba
1377 2524 1518 2554 marina.

1060 2575 1164 2614 Ionia]
1186 2574 1276 2605 Asia?
1290 2574 1430 2604 minoris
1446 2573 1550 2614 regio,
1576 2573 1652 2604 coeli
1667 2574 1724 2604 bo·

1010 2626 1127 2666 ,nitate
1165 2630 1201 2655 et
1239 2626 1322 2655 situs
1360 2624 1604 2655 commoditate
1635 2625 1725 2656 cele-

1018 2676 1128 2707 brata.

1060 2728 1120 2755 201
1138 2724 1313 2765 Babylona]
1329 2724 1495 2765 Babylon,
1507 2724 1625 2766 (vulgo
1635 2726 1725 2765 Bag-

1016 2777 1083 2816 dat,
1095 2786 1169 2817 quae
1187 2776 1268 2807 urbs
1282 2781 1412 2807 mutato
1425 2777 1499 2807 loco
1514 2776 1721 2815 sic.dicitur;
