1857 3177
544 230 606 259 DE
640 227 797 258 BELLO
828 226 1115 259 GlLDONlCO.

1486 218 1572 261 415

117 325 205 367 Per
224 326 397 366 diversa
416 328 541 366 ruunt
561 326 754 365 sinuosae
776 325 923 366 littora
943 328 1084 365 terrae.

116 393 228 434 Pars
249 392 342 432 adit
363 393 539 445 antiqua
560 392 713 432 ductos
737 391 994 440 Carthagine
1016 391 1174 432 Sulcos
1193 404 1202 431 :

116 460 293 501 Partem
314 459 485 500 littoreo
507 460 812 512 complectitur
833 457 965 498 Olbia
987 472 1128 499 muro.

117 526 235 567 Urbs
256 526 441 578 Libyam
461 532 618 566 eontra
638 526 774 579 Tyrio
793 524 973 565 fundata
996 526 1162 578 potenti

1490 524 1574 566 520

115 592 326 633 Tenditur
349 594 390 632 in
414 593 594 644 longum
615 592 799 640 Caralis,
823 596 1084 645 tenuemque
1107 605 1187 645 per
1208 591 1346 633 undas

117 658 266 700 Obvia
285 660 461 701 dimittit
483 660 718 700 fracturum
742 658 918 699 flumina
939 658 1110 699 collem.

118 726 317 768 Efficitur
338 734 488 781 portus
507 727 696 767 medium
718 738 833 766 mare
852 737 861 763 :
896 729 1076 778 tutaque
1099 726 1240 766 ventis

117 793 333 836 Omnibus
356 795 518 847 ingenti
539 797 847 834 mansuescunt
867 796 1018 845 stagna
1040 805 1230 832 recessu.

120 861 253 902 Hane
275 862 392 902 omni
414 861 576 914 petiere
598 872 743 909 manu,
765 859 994 913 prorisque
1013 858 1202 899 reductis

116 979 189 1006 runt
202 975 332 1006 detortis
347 975 483 1014 navibus,
496 977 570 1006 eunt
592 985 646 1015 per
660 975 749 1005 varia
763 974 871 1005 littora
887 978 980 1005 terrae
995 977 1140 1004 curvutoe.

1493 858 1579 901 525

1198 974 1283 1005 Pars
1308 974 1453 1006 militum
1476 975 1575 1008 intrat

117 1019 227 1049 Sulcos
241 1019 379 1049 conditos
393 1027 412 1049 a
429 1018 642 1056 (Jurmag-ine:
679 1017 771 1047 Olbia
783 1017 897 1056 recepit
919 1020 1041 1056 purtem
1057 1017 1201 1048 militurn
1220 1017 1252 1047 in
1270 1018 1417 1048 moenibus
1431 1018 1578 1049 littoreis.

121 1060 202 1092 Urbs
216 1062 339 1091 Cularis
355 1071 369 1091 e
383 1062 508 1099 regione
520 1060 629 1100 Libyae
644 1062 803 1090 exstructa
818 1070 836 1090 a
850 1059 1159 1098 Carthaginiensibus
1172 1059 1347 1099 potentibus
1358 1060 1535 1099 porrigitur
1546 1061 1580 1091 in

116 1104 254 1142 longum,
278 1107 306 1134 et
330 1104 467 1143 oppositu
491 1103 647 1142 protendit
671 1112 726 1142 per
741 1112 835 1142 aquas
850 1104 981 1131 montem
996 1102 1146 1138 exiguum
1160 1105 1322 1142 rupturum
1338 1106 1462 1132 ventos.-
1494 1112 1578 1133 mure

118 1146 333 1176 intermedium
346 1146 390 1186 fit
405 1148 529 1185 portus:
563 1148 593 1175 et
607 1148 719 1183 stagna
737 1145 838 1175 maris
863 1143 988 1182 defensa
1014 1155 1032 1174 a
1058 1145 1157 1174 ventis
1179 1145 1317 1175 omnihus
1337 1147 1485 1176 sedantur
1500 1155 1577 1177 cum

117 1198 235 1220 secessu
250 1198 376 1227 magno:
411 1188 533 1218 milites
550 1190 622 1218 eunt
649 1188 682 1218 in
707 1188 784 1218 hanc
803 1187 919 1217 urbem
935 1196 1003 1217 cum
1019 1188 1101 1217 ouini
1116 1188 1244 1227 impetu,
1269 1191 1298 1218 et
1321 1188 1425 1228 proris
1440 1188 1575 1219 navium

736 1284 972 1300 eeeeeeeeeeee

109 1353 243 1392 jactatis
259 1358 325 1384 vet.
343 1353 427 1393 Gyr.
456 1353 547 1383 simul
563 1351 680 1383 Ambr.
700 1361 752 1392 pr.
768 1351 890 1383 Sched.
907 1350 1106 1382 Gud.—517
1129 1351 1259 1382 sinuoso:
1276 1350 1470 1387 velsumosoe
1483 1351 1576 1383 Prie.

119 1400 226 1427 -518
239 1396 345 1427 Sulcos
357 1397 433 1427 Yat.
451 1405 499 1435 pr.
515 1401 551 1426 et
567 1400 645 1426 tert.
657 1396 764 1427 Oisel.
783 1395 909 1425 Mazar.
926 1399 995 1425 vet.
1010 1394 1093 1435 Gyr.
1106 1394 1189 1425 Var.
1210 1394 1276 1424 LL.
1294 1394 1346 1424 ed.
1360 1393 1464 1424 Antv.
1490 1395 1582 1425 illau-

117 1449 166 1469 ros
182 1440 260 1469 vVat.
278 1441 384 1480 quint.
431 1448 531 1468 muros
546 1439 624 1468 Vat.
642 1448 709 1469 sec.
727 1438 799 1468 Pal.
817 1438 916 1468 Fam.
934 1437 1026 1468 Prie.
1048 1438 1142 1468 uoti.
1160 1436 1226 1466 duo
1243 1437 1355 1467 Oxon.
1375 1436 1442 1466 duo
1460 1437 1580 1469 Leidd.

119 1492 220 1512 muros
237 1482 288 1511 vel
304 1482 401 1513 sulcos
417 1482 607 1511 Pan—519
633 1481 727 1511 Olbia
743 1480 857 1511 Ambr.
875 1484 956 1511 tert.
983 1479 1076 1509 Olvia
1093 1485 1162 1510 vet.
1179 1479 1265 1519 Gyr.
1303 1479 1383 1509 Ouia
1401 1479 1479 1510 Pat.
1517 1480 1580 1510 Ob-

120 1525 169 1555 biu
185 1525 261 1555 Vnt.
281 1534 329 1564 pr.
357 1525 456 1554 obi-iu
475 1530 543 1553 tres
561 1524 656 1554 Vatt.
679 1524 752 1555 Pal.
770 1524 870 1554 Farn.
885 1522 978 1552 Prie.
998 1523 1092 1553 Rott.
1110 1522 1218 1553 Oisel.
1235 1521 1347 1552 Vicet.
1364 1522 1580 1562 A1‹1.1singr.

118 1569 223 1597 —520
246 1570 353 1597 contra
371 1567 499 1607 Libyam
515 1567 747 1597 'stiuam—521
776 1566 898 1595 Caralis
913 1565 979 1595 duo
996 1564 1090 1595 Med.
1108 1565 1187 1595 Pnt.
1205 1565 1336 1594 Bouou.
1357 1564 1433 1593 Par.
1446 1565 1580 1595 ΊῚιοΙοε.

120 1609 238 1639 Ambr.
257 1620 307 1649 pr.
326 1610 380 1640 ed.
399 1610 510 1649 Yieet.
535 1609 667 1638 Karalis
684 1609 762 1638 Vat.
782 1613 860 1639 tert.
878 1607 973 1638 Med.
993 1617 1042 1645 pr.
1060 1617 1145 1636 unus
1164 1606 1285 1637 Heius,
1323 1607 1442 1636 Feralis
1458 1607 1582 1637 Petav.

121 1662 170 1692 pr.
197 1652 329 1681 Cur-abis
344 1652 450 1682 Oisel.
478 1651 600 1680 calaris
618 1651 710 1680 Prie.
729 1651 879 1681 Florent.
897 1650 962 1680 inc.
981 1649 1102 1679 Heius,
1116 1650 1198 1678 Var.
1219 1649 1285 1678 LL.
1303 1657 1321 1677 e
1339 1658 1444 1688 marg.
1465 1648 1581 1679 Parin.

123 1695 245 1725 Coralis
260 1693 352 1724 Med.
370 1703 437 1722 see.
480 1696 642 1732 tenuesque
656 1693 734 1723 Put.
777 1692 865 1722 urbes
880 1692 961 1722 Lov.
977 1701 1019 1720 m.
1037 1700 1085 1730 pr.
1122 1690 1244 1720 umbras
1257 1691 1336 1720 Vat.
1355 1696 1436 1721 tert.
1468 1692 1581 1722 undum

119 1736 217 1767 Med.
236 1741 317 1767 tert.
336 1735 415 1766 Ald.
439 1736 536 1765 undas
552 1735 671 1774 viginti
688 1739 766 1764 octo
786 1733 893 1764 Codd.
912 1733 965 1764 ed.
982 1733 1205 1763 vicen—522
1232 1733 1312 1763 Onia
1330 1733 1407 1764 Pat.
1443 1734 1582 1764 demittit

121 1778 216 1809 Med.
234 1788 300 1810 sec.
316 1778 394 1809 Vat.
412 1783 491 1808 tert.
508 1777 671 1814 sucturum
688 1777 795 1808 Oisel.
813 1777 907 1807 Leid.
925 1785 994 1805 sec.
1007 1775 1145 1814 flumina
1163 1776 1261 1805 Farn.
1276 1776 1369 1806 Med.
1388 1786 1436 1815 pr.
1453 1777 1582 1807 Tliuau.

123 1821 252 1852 Mazar.
271 1821 386 1852 Ambr.
405 1830 454 1860 pr.
474 1821 595 1850 Petav.
614 1829 682 1849 see.
700 1819 778 1849 Pat.
793 1819 925 1848 Tliolos.
939 1822 1008 1847 vet.
1027 1816 1108 1856 Gyr.
1124 1816 1259 1856 flamina
1275 1817 1472 1858 velflumina
1489 1819 1585 1857 Prie.

122 1867 228 1894 —523
252 1868 401 1903 raptaque
424 1862 551 1893 Moret.
577 1864 735 1900 pr.—-5·24
759 1860 906 1899 urguenti
931 1860 1062 1889 'l'huan.
1089 1859 1210 1889 Petav.
1240 1864 1320 1890 tert.
1363 1869 1440 1890 saxa
1463 1859 1581 1892 Ambr.

121 1916 189 1937 sec.
214 1916 337 1936 recursu
355 1905 405 1935 vel
423 1913 540 1935 recessu
556 1904 669 1935 Oxou.
687 1905 864 1934 sem—525
884 1901 962 1932 mari
980 1911 1041 1941 pro
1054 1911 1145 1932 manu
1160 1901 1238 1932 Pat.
1262 1902 1382 1932 reducti
1405 1902 1500 1933 Med.
1513 1911 1581 1934 sec.

787 1988 926 2021 NOTAE

165 2069 226 2098 517
242 2065 381 2097 Sinuosae
397 2064 506 2104 terroe]
531 2064 826 2101 Circumeunt,ru-

123 2123 252 2158 uutque
270 2126 332 2156 per
348 2116 481 2146 diversa
498 2115 613 2145 littora
629 2118 743 2152 terra‘,
770 2122 826 2143 va-

123 2167 183 2198 riis
201 2166 409 2197 anfractibus
427 2166 546 2206 plenae.

164 2220 228 2248 518
244 2215 365 2256 sulcos]
392 2216 516 2246 Urbem
533 2213 697 2245 Sardiniae
714 2222 732 2243 a
745 2213 826 2244 Car-

122 2267 391 2308 thaginiensibus
407 2265 592 2297 conditam.
628 2263 696 2295 Alii
708 2263 828 2295 dicunt

122 2317 263 2355 Salaros,
279 2323 314 2347 et
344 2317 476 2347 Plinius
501 2315 599 2356 hujus
623 2315 716 2346 urbis
738 2315 834 2346 inco--

119 2368 183 2407 las,
198 2367 409 2398 Sulchz'ranos.

166 2420 230 2449 519
256 2416 365 2456 Olbia]
401 2416 465 2446 Vel
486 2415 694 2456 Ulbia,Urbs
708 2414 827 2446 itidem

122 2467 301 2506 Sardiniae,
315 2466 439 2507 recipit
455 2466 579 2497 milites
604 2466 637 2496 in
661 2465 728 2496 suis
750 2475 827 2495 moe-

121 2518 219 2549 nibus
232 2518 273 2548 ad
288 2518 383 2548 littus
396 2516 591 2556 exstructis,
603 2516 747 2557 ideoque
760 2515 830 2546 dic-

122 2566 167 2598 tis
183 2567 328 2597 littoreis.

167 2619 230 2647 520
256 2616 365 2657 Tyrio]
398 2615 487 2647 Urbs
503 2615 641 2648 condita
656 2626 675 2646 a
688 2615 828 2646 Cartha-

124 2665 342 2707 giniensibus,
357 2667 413 2706 qui
438 2676 480 2697 ex
504 2666 680 2697 Phoenicia
695 2665 829 2697 oriundi

126 2721 217 2754 sunt,
231 2716 288 2747 ubi
306 2717 386 2748 urbs
399 2717 520 2756 Tyrus.

170 2769 231 2798 521
259 2766 399 2807 Caralis]
408 2767 473 2798 Vel
485 2767 620 2806 Galaria,
629 2765 829 2806 metropolis

879 2060 1057 2100 Sardiniae,
1083 2061 1210 2101 optimo
1233 2060 1500 2102 portuinsignis‚
1516 2072 1581 2103 quo

880 2122 984 2143 naves
1019 2111 1162 2143 Honorii
1200 2112 1398 2142 convenisse
1435 2116 1584 2143 testatur

880 2162 1099 2194 Claudianus.
1151 2163 1249 2193 Floro
1294 2161 1421 2193 Calatis
1458 2161 1585 2193 dicitur

882 2214 891 2230 ‘
909 2214 991 2244 urbs
1009 2212 1165 2243 urbium.'

923 2266 986 2294 522
1025 2261 1190 2302 Dimittit]
1243 2261 1426 2292 Protendit
1462 2261 1584 2292 collem

881 2314 975 2344 velut
992 2312 1273 2353 promontorium,
1285 2317 1406 2342 contra
1421 2311 1585 2351 impetum

880 2368 1071 2395 ventorum.

923 2417 986 2446 523
1013 2414 1155 2445 Medium
1171 2411 1268 2450 mure]
1302 2411 1368 2442 Sed
1386 2411 1475 2452 quod
1493 2412 1584 2443 inter

882 2464 1014 2502 urbem,
1030 2468 1066 2494 et
1077 2463 1199 2493 collem
1216 2462 1310 2492 illurn
1325 2461 1584 2502 prominentem,

884 2520 1020 2555 portum
1037 2513 1116 2544 facil
1135 2511 1357 2543 commodum.

926 2568 988 2596 525
1026 2563 1131 2603 Hanc]
1176 2562 1321 2593 Calarim
1347 2560 1435 2590 omni
1461 2563 1585 2591 conatu

884 2621 1003 2656 petere
1019 2612 1242 2645 contendunt.

926 2663 1092 2704 Reductis]
1125 2661 1239 2693 Proris
1254 2659 1451 2691 retroversis
1467 2668 1586 2690 versus

883 2725 989 2756 mai-e,
1012 2715 1098 2747 adeo
1114 2717 1151 2744 ut
1168 2721 1299 2754 puppes
1315 2711 1348 2742 in
1364 2715 1458 2742 terra
1483 2708 1587 2751 figan-

884 2768 951 2797 tur.
