1857 3177
596 211 645 242 ΙΝ
682 208 914 242 RUFlNUM
951 208 1045 238 Lm.
1079 207 1112 237 Ι.
1527 198 1584 239 97

124 311 154 353 J
159 310 283 358 ussit,
307 312 350 349 et
371 308 595 349 obstantes
617 306 661 346 in
683 309 848 358 tergum
867 303 1027 357 repulit
1047 300 1224 355 hydros,

130 380 302 432 Perque
326 377 530 417 humeros
549 387 689 414 errare
710 372 854 414 dedit:
888 376 978 412 tum
1002 369 1134 411 corde
1155 369 1237 409 sub
1261 367 1349 408 imo

128 446 350 486 Inclusam
369 442 533 484 rabidis
554 442 762 495 patefecit
781 441 966 481 vocibus
988 440 1122 480 iram:

186 513 363 554 Siccine
384 509 621 563 tranquillo
644 508 825 562 produci
847 508 1015 549 saecula
1036 517 1185 556 cumn,
1527 506 1584 547 4.)

128 579 204 620 Sic
226 579 464 625 fortunatas
485 577 701 630 patiemur
721 577 866 616 vivere
886 576 1069 627 gentes?

129 646 245 697 Quae
268 657 383 686 nova
404 644 644 696 corrumpit
664 648 839 683 nostros
862 641 1092 682 clementia
1110 653 1252 681 mores
1269 641 1286 681 Τ

129 716 233 765 Quo
254 713 398 753 rabies
420 712 574 751 innata
594 710 738 763 perit?
771 709 876 762 quid
896 709 1045 749 inania
1066 713 1252 761 prosunt

128 780 352 822 Verbera?
385 778 488 832 quid
511 778 684 819 facibus
704 777 1001 831 nequicquam
1024 777 1235 828 cingimur
1254 776 1389 817 atris?

129 848 234 889 Heu
254 847 384 888 nimis
404 846 592 899 ignavae,
617 858 729 898 quas
749 843 930 896 Jupiter
950 848 1068 885 arcet
1090 843 1301 899 Olympo,
1532 844 1589 884 50

126 914 409 956 Theudosius
431 914 575 954 terris.
637 912 703 953 En
726 925 855 952 aurea
874 913 1073 953 nascitur
1094 916 1218 956 aetas.

125 982 193 1023 En
214 983 358 1036 proles
381 982 561 1035 antiqua
580 981 704 1024 redit.
767 980 1028 1030 Concordia,
1050 980 1222 1030 Virtus,

130 1050 332 1104 Cumque
354 1050 462 1092 Fide
484 1051 639 1092 Pietas
659 1051 748 1091 alta
769 1050 940 1091 cervice
961 1053 1185 1101 vagantur,

129 1161 294 1202 officientes
318 1160 395 1198 sibi,
410 1171 446 1192 ac
470 1160 612 1201 permisit
637 1159 677 1190 iis
701 1160 812 1199 vagari
832 1169 888 1199 per
912 1160 1075 1190 humeros:
1108 1162 1180 1189 tunc
1200 1158 1333 1189 ostendit
1357 1158 1458 1189 verbis
1473 1159 1589 1190 insanis

122 1204 264 1241 furorem
275 1205 410 1234 clausum
425 1203 479 1234 sub
495 1205 558 1233 alto
581 1206 714 1243 pectore.
758 1203 809 1233 An
827 1203 872 1232 ita
886 1203 1020 1234 sinemus
1034 1211 1130 1234 annos
1152 1201 1232 1232 elabi
1253 1204 1337 1232 motu
1361 1199 1504 1241 placido?
1537 1201 1591 1233 Ita

128 1247 274 1277 sinemus
289 1247 415 1288 populos
430 1247 532 1277 vivere
551 1243 686 1282 felices?
719 1254 862 1285 quorsum
877 1245 1071 1282 indulgentia
1085 1244 1204 1274 insueta
1219 1244 1366 1283 depravat
1382 1248 1501 1274 nostros
1523 1245 1590 1275 ani-

129 1288 219 1320 mos?
251 1299 392 1329 quorsum
399 1288 518 1325 feritas
533 1287 687 1318 naturalis
701 1285 840 1317 desinit?
874 1288 948 1326 quid
963 1287 1095 1326 flagella
1112 1296 1190 1316 rana
1204 1284 1358 1325 prosunt?
1391 1296 1445 1316 cur
1463 1286 1593 1323 frustra

129 1341 288 1361 armamur
303 1332 393 1361 tardis
408 1328 534 1368 nigris?
557 1330 596 1359 oh
607 1329 622 1359 !
645 1329 776 1359 nimium
792 1329 906 1359 inertes
918 1338 1042 1366 snmus,
1057 1339 1132 1368 quas
1147 1329 1276 1367 Jupiter
1291 1329 1418 1368 expellit
1443 1337 1484 1357 ex
1509 1330 1593 1367 coelo,

131 1373 322 1406 Theodosius
347 1383 389 1403 ex
416 1373 521 1402 terris.
579 1372 659 1402 Ecce
673 1372 816 1402 stet-ulum
833 1381 960 1401 aureum
975 1371 1077 1401 oritur
1087 1381 1097 1401 .·
1126 1380 1192 1400 ecce
1203 1371 1338 1410 priscum
1351 1380 1452 1410 genus
1465 1370 1595 1401 rererti-

128 1418 191 1447 tur.
239 1415 421 1452 Concordia,
441 1415 562 1455 Virtus,
576 1417 605 1445 et
630 1414 740 1445 Pietas
754 1424 821 1444 cum
837 1414 916 1444 Fide
931 1414 1075 1445 incedunt
1091 1417 1190 1444 erecto
1212 1413 1325 1453 capite,
1341 1416 1370 1443 ct
1386 1416 1513 1444 cantant
1530 1414 1591 1444 rie-

743 1499 977 1511 eee‘eeaeeeaeae‘

131 1566 175 1598 ad
193 1565 405 1608 [singu—42
430 1569 569 1597 errantes
580 1565 662 1596 Var.
680 1565 747 1596 LL.
765 1563 820 1594 ed.
839 1563 942 1595 Antv.
960 1573 978 1593 a
994 1573 1037 1595 m.
1052 1573 1103 1605 pr.
1145 1573 1164 1593 a
1185 1565 1310 1603 pectore
1334 1563 1433 1594 Farn.
1477 1571 1594 1601 angues

131 1609 211 1641 Vat.
230 1613 387 1649 quatuor,
413 1609 487 1640 Pal.
514 1609 616 1640 Fam.
644 1607 738 1638 Pric.
766 1606 865 1638 Rott.
893 1611 928 1638 et
953 1606 1060 1637 Oisel.
1093 1605 1206 1648 hydros
1222 1605 1334 1636 Oxon.
1352 1607 1487 1646 pr.——43
1503 1604 1595 1642 jubet

132 1652 217 1684 Exc.
235 1652 321 1684 Cod.
339 1652 457 1683 Rliem.
501 1655 568 1682 tum
582 1651 711 1682 Moret.
744 1653 816 1681 tune
832 1651 940 1681 ceteri
956 1659 1084 1685 omnes,
1109 1654 1143 1680 et
1172 1650 1252 1680 Exc.
1271 1649 1415 1679 Lucens.
1449 1649 1522 1678 dum
1537 1647 1593 1679 ed.

133 1695 355 1726 θήκῃ-44
380 1694 498 1725 rabidis
513 1699 581 1725 tres
607 1695 686 1725 Vat.
713 1693 780 1724 duo
803 1693 924 1724 Ambr.
952 1693 1019 1723 duo
1046 1692 1141 1723 Med.
1168 1692 1260 1723 Prie.
1287 1692 1419 1722 Tlman.
1446 1695 1515 1721 vet.
1538 1691 1594 1722 ed.

131 1737 249 1769 Parm.
267 1744 302 1768 et
319 1738 434 1768 vicet.
481 1737 601 1777 rapidis
616 1737 747 1778 reliqui.
789 1735 909 1766 rabidis
930 1736 981 1766 vel
998 1735 1117 1776 rapidis
1134 1735 1215 1766 Put.
1252 1734 1401 1772 soricibus
1417 1734 1535 1774 anae.
1552 1733 1595 1764 ad

131 1780 340 1821 bingin—45
365 1784 502 1821 tempora
528 1780 647 1811 Ambr.
674 1789 726 1819 pr.
749 1779 873 1817 soedero
888 1779 1021 1810 Tlman.
1053 1779 1165 1809 soecula
1188 1778 1241 1808 vel
1258 1781 1394 1817 tempora
1411 1776 1524 1807 Oxon.
1543 1786 1596 1816 pr.

131 1824 208 1854 luxu
225 1824 328 1854 Farn.
362 1833 453 1854 cursu
470 1823 650 1854 Rom-47
677 1823 746 1858 Quo
763 1822 894 1852 Bonon.
909 1822 1043 1852 Tholos.
1059 1822 1139 1852 Vat.
1157 1825 1265 1862 quart.
1282 1821 1365 1851 Lov.
1383 1819 1450 1849 duo
1474 1819 1597 1852 Petav.

129 1866 210 1897 Vat.
228 1866 339 1897 Livin.
357 1871 393 1896 et
410 1865 506 1897 Leid.
523 1876 591 1897 see.
619 1876 638 1896 a
665 1876 709 1896 m.
728 1875 780 1905 pr.
797 1865 879 1896 item
906 1865 990 1895 Exc.
1006 1864 1148 1895 Gevart.
1187 1864 1234 1894 ita
1249 1863 1356 1893 edidit
1374 1862 1480 1894 Gesn.
1517 1861 1596 1897 Quoe

133 1911 203 1939 tres
230 1909 311 1940 Vat.
337 1909 413 1941 Pal.
440 1909 543 1939 Farn.
571 1908 664 1939 Prie.
694 1908 787 1939 Rott.
834 1908 912 1943 Qua>
929 1907 982 1938 vel
1001 1907 1069 1941 Quo
1095 1906 1209 1937 Oxon.
1235 1915 1287 1945 pr.
1305 1906 1384 1936 l’ut.
1402 1905 1524 1935 Petav.
1543 1910 1596 1944 pr.

133 1951 271 1990 corrupit
288 1951 407 1982 Ambr.
425 1961 476 1991 pr.
494 1952 562 1982 duo
578 1951 673 1982 Med.
690 1951 769 1981 vat.
792 1960 860 1981 sec.
877 1950 971 1982 Prie.
994 1955 1063 1980 vet.
1081 1949 1134 1979 ed.
1151 1949 1267 1979 Parm.
1285 1953 1319 1978 et
1337 1948 1448 1978 Pulm.
1474 1946 1597 1988 reliqui

134 1993 314 2033 corrumpit.
338 1993 505 2032 corrumpit
523 1994 575 2023 vel
591 1994 741 2033 corripuit
755 1994 834 2023 Vat.
853 1993 962 2033 quint.
985 1992 1140 2022 dementia
1165 2001 1226 2030 pro
1240 1990 1398 2021 clementia
1414 1990 1544 2020 Bouon.
1561 1993 1598 2020 et

134 2036 356 2066 'Pholus—48
381 2035 465 2070 Quid
482 2036 576 2066 Med.
606 2040 716 2076 quart.
745 2040 779 2066 et
807 2036 891 2065 Exc.
918 2035 1150 2065 Lucens.-—49
1171 2033 1358 2072 stringimur
1373 2033 1425 2062 vel
1442 2031 1599 2070 cingimur

136 2079 224 2108 alter
243 2079 367 2108 Moret.
415 2078 609 2117 accingimur
631 2078 849 2108 Thoans-“50
873 2077 974 2106 minus
997 2076 1052 2107 ed.
1078 2077 1193 2107 Vicet.
1238 2076 1358 2114 ignarce
1384 2075 1509 2105 Mosei.
1537 2074 1597 2105 alt.

134 2121 246 2158 ignare
265 2120 343 2151 Ala.
367 2121 496 2160 Jupiter
511 2124 594 2151 arcet
614 2122 745 2161 Olympo
761 2120 846 2150 Exn.
865 2120 1008 2150 Lucens.
1031 2120 1103 2149 coelo
1119 2129 1194 2158 quas
1208 2120 1241 2149 J.
1257 2121 1341 2152 arcet
1360 2118 1485 2148 Moret.
1502 2125 1598 2156 pr:—

135 2166 175 2193 51
205 2164 392 2194 Theodosias
407 2164 489 2193 Mss.
508 2163 696 2193 Theudosius
712 2164 795 2194 Eme.
815 2163 910 2193 Laeti.
943 2161 1105 2192 Θευδόσιος
1118 2162 1291 2201 Gyr.——52
1318 2161 1368 2192 En
1384 2168 1498 2189 omnes
1513 2158 1597 2190 Mss.

138 2207 182 2239 Et
207 2206 288 2237 Ald.
317 2206 452 2237 Claver.
479 2215 586 2247 marg.
608 2206 730 2246 lsingr.
766 2208 843 2236 oetas
861 2214 921 2246 pro
941 2206 1042 2245 proles
1057 2205 1142 2235 Exc.
1158 2203 1212 2234 ed.
1230 2203 1421 2237 Arum-53
1444 2203 1600 2242 vagantur

795 2292 824 2323 N
832 2291 934 2322 0⁷1*AE

133 2364 210 2399 bem
227 2363 301 2404 ipsa
315 2363 440 2394 Alecto
457 2367 614 2404 tanquam
630 2362 839 2403 Imperatrix
935 2363 978 2392 49
1020 2360 1172 2400 Verbera]
1217 2358 1454 2390 Credebantur
1484 2357 1598 2388 Furiae

133 2419 250 2446 tacere
258 2414 377 2454 jussit.
893 2411 1093 2443 verberibus
1110 2410 1241 2451 agitare
1256 2408 1408 2439 homines
1429 2407 1599 2438 conscele-

177 2468 219 2496 42
258 2464 404 2505 Hydros]
448 2465 543 2497 Quos
571 2464 682 2495 Furiae
710 2462 840 2493 habent
893 2468 995 2495 ratos.
1041 2463 1082 2494 Id
1095 2462 1186 2503 quod
1204 2461 1361 2499 designat
1378 2458 1600 2490 conscientia

135 2526 196 2556 pro
210 2516 373 2548 crinibus.
418 2516 528 2552 Furiis
549 2520 661 2546 autem
689 2514 839 2545 tribuun-
893 2514 1058 2546 stimulos.

136 2572 193 2598 tur
219 2572 410 2608 serpentes,
425 2568 469 2597 ob
497 2567 640 2597 consilia
664 2563 838 2606 pestifera,
936 2567 977 2595 50
1018 2563 1166 2604 Olympo]
1213 2561 1379 2601 Olympus
1415 2564 1466 2589 est
1503 2567 1599 2590 mons

137 2626 211 2657 quae
226 2627 407 2658 suggerere
422 2617 608 2658 finguntur.
893 2615 1079 2646 Thessaliae
1108 2613 1303 2651 altissimus,
1330 2610 1386 2651 qui
1414 2619 1475 2649 pro
1505 2609 1600 2641 Coelo

181 2670 222 2698 46
252 2668 306 2700 Sic
320 2669 518 2708 fortunatos]
560 2668 690 2699 Dolent
716 2667 842 2706 Furiae,
894 2665 1051 2696 sumitur.

141 2727 217 2752 rum
246 2719 390 2758 populos
424 2719 541 2750 vident
575 2718 708 2750 felicem
740 2718 840 2750 vitam
938 2719 976 2746 51
1028 2714 1230 2754 Theudosius]
1285 2712 1356 2743 Sub
1405 2711 1600 2753 principatu

139 2776 251 2808 agere.
895 2765 1076 2798 Theodosii
1093 2763 1249 2797 refloruit
1264 2772 1357 2805 resp.
1371 2763 1536 2795 Romana.

225 2820 339 2862 Delph.
354 2823 384 2851 et
405 2820 480 2852 Var.
498 2820 583 2852 clus.
814 2819 930 2851 Claud.
1480 2815 1515 2849 G
