<?xml version="1.0" encoding="UTF-8"?>
<!DOCTYPE html PUBLIC "-//W3C//DTD XHTML 1.0 Transitional//EN"
    "http://www.w3.org/TR/xhtml1/DTD/xhtml1-transitional.dtd">
<html xmlns="http://www.w3.org/1999/xhtml" xml:lang="en" lang="en">
 <head>
  <title>
</title>
<meta http-equiv="Content-Type" content="text/html;charset=utf-8" />
  <meta name='ocr-system' content='tesseract 3.04.00' />
  <meta name='ocr-capabilities' content='ocr_page ocr_carea ocr_par ocr_line ocrx_word'/>
</head>
<body>
  <div class='ocr_page' id='page_1' title='image "./operaomniaexedit01clauuoft_0080.png"; bbox 0 0 1842 3193; ppageno 0'>
   <div class='ocr_carea' id='block_1_1' title="bbox 241 202 1200 244">
    <p class='ocr_par' dir='ltr' id='par_1_1' title="bbox 241 202 1200 244">
     <span class='ocr_line' id='line_1_1' title="bbox 241 202 1200 244; baseline -0.002 -1"><span class='ocrx_word' id='word_1_1' title='bbox 241 202 299 243; x_wconf 78' lang='lat'>62</span> <span class='ocrx_word' id='word_1_2' title='bbox 742 213 817 244; x_wconf 71' lang='lat' dir='ltr'>cn.</span> <span class='ocrx_word' id='word_1_3' title='bbox 852 212 1135 243; x_wconf 72' lang='lat' dir='ltr'>anumANl</span> <span class='ocrx_word' id='word_1_4' title='bbox 1171 213 1200 242; x_wconf 88' lang='lat'>1.</span> 
     </span>
    </p>
   </div>
   <div class='ocr_carea' id='block_1_2' title="bbox 238 305 1701 830">
    <p class='ocr_par' dir='ltr' id='par_1_2' title="bbox 241 305 1288 356">
     <span class='ocr_line' id='line_1_2' title="bbox 241 305 1288 356; baseline -0.002 -8"><span class='ocrx_word' id='word_1_5' title='bbox 241 305 404 348; x_wconf 86' lang='lat' dir='ltr'>Volvis</span> <span class='ocrx_word' id='word_1_6' title='bbox 425 306 694 348; x_wconf 80' lang='lat' dir='ltr'>inexhausto</span> <span class='ocrx_word' id='word_1_7' title='bbox 715 307 945 348; x_wconf 84' lang='lat' dir='ltr'>redeuntia</span> <span class='ocrx_word' id='word_1_8' title='bbox 963 307 1132 347; x_wconf 83' lang='lat' dir='ltr'>saecula</span> <span class='ocrx_word' id='word_1_9' title='bbox 1152 308 1288 356; x_wconf 84' lang='lat' dir='ltr'>motu,</span> 
     </span>
    </p>

    <p class='ocr_par' dir='ltr' id='par_1_3' title="bbox 242 373 1368 428">
     <span class='ocr_line' id='line_1_3' title="bbox 242 373 1368 428; baseline 0 -13"><span class='ocrx_word' id='word_1_10' title='bbox 242 374 408 428; x_wconf 81' lang='lat' dir='ltr'>Sparge</span> <span class='ocrx_word' id='word_1_11' title='bbox 428 374 541 414; x_wconf 83' lang='lat' dir='ltr'>diem</span> <span class='ocrx_word' id='word_1_12' title='bbox 559 374 740 414; x_wconf 86' lang='lat' dir='ltr'>meliore</span> <span class='ocrx_word' id='word_1_13' title='bbox 764 387 907 422; x_wconf 80' lang='lat' dir='ltr'>coma,</span> <span class='ocrx_word' id='word_1_14' title='bbox 932 375 1185 426; x_wconf 81' lang='lat' dir='ltr'>crinemque</span> <span class='ocrx_word' id='word_1_15' title='bbox 1207 373 1368 427; x_wconf 82' lang='lat' dir='ltr'>repexi</span> 
     </span>
    </p>

    <p class='ocr_par' dir='ltr' id='par_1_4' title="bbox 240 440 1224 492">
     <span class='ocr_line' id='line_1_4' title="bbox 240 440 1224 492; baseline -0.003 -10"><span class='ocrx_word' id='word_1_16' title='bbox 240 441 456 482; x_wconf 71' lang='lat' dir='ltr'>Blandirs</span> <span class='ocrx_word' id='word_1_17' title='bbox 480 443 595 481; x_wconf 76' lang='lat' dir='ltr'>elato</span> <span class='ocrx_word' id='word_1_18' title='bbox 618 445 798 491; x_wconf 70' lang='lat' dir='ltr'>surgant</span> <span class='ocrx_word' id='word_1_19' title='bbox 822 445 999 480; x_wconf 87' lang='lat' dir='ltr'>temone</span> <span class='ocrx_word' id='word_1_20' title='bbox 1025 440 1224 492; x_wconf 73' lang='lat' dir='ltr'>jugales,</span> 
     </span>
    </p>

    <p class='ocr_par' dir='ltr' id='par_1_5' title="bbox 238 503 1701 627">
     <span class='ocr_line' id='line_1_5' title="bbox 240 503 1701 559; baseline -0.003 -10"><span class='ocrx_word' id='word_1_21' title='bbox 240 508 453 549; x_wconf 84' lang='lat' dir='ltr'>Efflantcs</span> <span class='ocrx_word' id='word_1_22' title='bbox 473 521 646 549; x_wconf 80' lang='lat' dir='ltr'>roseum</span> <span class='ocrx_word' id='word_1_23' title='bbox 673 507 825 546; x_wconf 58' lang='lat' dir='ltr'>fraenis</span> <span class='ocrx_word' id='word_1_24' title='bbox 850 507 1161 559; x_wconf 79' lang='lat' dir='ltr'>spumantibus</span> <span class='ocrx_word' id='word_1_25' title='bbox 1183 507 1343 558; x_wconf 85' lang='lat' dir='ltr'>ignem.</span> <span class='ocrx_word' id='word_1_26' title='bbox 1672 503 1701 544; x_wconf 84' lang='lat'>5</span> 
     </span>
     <span class='ocr_line' id='line_1_6' title="bbox 238 574 1326 627; baseline -0.004 -10"><span class='ocrx_word' id='word_1_27' title='bbox 238 575 268 617; x_wconf 90' lang='lat' dir='ltr'><strong>J</strong></span> <span class='ocrx_word' id='word_1_28' title='bbox 273 589 343 616; x_wconf 83' lang='lat' dir='ltr'>am</span> <span class='ocrx_word' id='word_1_29' title='bbox 366 588 479 615; x_wconf 75' lang='lat' dir='ltr'>nova</span> <span class='ocrx_word' id='word_1_30' title='bbox 502 574 720 627; x_wconf 80' lang='lat' dir='ltr'>germanis</span> <span class='ocrx_word' id='word_1_31' title='bbox 743 574 934 626; x_wconf 76' lang='lat' dir='ltr'>vestigia</span> <span class='ocrx_word' id='word_1_32' title='bbox 955 578 1162 626; x_wconf 79' lang='lat' dir='ltr'>torqueat</span> <span class='ocrx_word' id='word_1_33' title='bbox 1184 586 1326 613; x_wconf 84' lang='lat' dir='ltr'>annus</span> 
     </span>
    </p>

    <p class='ocr_par' dir='ltr' id='par_1_6' title="bbox 240 640 1341 694">
     <span class='ocr_line' id='line_1_7' title="bbox 240 640 1341 694; baseline -0.002 -11"><span class='ocrx_word' id='word_1_34' title='bbox 240 642 530 691; x_wconf 85' lang='lat' dir='ltr'>Consulibus,</span> <span class='ocrx_word' id='word_1_35' title='bbox 554 642 735 694; x_wconf 82' lang='lat' dir='ltr'>laetique</span> <span class='ocrx_word' id='word_1_36' title='bbox 759 644 916 693; x_wconf 83' lang='lat' dir='ltr'>petant</span> <span class='ocrx_word' id='word_1_37' title='bbox 938 640 1125 680; x_wconf 80' lang='lat' dir='ltr'>exordia</span> <span class='ocrx_word' id='word_1_38' title='bbox 1144 652 1341 681; x_wconf 88' lang='lat' dir='ltr'>menses.</span> 
     </span>
    </p>

    <p class='ocr_par' dir='ltr' id='par_1_7' title="bbox 239 708 1409 762">
     <span class='ocr_line' id='line_1_8' title="bbox 239 708 1409 762; baseline -0.003 -12"><span class='ocrx_word' id='word_1_39' title='bbox 239 710 341 750; x_wconf 85' lang='lat' dir='ltr'>Scis</span> <span class='ocrx_word' id='word_1_40' title='bbox 363 723 502 762; x_wconf 84' lang='lat' dir='ltr'>genus</span> <span class='ocrx_word' id='word_1_41' title='bbox 526 708 816 756; x_wconf 85' lang='lat' dir='ltr'>Auchenium,</span> <span class='ocrx_word' id='word_1_42' title='bbox 839 721 920 748; x_wconf 90' lang='lat' dir='ltr'>nec</span> <span class='ocrx_word' id='word_1_43' title='bbox 944 711 985 748; x_wconf 89' lang='lat' dir='ltr'>te</span> <span class='ocrx_word' id='word_1_44' title='bbox 1008 708 1176 748; x_wconf 82' lang='lat' dir='ltr'>latuere</span> <span class='ocrx_word' id='word_1_45' title='bbox 1199 710 1409 761; x_wconf 83' lang='lat' dir='ltr'>potentes</span> 
     </span>
    </p>

    <p class='ocr_par' dir='ltr' id='par_1_8' title="bbox 238 774 1312 830">
     <span class='ocr_line' id='line_1_9' title="bbox 238 774 1312 830; baseline -0.002 -12"><span class='ocrx_word' id='word_1_46' title='bbox 238 776 459 818; x_wconf 83' lang='lat' dir='ltr'>Anniadae</span> <span class='ocrx_word' id='word_1_47' title='bbox 477 791 484 818; x_wconf 93' lang='lat'><strong>:</strong></span> <span class='ocrx_word' id='word_1_48' title='bbox 527 790 629 817; x_wconf 81' lang='lat' dir='ltr'>nam</span> <span class='ocrx_word' id='word_1_49' title='bbox 651 789 771 830; x_wconf 80' lang='lat' dir='ltr'>saepe</span> <span class='ocrx_word' id='word_1_50' title='bbox 793 775 913 816; x_wconf 89' lang='lat' dir='ltr'>soles</span> <span class='ocrx_word' id='word_1_51' title='bbox 935 775 1201 816; x_wconf 85' lang='lat' dir='ltr'>ductoribus</span> <span class='ocrx_word' id='word_1_52' title='bbox 1220 774 1312 816; x_wconf 86' lang='lat' dir='ltr'>illis</span> 
     </span>
    </p>
   </div>
   <div class='ocr_carea' id='block_1_3' title="bbox 227 923 1703 1139">
    <p class='ocr_par' dir='ltr' id='par_1_9' title="bbox 227 923 1703 1139">
     <span class='ocr_line' id='line_1_10' title="bbox 232 923 1702 970; baseline -0.005 -9"><span class='ocrx_word' id='word_1_53' title='bbox 232 934 393 970; x_wconf 82' lang='lat' dir='ltr'>perpetuo,</span> <span class='ocrx_word' id='word_1_54' title='bbox 409 940 521 969; x_wconf 81' lang='lat' dir='ltr'>sparge</span> <span class='ocrx_word' id='word_1_55' title='bbox 533 932 628 961; x_wconf 82' lang='lat' dir='ltr'>lucem</span> <span class='ocrx_word' id='word_1_56' title='bbox 653 931 754 961; x_wconf 78' lang='lat' dir='ltr'>radiis</span> <span class='ocrx_word' id='word_1_57' title='bbox 774 930 984 969; x_wconf 76' lang='lat' dir='ltr'>nitidioribus,</span> <span class='ocrx_word' id='word_1_58' title='bbox 1000 934 1030 961; x_wconf 82' lang='lat' dir='ltr'>et</span> <span class='ocrx_word' id='word_1_59' title='bbox 1055 930 1105 961; x_wconf 86' lang='lat' dir='ltr'>tui</span> <span class='ocrx_word' id='word_1_60' title='bbox 1121 929 1189 969; x_wconf 81' lang='lat' dir='ltr'>equi</span> <span class='ocrx_word' id='word_1_61' title='bbox 1207 927 1282 968; x_wconf 75' lang='lat' dir='ltr'>juba</span> <span class='ocrx_word' id='word_1_62' title='bbox 1306 935 1420 967; x_wconf 69' lang='lat' dir='ltr'>repexa</span> <span class='ocrx_word' id='word_1_63' title='bbox 1435 927 1566 964; x_wconf 79' lang='lat' dir='ltr'>surgant</span> <span class='ocrx_word' id='word_1_64' title='bbox 1583 923 1702 955; x_wconf 83' lang='lat' dir='ltr'>sublato</span> 
     </span>
     <span class='ocr_line' id='line_1_11' title="bbox 227 969 1703 1012; baseline -0.005 -9"><span class='ocrx_word' id='word_1_65' title='bbox 227 972 398 1011; x_wconf 78' lang='lat' dir='ltr'>jucundius</span> <span class='ocrx_word' id='word_1_66' title='bbox 412 982 515 1010; x_wconf 83' lang='lat' dir='ltr'>curru,</span> <span class='ocrx_word' id='word_1_67' title='bbox 541 974 716 1003; x_wconf 78' lang='lat' dir='ltr'>emittentes</span> <span class='ocrx_word' id='word_1_68' title='bbox 733 973 896 1012; x_wconf 83' lang='lat' dir='ltr'>flammam</span> <span class='ocrx_word' id='word_1_69' title='bbox 911 974 1068 1003; x_wconf 86' lang='lat' dir='ltr'>rubentem</span> <span class='ocrx_word' id='word_1_70' title='bbox 1082 982 1134 1002; x_wconf 81' lang='lat' dir='ltr'>ore</span> <span class='ocrx_word' id='word_1_71' title='bbox 1161 973 1331 1011; x_wconf 82' lang='lat' dir='ltr'>spumante.</span> <span class='ocrx_word' id='word_1_72' title='bbox 1376 969 1451 999; x_wconf 88' lang='lat' dir='ltr'>Jam</span> <span class='ocrx_word' id='word_1_73' title='bbox 1474 976 1579 998; x_wconf 86' lang='lat' dir='ltr'>novus</span> <span class='ocrx_word' id='word_1_74' title='bbox 1604 975 1703 997; x_wconf 75' lang='lat' dir='ltr'>annus</span> 
     </span>
     <span class='ocr_line' id='line_1_12' title="bbox 234 1009 1701 1055; baseline -0.004 -9"><span class='ocrx_word' id='word_1_75' title='bbox 234 1018 338 1046; x_wconf 66' lang='lat' dir='ltr'>vertat</span> <span class='ocrx_word' id='word_1_76' title='bbox 353 1026 444 1045; x_wconf 72' lang='lat' dir='ltr'>novos</span> <span class='ocrx_word' id='word_1_77' title='bbox 456 1025 566 1055; x_wconf 83' lang='lat' dir='ltr'>passus</span> <span class='ocrx_word' id='word_1_78' title='bbox 583 1025 642 1054; x_wconf 88' lang='lat' dir='ltr'>pro</span> <span class='ocrx_word' id='word_1_79' title='bbox 662 1015 828 1045; x_wconf 83' lang='lat' dir='ltr'>Fratribus</span> <span class='ocrx_word' id='word_1_80' title='bbox 853 1016 1051 1053; x_wconf 78' lang='lat' dir='ltr'>Consulibus,</span> <span class='ocrx_word' id='word_1_81' title='bbox 1073 1019 1101 1045; x_wconf 86' lang='lat' dir='ltr'>et</span> <span class='ocrx_word' id='word_1_82' title='bbox 1115 1015 1203 1053; x_wconf 76' lang='lat' dir='ltr'>grati</span> <span class='ocrx_word' id='word_1_83' title='bbox 1220 1022 1336 1043; x_wconf 84' lang='lat' dir='ltr'>menses</span> <span class='ocrx_word' id='word_1_84' title='bbox 1350 1012 1474 1050; x_wconf 78' lang='lat' dir='ltr'>cupiant</span> <span class='ocrx_word' id='word_1_85' title='bbox 1496 1009 1701 1049; x_wconf 79' lang='lat' dir='ltr'>principium.</span> 
     </span>
     <span class='ocr_line' id='line_1_13' title="bbox 239 1051 1703 1096; baseline -0.004 -9"><span class='ocrx_word' id='word_1_86' title='bbox 239 1058 419 1096; x_wconf 79' lang='lat' dir='ltr'>Cognoscis,</span> <span class='ocrx_word' id='word_1_87' title='bbox 438 1067 456 1086; x_wconf 94' lang='grc' dir='ltr'>ο</span> <span class='ocrx_word' id='word_1_88' title='bbox 469 1058 539 1096; x_wconf 80' lang='lat' dir='ltr'>Sol,</span> <span class='ocrx_word' id='word_1_89' title='bbox 551 1057 780 1087; x_wconf 81' lang='lat' dir='ltr'>Auchenz&#39;orunz</span> <span class='ocrx_word' id='word_1_90' title='bbox 790 1060 928 1095; x_wconf 80' lang='lat' dir='ltr'>gentem,</span> <span class='ocrx_word' id='word_1_91' title='bbox 943 1067 997 1088; x_wconf 80' lang='lat' dir='ltr'>nec</span> <span class='ocrx_word' id='word_1_92' title='bbox 1007 1060 1042 1087; x_wconf 87' lang='lat' dir='ltr'>tu</span> <span class='ocrx_word' id='word_1_93' title='bbox 1054 1057 1180 1095; x_wconf 84' lang='lat' dir='ltr'>ignoras</span> <span class='ocrx_word' id='word_1_94' title='bbox 1194 1055 1364 1095; x_wconf 84' lang='lat' dir='ltr'>potentiam</span> <span class='ocrx_word' id='word_1_95' title='bbox 1380 1053 1554 1084; x_wconf 79' lang='lat' dir='ltr'>Anniorum</span> <span class='ocrx_word' id='word_1_96' title='bbox 1563 1063 1573 1083; x_wconf 91' lang='lat'>.·</span> <span class='ocrx_word' id='word_1_97' title='bbox 1588 1051 1703 1082; x_wconf 80' lang='lat' dir='ltr'>etenim</span> 
     </span>
     <span class='ocr_line' id='line_1_14' title="bbox 234 1095 1701 1139; baseline -0.003 -10"><span class='ocrx_word' id='word_1_98' title='bbox 234 1108 316 1139; x_wconf 58' lang='lat' dir='ltr'>saepe</span> <span class='ocrx_word' id='word_1_99' title='bbox 331 1099 526 1137; x_wconf 78' lang='lat' dir='ltr'>consuevisti,</span> <span class='ocrx_word' id='word_1_100' title='bbox 542 1100 605 1129; x_wconf 80' lang='lat' dir='ltr'>illis</span> <span class='ocrx_word' id='word_1_101' title='bbox 632 1099 827 1139; x_wconf 83' lang='lat' dir='ltr'>Consulibus,</span> <span class='ocrx_word' id='word_1_102' title='bbox 848 1109 995 1129; x_wconf 70' lang='lat' dir='ltr'>renovare</span> <span class='ocrx_word' id='word_1_103' title='bbox 1010 1109 1117 1138; x_wconf 82' lang='lat' dir='ltr'>annos,</span> <span class='ocrx_word' id='word_1_104' title='bbox 1133 1101 1162 1129; x_wconf 88' lang='lat' dir='ltr'>et</span> <span class='ocrx_word' id='word_1_105' title='bbox 1179 1100 1252 1128; x_wconf 73' lang='lat' dir='ltr'>aare</span> <span class='ocrx_word' id='word_1_106' title='bbox 1276 1106 1384 1127; x_wconf 80' lang='lat' dir='ltr'>nomeu</span> <span class='ocrx_word' id='word_1_107' title='bbox 1403 1095 1557 1126; x_wconf 81' lang='lat' dir='ltr'>curriculo</span> <span class='ocrx_word' id='word_1_108' title='bbox 1571 1103 1701 1125; x_wconf 87' lang='lat' dir='ltr'>eorum.</span> 
     </span>
    </p>
   </div>
   <div class='ocr_carea' id='block_1_4' title="bbox 870 1200 1108 1213">
    <p class='ocr_par' dir='ltr' id='par_1_10' title="bbox 870 1200 1108 1213">
     <span class='ocr_line' id='line_1_15' title="bbox 870 1200 1108 1213; baseline -0.004 0"><span class='ocrx_word' id='word_1_109' title='bbox 870 1200 1108 1213; x_wconf 61' lang='lat' dir='ltr'>eeeeeeeeeeee</span> 
     </span>
    </p>
   </div>
   <div class='ocr_carea' id='block_1_5' title="bbox 231 1284 1703 1670">
    <p class='ocr_par' dir='ltr' id='par_1_11' title="bbox 231 1284 1703 1670">
     <span class='ocr_line' id='line_1_16' title="bbox 234 1284 1703 1327; baseline -0.002 -9"><span class='ocrx_word' id='word_1_110' title='bbox 234 1287 300 1319; x_wconf 89' lang='lat' dir='ltr'>dno</span> <span class='ocrx_word' id='word_1_111' title='bbox 318 1292 352 1320; x_wconf 84' lang='lat' dir='ltr'>et</span> <span class='ocrx_word' id='word_1_112' title='bbox 369 1288 422 1320; x_wconf 88' lang='lat' dir='ltr'>ed.</span> <span class='ocrx_word' id='word_1_113' title='bbox 441 1289 554 1320; x_wconf 74' lang='lat' dir='ltr'>Vicet.</span> <span class='ocrx_word' id='word_1_114' title='bbox 575 1288 784 1326; x_wconf 81' lang='lat' dir='ltr'>Flanzmiseris</span> <span class='ocrx_word' id='word_1_115' title='bbox 801 1289 845 1319; x_wconf 91' lang='lat' dir='ltr'>al.</span> <span class='ocrx_word' id='word_1_116' title='bbox 873 1288 910 1318; x_wconf 89' lang='lat' dir='ltr'>ab</span> <span class='ocrx_word' id='word_1_117' title='bbox 933 1288 1024 1318; x_wconf 81' lang='lat' dir='ltr'>annis</span> <span class='ocrx_word' id='word_1_118' title='bbox 1038 1297 1100 1327; x_wconf 92' lang='lat' dir='ltr'>pro</span> <span class='ocrx_word' id='word_1_119' title='bbox 1116 1286 1242 1317; x_wconf 77' lang='lat' dir='ltr'>habenis</span> <span class='ocrx_word' id='word_1_120' title='bbox 1262 1287 1341 1316; x_wconf 76' lang='lat' dir='ltr'>Vat.</span> <span class='ocrx_word' id='word_1_121' title='bbox 1369 1287 1486 1325; x_wconf 60' lang='lat' dir='ltr'>piu—2</span> <span class='ocrx_word' id='word_1_122' title='bbox 1500 1288 1531 1315; x_wconf 85' lang='lat' dir='ltr'>et</span> <span class='ocrx_word' id='word_1_123' title='bbox 1552 1284 1703 1315; x_wconf 76' lang='lat' dir='ltr'>exhausto</span> 
     </span>
     <span class='ocr_line' id='line_1_17' title="bbox 233 1327 1703 1371; baseline -0.003 -9"><span class='ocrx_word' id='word_1_124' title='bbox 233 1331 361 1363; x_wconf 88' lang='lat' dir='ltr'>Moret.</span> <span class='ocrx_word' id='word_1_125' title='bbox 391 1331 493 1362; x_wconf 82' lang='lat' dir='ltr'>sidera</span> <span class='ocrx_word' id='word_1_126' title='bbox 507 1332 581 1362; x_wconf 80' lang='lat' dir='ltr'>Pal.</span> <span class='ocrx_word' id='word_1_127' title='bbox 600 1337 635 1362; x_wconf 84' lang='lat' dir='ltr'>et</span> <span class='ocrx_word' id='word_1_128' title='bbox 660 1331 754 1361; x_wconf 84' lang='lat' dir='ltr'>Med.</span> <span class='ocrx_word' id='word_1_129' title='bbox 774 1334 891 1371; x_wconf 61' lang='lat' dir='ltr'>pin—3</span> <span class='ocrx_word' id='word_1_130' title='bbox 919 1331 1087 1370; x_wconf 74' lang='lat' dir='ltr'>Crinesque</span> <span class='ocrx_word' id='word_1_131' title='bbox 1111 1329 1209 1360; x_wconf 88' lang='lat' dir='ltr'>multi</span> <span class='ocrx_word' id='word_1_132' title='bbox 1237 1328 1404 1360; x_wconf 75' lang='lat' dir='ltr'>codd.-4</span> <span class='ocrx_word' id='word_1_133' title='bbox 1429 1327 1572 1366; x_wconf 81' lang='lat' dir='ltr'>Surgunt</span> <span class='ocrx_word' id='word_1_134' title='bbox 1587 1327 1703 1358; x_wconf 85' lang='lat' dir='ltr'>Vicet.</span> 
     </span>
     <span class='ocr_line' id='line_1_18' title="bbox 233 1369 1702 1414; baseline -0.003 -10"><span class='ocrx_word' id='word_1_135' title='bbox 233 1378 268 1404; x_wconf 91' lang='lat' dir='ltr'>et</span> <span class='ocrx_word' id='word_1_136' title='bbox 285 1374 398 1404; x_wconf 74' lang='lat' dir='ltr'>Parni.</span> <span class='ocrx_word' id='word_1_137' title='bbox 425 1374 555 1404; x_wconf 83' lang='lat' dir='ltr'>rubeant</span> <span class='ocrx_word' id='word_1_138' title='bbox 572 1374 695 1413; x_wconf 79' lang='lat' dir='ltr'>Isingr.</span> <span class='ocrx_word' id='word_1_139' title='bbox 713 1373 800 1414; x_wconf 86' lang='lat' dir='ltr'>quod</span> <span class='ocrx_word' id='word_1_140' title='bbox 820 1374 933 1413; x_wconf 87' lang='lat' dir='ltr'>placet</span> <span class='ocrx_word' id='word_1_141' title='bbox 952 1373 1115 1403; x_wconf 80' lang='lat' dir='ltr'>Heinsio:</span> <span class='ocrx_word' id='word_1_142' title='bbox 1142 1372 1188 1402; x_wconf 85' lang='lat' dir='ltr'>ita</span> <span class='ocrx_word' id='word_1_143' title='bbox 1205 1376 1241 1402; x_wconf 92' lang='lat' dir='ltr'>et</span> <span class='ocrx_word' id='word_1_144' title='bbox 1258 1372 1311 1402; x_wconf 86' lang='lat' dir='ltr'>ed.</span> <span class='ocrx_word' id='word_1_145' title='bbox 1329 1370 1538 1410; x_wconf 85' lang='lat' dir='ltr'>Bipont.—6</span> <span class='ocrx_word' id='word_1_146' title='bbox 1555 1369 1702 1408; x_wconf 70' lang='lat' dir='ltr'>Fastigia</span> 
     </span>
     <span class='ocr_line' id='line_1_19' title="bbox 233 1412 1702 1456; baseline -0.003 -9"><span class='ocrx_word' id='word_1_147' title='bbox 233 1416 319 1456; x_wconf 86' lang='lat' dir='ltr'>conj.</span> <span class='ocrx_word' id='word_1_148' title='bbox 337 1417 523 1447; x_wconf 54' lang='lat' dir='ltr'>Heius—8</span> <span class='ocrx_word' id='word_1_149' title='bbox 548 1417 739 1447; x_wconf 80' lang='lat' dir='ltr'>Auchenium</span> <span class='ocrx_word' id='word_1_150' title='bbox 758 1417 853 1447; x_wconf 87' lang='lat' dir='ltr'>Leid.</span> <span class='ocrx_word' id='word_1_151' title='bbox 873 1426 923 1455; x_wconf 86' lang='lat' dir='ltr'>pr.</span> <span class='ocrx_word' id='word_1_152' title='bbox 942 1416 1054 1445; x_wconf 79' lang='lat' dir='ltr'>Vicet.</span> <span class='ocrx_word' id='word_1_153' title='bbox 1071 1414 1150 1445; x_wconf 81' lang='lat' dir='ltr'>Ald.</span> <span class='ocrx_word' id='word_1_154' title='bbox 1181 1415 1374 1445; x_wconf 81' lang='lat' dir='ltr'>Auchenz&#39;um</span> <span class='ocrx_word' id='word_1_155' title='bbox 1391 1423 1452 1453; x_wconf 85' lang='lat' dir='ltr'>pro</span> <span class='ocrx_word' id='word_1_156' title='bbox 1469 1412 1702 1443; x_wconf 70' lang='lat' dir='ltr'>Auchenz&#39;omm</span> 
     </span>
     <span class='ocr_line' id='line_1_20' title="bbox 232 1454 1700 1499; baseline -0.002 -10"><span class='ocrx_word' id='word_1_157' title='bbox 232 1458 359 1498; x_wconf 86' lang='lat' dir='ltr'>Isingr.</span> <span class='ocrx_word' id='word_1_158' title='bbox 378 1459 581 1490; x_wconf 80' lang='lat' dir='ltr'>Auchemium</span> <span class='ocrx_word' id='word_1_159' title='bbox 598 1460 719 1490; x_wconf 80' lang='lat' dir='ltr'>Petav.</span> <span class='ocrx_word' id='word_1_160' title='bbox 737 1469 788 1499; x_wconf 86' lang='lat' dir='ltr'>pr.</span> <span class='ocrx_word' id='word_1_161' title='bbox 806 1468 841 1490; x_wconf 86' lang='lat' dir='ltr'>et</span> <span class='ocrx_word' id='word_1_162' title='bbox 859 1458 936 1489; x_wconf 88' lang='lat' dir='ltr'>Pal.</span> <span class='ocrx_word' id='word_1_163' title='bbox 953 1458 1123 1488; x_wconf 76' lang='lat' dir='ltr'>Alchenum</span> <span class='ocrx_word' id='word_1_164' title='bbox 1140 1458 1217 1487; x_wconf 80' lang='lat' dir='ltr'>Vat.</span> <span class='ocrx_word' id='word_1_165' title='bbox 1234 1462 1305 1497; x_wconf 86' lang='lat' dir='ltr'>opt.</span> <span class='ocrx_word' id='word_1_166' title='bbox 1332 1456 1515 1486; x_wconf 76' lang='lat' dir='ltr'>Alchenz&#39;um</span> <span class='ocrx_word' id='word_1_167' title='bbox 1532 1454 1607 1485; x_wconf 88' lang='lat' dir='ltr'>cod.</span> <span class='ocrx_word' id='word_1_168' title='bbox 1629 1459 1700 1486; x_wconf 85' lang='lat' dir='ltr'>vet.</span> 
     </span>
     <span class='ocr_line' id='line_1_21' title="bbox 233 1496 1701 1541; baseline -0.002 -9"><span class='ocrx_word' id='word_1_169' title='bbox 233 1501 320 1541; x_wconf 88' lang='lat' dir='ltr'>Gyr.</span> <span class='ocrx_word' id='word_1_170' title='bbox 336 1502 437 1533; x_wconf 91' lang='lat' dir='ltr'>Farn.</span> <span class='ocrx_word' id='word_1_171' title='bbox 455 1507 489 1532; x_wconf 85' lang='lat' dir='ltr'>et</span> <span class='ocrx_word' id='word_1_172' title='bbox 507 1503 589 1532; x_wconf 77' lang='lat' dir='ltr'>Exc.</span> <span class='ocrx_word' id='word_1_173' title='bbox 608 1503 749 1533; x_wconf 71' lang='lat' dir='ltr'>Luceus.</span> <span class='ocrx_word' id='word_1_174' title='bbox 777 1501 977 1532; x_wconf 82' lang='lat' dir='ltr'>Anthemium</span> <span class='ocrx_word' id='word_1_175' title='bbox 1006 1501 1097 1530; x_wconf 79' lang='lat' dir='ltr'>Pric.</span> <span class='ocrx_word' id='word_1_176' title='bbox 1123 1500 1200 1530; x_wconf 84' lang='lat' dir='ltr'>Pal.</span> <span class='ocrx_word' id='word_1_177' title='bbox 1219 1510 1238 1529; x_wconf 88' lang='lat' dir='ltr'>a</span> <span class='ocrx_word' id='word_1_178' title='bbox 1254 1510 1298 1529; x_wconf 90' lang='lat' dir='ltr'>m.</span> <span class='ocrx_word' id='word_1_179' title='bbox 1317 1508 1385 1530; x_wconf 78' lang='lat' dir='ltr'>sec,</span> <span class='ocrx_word' id='word_1_180' title='bbox 1411 1497 1616 1529; x_wconf 80' lang='lat' dir='ltr'>Anchemium</span> <span class='ocrx_word' id='word_1_181' title='bbox 1632 1496 1701 1529; x_wconf 93' lang='lat' dir='ltr'>duo</span> 
     </span>
     <span class='ocr_line' id='line_1_22' title="bbox 231 1539 1700 1584; baseline -0.001 -11"><span class='ocrx_word' id='word_1_182' title='bbox 231 1543 326 1574; x_wconf 83' lang='lat' dir='ltr'>Med.</span> <span class='ocrx_word' id='word_1_183' title='bbox 345 1544 423 1574; x_wconf 88' lang='lat' dir='ltr'>dein</span> <span class='ocrx_word' id='word_1_184' title='bbox 437 1549 581 1584; x_wconf 77' lang='lat' dir='ltr'>parentes</span> <span class='ocrx_word' id='word_1_185' title='bbox 595 1546 677 1575; x_wconf 82' lang='lat' dir='ltr'>Exc.</span> <span class='ocrx_word' id='word_1_186' title='bbox 698 1545 795 1575; x_wconf 75' lang='lat' dir='ltr'>Laeti.</span> <span class='ocrx_word' id='word_1_187' title='bbox 809 1547 949 1584; x_wconf 84' lang='lat' dir='ltr'>potentes</span> <span class='ocrx_word' id='word_1_188' title='bbox 965 1543 1092 1574; x_wconf 81' lang='lat' dir='ltr'>Moret.</span> <span class='ocrx_word' id='word_1_189' title='bbox 1109 1548 1179 1573; x_wconf 81' lang='lat' dir='ltr'>vet.</span> <span class='ocrx_word' id='word_1_190' title='bbox 1198 1542 1283 1583; x_wconf 73' lang='lat' dir='ltr'>Gyr.</span> <span class='ocrx_word' id='word_1_191' title='bbox 1302 1542 1402 1571; x_wconf 91' lang='lat' dir='ltr'>Farn.</span> <span class='ocrx_word' id='word_1_192' title='bbox 1420 1540 1510 1571; x_wconf 86' lang='lat' dir='ltr'>Pric.</span> <span class='ocrx_word' id='word_1_193' title='bbox 1528 1540 1607 1570; x_wconf 82' lang='lat' dir='ltr'>Vat.</span> <span class='ocrx_word' id='word_1_194' title='bbox 1621 1539 1700 1572; x_wconf 88' lang='lat' dir='ltr'>duo.</span> 
     </span>
     <span class='ocr_line' id='line_1_23' title="bbox 233 1581 1700 1627; baseline -0.002 -12"><span class='ocrx_word' id='word_1_195' title='bbox 233 1586 329 1616; x_wconf 79' lang='lat' dir='ltr'>Med.</span> <span class='ocrx_word' id='word_1_196' title='bbox 343 1596 391 1627; x_wconf 87' lang='lat' dir='ltr'>pr.</span> <span class='ocrx_word' id='word_1_197' title='bbox 402 1588 498 1617; x_wconf 89' lang='lat' dir='ltr'>Leid.</span> <span class='ocrx_word' id='word_1_198' title='bbox 511 1598 563 1627; x_wconf 87' lang='lat' dir='ltr'>pr.</span> <span class='ocrx_word' id='word_1_199' title='bbox 573 1592 609 1618; x_wconf 92' lang='lat' dir='ltr'>et</span> <span class='ocrx_word' id='word_1_200' title='bbox 626 1586 979 1618; x_wconf 79' lang='lat' dir='ltr'>Petav.-—9Anniadoe</span> <span class='ocrx_word' id='word_1_201' title='bbox 993 1585 1087 1617; x_wconf 85' lang='lat' dir='ltr'>Med.</span> <span class='ocrx_word' id='word_1_202' title='bbox 1099 1585 1176 1616; x_wconf 89' lang='lat' dir='ltr'>duo.</span> <span class='ocrx_word' id='word_1_203' title='bbox 1190 1585 1342 1616; x_wconf 80' lang='lat' dir='ltr'>Aumadoe</span> <span class='ocrx_word' id='word_1_204' title='bbox 1355 1584 1436 1614; x_wconf 87' lang='lat' dir='ltr'>Vat.</span> <span class='ocrx_word' id='word_1_205' title='bbox 1454 1587 1527 1622; x_wconf 88' lang='lat' dir='ltr'>opt.</span> <span class='ocrx_word' id='word_1_206' title='bbox 1545 1581 1700 1613; x_wconf 79' lang='lat' dir='ltr'>Auniadoe</span> 
     </span>
     <span class='ocr_line' id='line_1_24' title="bbox 232 1625 1698 1670; baseline -0.001 -11"><span class='ocrx_word' id='word_1_207' title='bbox 232 1628 334 1660; x_wconf 87' lang='lat' dir='ltr'>Farn.</span> <span class='ocrx_word' id='word_1_208' title='bbox 359 1629 474 1660; x_wconf 71' lang='lat' dir='ltr'>Vicet.</span> <span class='ocrx_word' id='word_1_209' title='bbox 492 1631 609 1661; x_wconf 84' lang='lat' dir='ltr'>Parm.</span> <span class='ocrx_word' id='word_1_210' title='bbox 638 1630 715 1662; x_wconf 80' lang='lat' dir='ltr'>Ala.</span> <span class='ocrx_word' id='word_1_211' title='bbox 742 1630 875 1670; x_wconf 71' lang='lat' dir='ltr'>Gryph.</span> <span class='ocrx_word' id='word_1_212' title='bbox 900 1629 1022 1668; x_wconf 83' lang='lat' dir='ltr'>Isingr.</span> <span class='ocrx_word' id='word_1_213' title='bbox 1047 1628 1182 1660; x_wconf 78' lang='lat' dir='ltr'>Aniacloe</span> <span class='ocrx_word' id='word_1_214' title='bbox 1205 1628 1298 1659; x_wconf 86' lang='lat' dir='ltr'>Prie.</span> <span class='ocrx_word' id='word_1_215' title='bbox 1320 1626 1480 1657; x_wconf 80' lang='lat' dir='ltr'>Haniadce</span> <span class='ocrx_word' id='word_1_216' title='bbox 1496 1626 1581 1656; x_wconf 86' lang='lat' dir='ltr'>Exc.</span> <span class='ocrx_word' id='word_1_217' title='bbox 1596 1625 1698 1658; x_wconf 74' lang='lat' dir='ltr'>Laeti,</span> 
     </span>
    </p>
   </div>
   <div class='ocr_carea' id='block_1_6' title="bbox 888 1727 1032 1760">
    <p class='ocr_par' dir='ltr' id='par_1_12' title="bbox 888 1727 1032 1760">
     <span class='ocr_line' id='line_1_25' title="bbox 888 1727 1032 1760; baseline -0.014 0"><span class='ocrx_word' id='word_1_218' title='bbox 888 1727 1032 1760; x_wconf 83' lang='lat' dir='ltr'>NOTAE</span> 
     </span>
    </p>
   </div>
   <div class='ocr_carea' id='block_1_7' title="bbox 990 1808 1699 1954">
    <p class='ocr_par' dir='ltr' id='par_1_13' title="bbox 990 1808 1699 1954">
     <span class='ocr_line' id='line_1_26' title="bbox 1033 1808 1699 1851; baseline -0.009 -7"><span class='ocrx_word' id='word_1_219' title='bbox 1033 1817 1051 1843; x_wconf 92' lang='lat'><strong><em>5</em></strong></span> <span class='ocrx_word' id='word_1_220' title='bbox 1077 1814 1211 1844; x_wconf 82' lang='lat' dir='ltr'>Roseum</span> <span class='ocrx_word' id='word_1_221' title='bbox 1224 1810 1344 1851; x_wconf 74' lang='lat' dir='ltr'>ignem]</span> <span class='ocrx_word' id='word_1_222' title='bbox 1369 1810 1565 1841; x_wconf 83' lang='lat' dir='ltr'>Rubentem</span> <span class='ocrx_word' id='word_1_223' title='bbox 1592 1808 1699 1839; x_wconf 81' lang='lat' dir='ltr'>instar</span> 
     </span>
     <span class='ocr_line' id='line_1_27' title="bbox 990 1860 1699 1904; baseline -0.006 -10"><span class='ocrx_word' id='word_1_224' title='bbox 990 1873 1154 1903; x_wconf 85' lang='lat' dir='ltr'>rosarum,</span> <span class='ocrx_word' id='word_1_225' title='bbox 1168 1863 1278 1904; x_wconf 90' lang='lat' dir='ltr'>qualis</span> <span class='ocrx_word' id='word_1_226' title='bbox 1295 1863 1383 1892; x_wconf 86' lang='lat' dir='ltr'>solet</span> <span class='ocrx_word' id='word_1_227' title='bbox 1399 1871 1474 1892; x_wconf 88' lang='lat' dir='ltr'>esse</span> <span class='ocrx_word' id='word_1_228' title='bbox 1489 1860 1631 1891; x_wconf 85' lang='lat' dir='ltr'>Aurorae</span> <span class='ocrx_word' id='word_1_229' title='bbox 1648 1868 1699 1891; x_wconf 87' lang='lat' dir='ltr'>as-</span> 
     </span>
     <span class='ocr_line' id='line_1_28' title="bbox 990 1919 1124 1954; baseline 0 -10"><span class='ocrx_word' id='word_1_230' title='bbox 990 1919 1124 1954; x_wconf 88' lang='lat' dir='ltr'>pectus.</span> 
     </span>
    </p>
   </div>
   <div class='ocr_carea' id='block_1_8' title="bbox 228 1814 936 1956">
    <p class='ocr_par' dir='ltr' id='par_1_14' title="bbox 228 1814 936 1956">
     <span class='ocr_line' id='line_1_29' title="bbox 230 1814 935 1857; baseline 0.001 -13"><span class='ocrx_word' id='word_1_231' title='bbox 230 1815 347 1844; x_wconf 74' lang='lat' dir='ltr'>vetere</span> <span class='ocrx_word' id='word_1_232' title='bbox 364 1814 628 1853; x_wconf 76' lang='lat' dir='ltr'>superstitione:</span> <span class='ocrx_word' id='word_1_233' title='bbox 654 1819 789 1847; x_wconf 85' lang='lat' dir='ltr'>veteres</span> <span class='ocrx_word' id='word_1_234' title='bbox 807 1815 935 1857; x_wconf 85' lang='lat' dir='ltr'>quippe</span> 
     </span>
     <span class='ocr_line' id='line_1_30' title="bbox 228 1862 935 1896; baseline 0.004 -4"><span class='ocrx_word' id='word_1_235' title='bbox 228 1862 362 1893; x_wconf 86' lang='lat' dir='ltr'>laetiora</span> <span class='ocrx_word' id='word_1_236' title='bbox 378 1864 489 1894; x_wconf 87' lang='lat' dir='ltr'>onmia</span> <span class='ocrx_word' id='word_1_237' title='bbox 505 1863 578 1895; x_wconf 87' lang='lat' dir='ltr'>fore</span> <span class='ocrx_word' id='word_1_238' title='bbox 592 1875 635 1896; x_wconf 83' lang='lat' dir='ltr'>ex</span> <span class='ocrx_word' id='word_1_239' title='bbox 651 1866 727 1896; x_wconf 82' lang='lat' dir='ltr'>coeli</span> <span class='ocrx_word' id='word_1_240' title='bbox 749 1864 935 1896; x_wconf 85' lang='lat' dir='ltr'>serenitate</span> 
     </span>
     <span class='ocr_line' id='line_1_31' title="bbox 229 1912 936 1956; baseline 0.004 -14"><span class='ocrx_word' id='word_1_241' title='bbox 229 1912 425 1952; x_wconf 82' lang='lat' dir='ltr'>sperabant.</span> <span class='ocrx_word' id='word_1_242' title='bbox 473 1914 517 1944; x_wconf 84' lang='lat' dir='ltr'>Et</span> <span class='ocrx_word' id='word_1_243' title='bbox 534 1919 705 1954; x_wconf 61' lang='lat' dir='ltr'>praeterea</span> <span class='ocrx_word' id='word_1_244' title='bbox 723 1915 861 1956; x_wconf 86' lang='lat' dir='ltr'>quidam</span> <span class='ocrx_word' id='word_1_245' title='bbox 878 1925 936 1955; x_wconf 87' lang='lat' dir='ltr'>po-</span> 
     </span>
    </p>
   </div>
   <div class='ocr_carea' id='block_1_9' title="bbox 224 1962 934 2606">
    <p class='ocr_par' dir='ltr' id='par_1_15' title="bbox 226 1962 934 2202">
     <span class='ocr_line' id='line_1_32' title="bbox 226 1962 934 2003; baseline 0.004 -11"><span class='ocrx_word' id='word_1_246' title='bbox 226 1962 312 2002; x_wconf 86' lang='lat' dir='ltr'>puli,</span> <span class='ocrx_word' id='word_1_247' title='bbox 329 1964 520 2002; x_wconf 71' lang='lat' dir='ltr'>praesertim</span> <span class='ocrx_word' id='word_1_248' title='bbox 546 1964 678 2003; x_wconf 74' lang='lat' dir='ltr'>Po&#39;e&#39;tae,</span> <span class='ocrx_word' id='word_1_249' title='bbox 694 1966 806 1996; x_wconf 85' lang='lat' dir='ltr'>Solem</span> <span class='ocrx_word' id='word_1_250' title='bbox 823 1970 859 1995; x_wconf 91' lang='lat' dir='ltr'>ut</span> <span class='ocrx_word' id='word_1_251' title='bbox 876 1975 934 1995; x_wconf 88' lang='lat' dir='ltr'>nn-</span> 
     </span>
     <span class='ocr_line' id='line_1_33' title="bbox 226 2014 933 2055; baseline 0.004 -12"><span class='ocrx_word' id='word_1_252' title='bbox 226 2021 304 2043; x_wconf 83' lang='lat' dir='ltr'>men</span> <span class='ocrx_word' id='word_1_253' title='bbox 321 2014 456 2054; x_wconf 84' lang='lat' dir='ltr'>aliquod</span> <span class='ocrx_word' id='word_1_254' title='bbox 486 2015 696 2055; x_wconf 59' lang='lat' dir='ltr'>praecipuum</span> <span class='ocrx_word' id='word_1_255' title='bbox 725 2015 933 2046; x_wconf 82' lang='lat' dir='ltr'>veneraban-</span> 
     </span>
     <span class='ocr_line' id='line_1_34' title="bbox 228 2064 933 2104; baseline 0.001 -11"><span class='ocrx_word' id='word_1_256' title='bbox 228 2066 295 2102; x_wconf 82' lang='lat' dir='ltr'>tur,</span> <span class='ocrx_word' id='word_1_257' title='bbox 309 2064 395 2094; x_wconf 89' lang='lat' dir='ltr'>etin</span> <span class='ocrx_word' id='word_1_258' title='bbox 426 2064 605 2094; x_wconf 80' lang='lat' dir='ltr'>laudandis</span> <span class='ocrx_word' id='word_1_259' title='bbox 632 2065 866 2104; x_wconf 69' lang='lat' dir='ltr'>PrincipibuS,</span> <span class='ocrx_word' id='word_1_260' title='bbox 884 2075 933 2095; x_wconf 88' lang='lat' dir='ltr'>se-</span> 
     </span>
     <span class='ocr_line' id='line_1_35' title="bbox 226 2113 933 2145; baseline 0.003 -3"><span class='ocrx_word' id='word_1_261' title='bbox 226 2113 408 2143; x_wconf 87' lang='lat' dir='ltr'>renitatem</span> <span class='ocrx_word' id='word_1_262' title='bbox 423 2114 490 2143; x_wconf 87' lang='lat' dir='ltr'>diei</span> <span class='ocrx_word' id='word_1_263' title='bbox 514 2124 582 2144; x_wconf 89' lang='lat' dir='ltr'>rem</span> <span class='ocrx_word' id='word_1_264' title='bbox 597 2124 663 2145; x_wconf 88' lang='lat' dir='ltr'>non</span> <span class='ocrx_word' id='word_1_265' title='bbox 674 2115 757 2145; x_wconf 70' lang='lat' dir='ltr'>levis</span> <span class='ocrx_word' id='word_1_266' title='bbox 772 2114 933 2145; x_wconf 85' lang='lat' dir='ltr'>momenti</span> 
     </span>
     <span class='ocr_line' id='line_1_36' title="bbox 227 2163 536 2202; baseline 0 -9"><span class='ocrx_word' id='word_1_267' title='bbox 227 2172 302 2193; x_wconf 85' lang='lat' dir='ltr'>esse</span> <span class='ocrx_word' id='word_1_268' title='bbox 319 2163 536 2202; x_wconf 85' lang='lat' dir='ltr'>judicabant.</span> 
     </span>
    </p>

    <p class='ocr_par' dir='ltr' id='par_1_16' title="bbox 225 2212 931 2403">
     <span class='ocr_line' id='line_1_37' title="bbox 270 2212 929 2252; baseline 0.003 -11"><span class='ocrx_word' id='word_1_269' title='bbox 270 2212 426 2242; x_wconf 82' lang='lat' dir='ltr'>Mundum</span> <span class='ocrx_word' id='word_1_270' title='bbox 441 2214 630 2252; x_wconf 64' lang='lat' dir='ltr'>complexus]</span> <span class='ocrx_word' id='word_1_271' title='bbox 662 2214 861 2244; x_wconf 70' lang='lat' dir='ltr'>Universam</span> <span class='ocrx_word' id='word_1_272' title='bbox 880 2223 929 2243; x_wconf 89' lang='lat' dir='ltr'>re-</span> 
     </span>
     <span class='ocr_line' id='line_1_38' title="bbox 227 2263 931 2303; baseline 0.001 -11"><span class='ocrx_word' id='word_1_273' title='bbox 227 2271 301 2292; x_wconf 88' lang='lat' dir='ltr'>rum</span> <span class='ocrx_word' id='word_1_274' title='bbox 329 2267 484 2292; x_wconf 78' lang='lat' dir='ltr'>naturam</span> <span class='ocrx_word' id='word_1_275' title='bbox 502 2263 549 2293; x_wconf 86' lang='lat' dir='ltr'>sol</span> <span class='ocrx_word' id='word_1_276' title='bbox 578 2264 821 2303; x_wconf 66' lang='lat' dir='ltr'>complectitur</span> <span class='ocrx_word' id='word_1_277' title='bbox 845 2264 931 2300; x_wconf 78' lang='lat' dir='ltr'>luce,</span> 
     </span>
     <span class='ocr_line' id='line_1_39' title="bbox 226 2311 930 2352; baseline 0.001 -11"><span class='ocrx_word' id='word_1_278' title='bbox 226 2311 344 2349; x_wconf 86' lang='lat' dir='ltr'>radiis,</span> <span class='ocrx_word' id='word_1_279' title='bbox 375 2311 520 2352; x_wconf 77' lang='lat' dir='ltr'>fulgore.</span> <span class='ocrx_word' id='word_1_280' title='bbox 577 2313 698 2342; x_wconf 77' lang='lat' dir='ltr'>Nullus</span> <span class='ocrx_word' id='word_1_281' title='bbox 727 2313 813 2342; x_wconf 78' lang='lat' dir='ltr'>enirn</span> <span class='ocrx_word' id='word_1_282' title='bbox 835 2313 930 2343; x_wconf 83' lang='lat' dir='ltr'>locus</span> 
     </span>
     <span class='ocr_line' id='line_1_40' title="bbox 225 2364 730 2403; baseline 0 -10"><span class='ocrx_word' id='word_1_283' title='bbox 225 2366 281 2394; x_wconf 90' lang='lat' dir='ltr'>est</span> <span class='ocrx_word' id='word_1_284' title='bbox 292 2373 356 2403; x_wconf 90' lang='lat' dir='ltr'>quo</span> <span class='ocrx_word' id='word_1_285' title='bbox 372 2373 436 2393; x_wconf 89' lang='lat' dir='ltr'>uon</span> <span class='ocrx_word' id='word_1_286' title='bbox 455 2364 518 2393; x_wconf 80' lang='lat' dir='ltr'>ista</span> <span class='ocrx_word' id='word_1_287' title='bbox 536 2368 730 2402; x_wconf 83' lang='lat' dir='ltr'>penetrent.</span> 
     </span>
    </p>

    <p class='ocr_par' dir='ltr' id='par_1_17' title="bbox 224 2413 930 2606">
     <span class='ocr_line' id='line_1_41' title="bbox 267 2413 930 2453; baseline 0 -9"><span class='ocrx_word' id='word_1_288' title='bbox 267 2416 287 2444; x_wconf 84' lang='lat'><strong>2</strong></span> <span class='ocrx_word' id='word_1_289' title='bbox 311 2414 487 2444; x_wconf 79' lang='lat' dir='ltr'>Redeuntia</span> <span class='ocrx_word' id='word_1_290' title='bbox 500 2414 626 2453; x_wconf 77' lang='lat' dir='ltr'>soecula]</span> <span class='ocrx_word' id='word_1_291' title='bbox 661 2413 802 2453; x_wconf 80' lang='lat' dir='ltr'>Optime</span> <span class='ocrx_word' id='word_1_292' title='bbox 819 2416 930 2453; x_wconf 83' lang='lat' dir='ltr'>expri-</span> 
     </span>
     <span class='ocr_line' id='line_1_42' title="bbox 225 2462 928 2495; baseline -0.001 -1"><span class='ocrx_word' id='word_1_293' title='bbox 225 2462 288 2494; x_wconf 89' lang='lat' dir='ltr'>mit</span> <span class='ocrx_word' id='word_1_294' title='bbox 317 2465 394 2494; x_wconf 89' lang='lat' dir='ltr'>anni</span> <span class='ocrx_word' id='word_1_295' title='bbox 421 2465 454 2495; x_wconf 90' lang='lat' dir='ltr'>in</span> <span class='ocrx_word' id='word_1_296' title='bbox 479 2475 512 2494; x_wconf 84' lang='lat' dir='ltr'>se</span> <span class='ocrx_word' id='word_1_297' title='bbox 531 2464 702 2494; x_wconf 70' lang='lat' dir='ltr'>redeuntis</span> <span class='ocrx_word' id='word_1_298' title='bbox 726 2464 928 2495; x_wconf 79' lang='lat' dir='ltr'>vicissitudi-</span> 
     </span>
     <span class='ocr_line' id='line_1_43' title="bbox 224 2515 928 2555; baseline -0.001 -10"><span class='ocrx_word' id='word_1_299' title='bbox 224 2524 322 2554; x_wconf 69' lang='lat' dir='ltr'>nem,</span> <span class='ocrx_word' id='word_1_300' title='bbox 347 2516 469 2546; x_wconf 85' lang='lat' dir='ltr'>ethinc</span> <span class='ocrx_word' id='word_1_301' title='bbox 487 2525 592 2546; x_wconf 75' lang='lat' dir='ltr'>atinus</span> <span class='ocrx_word' id='word_1_302' title='bbox 610 2515 732 2553; x_wconf 89' lang='lat' dir='ltr'>dictus,</span> <span class='ocrx_word' id='word_1_303' title='bbox 751 2515 845 2555; x_wconf 85' lang='lat' dir='ltr'>quasi</span> <span class='ocrx_word' id='word_1_304' title='bbox 872 2525 928 2544; x_wconf 86' lang='lat' dir='ltr'>an-</span> 
     </span>
     <span class='ocr_line' id='line_1_44' title="bbox 225 2565 926 2606; baseline 0.001 -11"><span class='ocrx_word' id='word_1_305' title='bbox 225 2566 335 2604; x_wconf 83' lang='lat' dir='ltr'>nulus,</span> <span class='ocrx_word' id='word_1_306' title='bbox 368 2567 444 2606; x_wconf 77' lang='lat' dir='ltr'>quin</span> <span class='ocrx_word' id='word_1_307' title='bbox 477 2567 566 2596; x_wconf 69' lang='lat' dir='ltr'>redit</span> <span class='ocrx_word' id='word_1_308' title='bbox 598 2567 630 2596; x_wconf 91' lang='grc'>111</span> <span class='ocrx_word' id='word_1_309' title='bbox 655 2575 701 2596; x_wconf 84' lang='lat' dir='ltr'>se.</span> <span class='ocrx_word' id='word_1_310' title='bbox 743 2565 926 2605; x_wconf 79' lang='lat' dir='ltr'>Virgilius:</span> 
     </span>
    </p>
   </div>
   <div class='ocr_carea' id='block_1_10' title="bbox 983 1958 1700 2598">
    <p class='ocr_par' dir='ltr' id='par_1_18' title="bbox 986 1958 1700 2203">
     <span class='ocr_line' id='line_1_45' title="bbox 1032 1958 1700 2003; baseline -0.003 -9"><span class='ocrx_word' id='word_1_311' title='bbox 1032 1967 1051 1994; x_wconf 82' lang='lat'><strong>6</strong></span> <span class='ocrx_word' id='word_1_312' title='bbox 1080 1958 1240 2002; x_wconf 76' lang='lat' dir='ltr'>Vestigia]</span> <span class='ocrx_word' id='word_1_313' title='bbox 1279 1962 1350 1994; x_wconf 88' lang='lat' dir='ltr'>Alii</span> <span class='ocrx_word' id='word_1_314' title='bbox 1389 1964 1524 2003; x_wconf 83' lang='lat' dir='ltr'>legunt,</span> <span class='ocrx_word' id='word_1_315' title='bbox 1548 1960 1700 2001; x_wconf 83' lang='lat' dir='ltr'>fastigia,</span> 
     </span>
     <span class='ocr_line' id='line_1_46' title="bbox 988 2011 1699 2054; baseline -0.001 -11"><span class='ocrx_word' id='word_1_316' title='bbox 988 2013 1022 2043; x_wconf 89' lang='lat' dir='ltr'>id</span> <span class='ocrx_word' id='word_1_317' title='bbox 1048 2018 1112 2053; x_wconf 84' lang='lat' dir='ltr'>est,</span> <span class='ocrx_word' id='word_1_318' title='bbox 1137 2023 1243 2044; x_wconf 86' lang='lat' dir='ltr'>annus</span> <span class='ocrx_word' id='word_1_319' title='bbox 1261 2017 1420 2054; x_wconf 80' lang='lat' dir='ltr'>torqueat</span> <span class='ocrx_word' id='word_1_320' title='bbox 1445 2011 1607 2051; x_wconf 71' lang='lat' dir='ltr'>t&#39;astigia;</span> <span class='ocrx_word' id='word_1_321' title='bbox 1637 2021 1699 2042; x_wconf 87' lang='lat' dir='ltr'>seu</span> 
     </span>
     <span class='ocr_line' id='line_1_47' title="bbox 988 2062 1700 2104; baseline -0.001 -10"><span class='ocrx_word' id='word_1_322' title='bbox 988 2073 1108 2101; x_wconf 88' lang='lat' dir='ltr'>annus,</span> <span class='ocrx_word' id='word_1_323' title='bbox 1139 2073 1214 2094; x_wconf 86' lang='lat' dir='ltr'>sese</span> <span class='ocrx_word' id='word_1_324' title='bbox 1246 2063 1437 2104; x_wconf 85' lang='lat' dir='ltr'>torquendo</span> <span class='ocrx_word' id='word_1_325' title='bbox 1458 2073 1497 2094; x_wconf 85' lang='lat' dir='ltr'>ac</span> <span class='ocrx_word' id='word_1_326' title='bbox 1519 2062 1700 2102; x_wconf 87' lang='lat' dir='ltr'>volvendo,</span> 
     </span>
     <span class='ocr_line' id='line_1_48' title="bbox 988 2112 1697 2153; baseline -0.001 -9"><span class='ocrx_word' id='word_1_327' title='bbox 988 2115 1047 2145; x_wconf 85' lang='lat' dir='ltr'>(let</span> <span class='ocrx_word' id='word_1_328' title='bbox 1065 2115 1286 2145; x_wconf 87' lang='lat' dir='ltr'>Consu!atum</span> <span class='ocrx_word' id='word_1_329' title='bbox 1301 2124 1360 2144; x_wconf 86' lang='lat' dir='ltr'>sen</span> <span class='ocrx_word' id='word_1_330' title='bbox 1389 2112 1540 2153; x_wconf 76' lang='lat' dir='ltr'>supremi</span> <span class='ocrx_word' id='word_1_331' title='bbox 1561 2112 1697 2144; x_wconf 86' lang='lat' dir='ltr'>honoris</span> 
     </span>
     <span class='ocr_line' id='line_1_49' title="bbox 986 2163 1480 2203; baseline 0 -9"><span class='ocrx_word' id='word_1_332' title='bbox 986 2164 1124 2203; x_wconf 81' lang='lat' dir='ltr'>fastigia</span> <span class='ocrx_word' id='word_1_333' title='bbox 1141 2164 1274 2194; x_wconf 87' lang='lat' dir='ltr'>duobus</span> <span class='ocrx_word' id='word_1_334' title='bbox 1288 2163 1480 2194; x_wconf 81' lang='lat' dir='ltr'>Fratribus.</span> 
     </span>
    </p>

    <p class='ocr_par' dir='ltr' id='par_1_19' title="bbox 985 2211 1698 2447">
     <span class='ocr_line' id='line_1_50' title="bbox 1028 2211 1698 2254; baseline -0.001 -10"><span class='ocrx_word' id='word_1_335' title='bbox 1028 2217 1047 2244; x_wconf 84' lang='grc'>8</span> <span class='ocrx_word' id='word_1_336' title='bbox 1075 2214 1281 2254; x_wconf 65' lang='lat' dir='ltr'>Aut-lienium]</span> <span class='ocrx_word' id='word_1_337' title='bbox 1319 2213 1532 2243; x_wconf 85' lang='lat' dir='ltr'>Auchenium</span> <span class='ocrx_word' id='word_1_338' title='bbox 1549 2216 1584 2243; x_wconf 89' lang='lat' dir='ltr'>et</span> <span class='ocrx_word' id='word_1_339' title='bbox 1615 2211 1698 2243; x_wconf 87' lang='lat' dir='ltr'>Ani-</span> 
     </span>
     <span class='ocr_line' id='line_1_51' title="bbox 985 2262 1696 2303; baseline -0.001 -9"><span class='ocrx_word' id='word_1_340' title='bbox 985 2263 1073 2294; x_wconf 88' lang='lat' dir='ltr'>cium</span> <span class='ocrx_word' id='word_1_341' title='bbox 1091 2273 1196 2303; x_wconf 82' lang='lat' dir='ltr'>genus</span> <span class='ocrx_word' id='word_1_342' title='bbox 1209 2273 1310 2293; x_wconf 88' lang='lat' dir='ltr'>unum</span> <span class='ocrx_word' id='word_1_343' title='bbox 1326 2268 1361 2293; x_wconf 87' lang='lat' dir='ltr'>et</span> <span class='ocrx_word' id='word_1_344' title='bbox 1389 2263 1479 2293; x_wconf 88' lang='lat' dir='ltr'>idem</span> <span class='ocrx_word' id='word_1_345' title='bbox 1497 2272 1571 2293; x_wconf 89' lang='lat' dir='ltr'>esse</span> <span class='ocrx_word' id='word_1_346' title='bbox 1587 2262 1696 2294; x_wconf 87' lang='lat' dir='ltr'>Hein-</span> 
     </span>
     <span class='ocr_line' id='line_1_52' title="bbox 985 2312 1698 2353; baseline -0.001 -9"><span class='ocrx_word' id='word_1_347' title='bbox 985 2313 1053 2344; x_wconf 86' lang='grc'>51115</span> <span class='ocrx_word' id='word_1_348' title='bbox 1068 2313 1208 2353; x_wconf 81' lang='lat' dir='ltr'>probat3</span> <span class='ocrx_word' id='word_1_349' title='bbox 1236 2313 1405 2344; x_wconf 88' lang='lat' dir='ltr'>Probinus</span> <span class='ocrx_word' id='word_1_350' title='bbox 1430 2317 1544 2343; x_wconf 82' lang='lat' dir='ltr'>autem</span> <span class='ocrx_word' id='word_1_351' title='bbox 1561 2316 1598 2343; x_wconf 86' lang='lat' dir='ltr'>et</span> <span class='ocrx_word' id='word_1_352' title='bbox 1613 2312 1698 2353; x_wconf 90' lang='lat' dir='ltr'>Oly-</span> 
     </span>
     <span class='ocr_line' id='line_1_53' title="bbox 988 2364 1693 2404; baseline 0.003 -10"><span class='ocrx_word' id='word_1_353' title='bbox 988 2364 1079 2395; x_wconf 85' lang='lat' dir='ltr'>brius</span> <span class='ocrx_word' id='word_1_354' title='bbox 1114 2365 1276 2396; x_wconf 82' lang='lat' dir='ltr'>Consules</span> <span class='ocrx_word' id='word_1_355' title='bbox 1303 2365 1369 2396; x_wconf 87' lang='lat' dir='ltr'>orti</span> <span class='ocrx_word' id='word_1_356' title='bbox 1398 2368 1496 2395; x_wconf 89' lang='lat' dir='ltr'>erant</span> <span class='ocrx_word' id='word_1_357' title='bbox 1521 2374 1563 2395; x_wconf 87' lang='lat' dir='ltr'>ex</span> <span class='ocrx_word' id='word_1_358' title='bbox 1588 2370 1693 2404; x_wconf 84' lang='lat' dir='ltr'>gente</span> 
     </span>
     <span class='ocr_line' id='line_1_54' title="bbox 986 2415 1194 2447; baseline 0.01 -2"><span class='ocrx_word' id='word_1_359' title='bbox 986 2415 1194 2447; x_wconf 82' lang='lat' dir='ltr'>Aniciorum.</span> 
     </span>
    </p>

    <p class='ocr_par' dir='ltr' id='par_1_20' title="bbox 983 2464 1696 2598">
     <span class='ocr_line' id='line_1_55' title="bbox 1027 2464 1696 2505; baseline -0.001 -9"><span class='ocrx_word' id='word_1_360' title='bbox 1027 2469 1047 2496; x_wconf 89' lang='grc'>9</span> <span class='ocrx_word' id='word_1_361' title='bbox 1072 2465 1241 2504; x_wconf 76' lang='lat' dir='ltr'>Anniadoe]</span> <span class='ocrx_word' id='word_1_362' title='bbox 1274 2464 1465 2496; x_wconf 80' lang='lat' dir='ltr'>Anniorum</span> <span class='ocrx_word' id='word_1_363' title='bbox 1495 2474 1576 2505; x_wconf 86' lang='lat' dir='ltr'>gens</span> <span class='ocrx_word' id='word_1_364' title='bbox 1602 2464 1696 2495; x_wconf 88' lang='lat' dir='ltr'>illus-</span> 
     </span>
     <span class='ocr_line' id='line_1_56' title="bbox 986 2514 1694 2553; baseline 0.001 -8"><span class='ocrx_word' id='word_1_365' title='bbox 986 2516 1041 2546; x_wconf 65' lang='lat' dir='ltr'>tris</span> <span class='ocrx_word' id='word_1_366' title='bbox 1076 2514 1142 2545; x_wconf 85' lang='lat' dir='ltr'>fuit</span> <span class='ocrx_word' id='word_1_367' title='bbox 1171 2515 1302 2553; x_wconf 69' lang='lat' dir='ltr'>Rom‘ae,</span> <span class='ocrx_word' id='word_1_368' title='bbox 1318 2521 1353 2546; x_wconf 90' lang='lat' dir='ltr'>et</span> <span class='ocrx_word' id='word_1_369' title='bbox 1384 2525 1459 2546; x_wconf 89' lang='lat' dir='ltr'>cum</span> <span class='ocrx_word' id='word_1_370' title='bbox 1491 2515 1694 2546; x_wconf 86' lang='lat' dir='ltr'>Aniciorum</span> 
     </span>
     <span class='ocr_line' id='line_1_57' title="bbox 983 2566 1695 2598; baseline 0 0"><span class='ocrx_word' id='word_1_371' title='bbox 983 2567 1110 2598; x_wconf 85' lang='lat' dir='ltr'>familia</span> <span class='ocrx_word' id='word_1_372' title='bbox 1126 2568 1418 2598; x_wconf 77' lang='lat' dir='ltr'>matrimoniorum</span> <span class='ocrx_word' id='word_1_373' title='bbox 1436 2566 1602 2598; x_wconf 79' lang='lat' dir='ltr'>affinitate</span> <span class='ocrx_word' id='word_1_374' title='bbox 1616 2576 1695 2598; x_wconf 85' lang='lat' dir='ltr'>con·</span> 
     </span>
    </p>
   </div>
   <div class='ocr_carea' id='block_1_11' title="bbox 224 2614 1374 2659">
    <p class='ocr_par' dir='ltr' id='par_1_21' title="bbox 224 2614 1374 2659">
     <span class='ocr_line' id='line_1_58' title="bbox 224 2614 1374 2659; baseline 0.003 -14"><span class='ocrx_word' id='word_1_375' title='bbox 224 2614 358 2656; x_wconf 85' lang='lat' dir='ltr'>‘Atque</span> <span class='ocrx_word' id='word_1_376' title='bbox 376 2617 408 2647; x_wconf 89' lang='lat' dir='ltr'>in</span> <span class='ocrx_word' id='word_1_377' title='bbox 420 2627 455 2647; x_wconf 84' lang='lat' dir='ltr'>se</span> <span class='ocrx_word' id='word_1_378' title='bbox 471 2626 530 2647; x_wconf 86' lang='lat' dir='ltr'>sua</span> <span class='ocrx_word' id='word_1_379' title='bbox 546 2626 607 2657; x_wconf 89' lang='lat' dir='ltr'>per</span> <span class='ocrx_word' id='word_1_380' title='bbox 624 2616 766 2655; x_wconf 80' lang='lat' dir='ltr'>vestigia</span> <span class='ocrx_word' id='word_1_381' title='bbox 781 2616 929 2646; x_wconf 86' lang='lat' dir='ltr'>volvitur</span> <span class='ocrx_word' id='word_1_382' title='bbox 978 2619 1102 2659; x_wconf 86' lang='lat' dir='ltr'>juncta</span> <span class='ocrx_word' id='word_1_383' title='bbox 1120 2619 1216 2648; x_wconf 78' lang='lat' dir='ltr'>simul</span> <span class='ocrx_word' id='word_1_384' title='bbox 1235 2618 1374 2649; x_wconf 83' lang='lat' dir='ltr'>coaluit.</span> 
     </span>
    </p>
   </div>
   <div class='ocr_carea' id='block_1_12' title="bbox 225 2667 928 2809">
    <p class='ocr_par' dir='ltr' id='par_1_22' title="bbox 225 2667 928 2809">
     <span class='ocr_line' id='line_1_59' title="bbox 225 2667 355 2697; baseline 0.008 -1"><span class='ocrx_word' id='word_1_385' title='bbox 225 2667 355 2697; x_wconf 83' lang='lat' dir='ltr'>annus’</span> 
     </span>
     <span class='ocr_line' id='line_1_60' title="bbox 268 2717 928 2757; baseline 0.002 -10"><span class='ocrx_word' id='word_1_386' title='bbox 268 2719 286 2747; x_wconf 79' lang='lat'><strong>3</strong></span> <span class='ocrx_word' id='word_1_387' title='bbox 313 2717 423 2757; x_wconf 86' lang='lat' dir='ltr'>Coma]</span> <span class='ocrx_word' id='word_1_388' title='bbox 448 2718 489 2748; x_wconf 85' lang='lat' dir='ltr'>Id</span> <span class='ocrx_word' id='word_1_389' title='bbox 506 2723 571 2757; x_wconf 83' lang='lat' dir='ltr'>est,</span> <span class='ocrx_word' id='word_1_390' title='bbox 588 2718 714 2749; x_wconf 82' lang='lat' dir='ltr'>radiis:</span> <span class='ocrx_word' id='word_1_391' title='bbox 741 2717 928 2748; x_wconf 85' lang='lat' dir='ltr'>radiienim</span> 
     </span>
     <span class='ocr_line' id='line_1_61' title="bbox 225 2765 844 2809; baseline 0.005 -12"><span class='ocrx_word' id='word_1_392' title='bbox 225 2765 304 2797; x_wconf 89' lang='lat' dir='ltr'>solis</span> <span class='ocrx_word' id='word_1_393' title='bbox 317 2771 396 2798; x_wconf 86' lang='lat' dir='ltr'>sunt</span> <span class='ocrx_word' id='word_1_394' title='bbox 417 2767 491 2808; x_wconf 85' lang='lat' dir='ltr'>ejus</span> <span class='ocrx_word' id='word_1_395' title='bbox 505 2777 624 2809; x_wconf 85' lang='lat' dir='ltr'>comae,</span> <span class='ocrx_word' id='word_1_396' title='bbox 641 2778 700 2800; x_wconf 88' lang='lat' dir='ltr'>seu</span> <span class='ocrx_word' id='word_1_397' title='bbox 723 2768 844 2800; x_wconf 88' lang='lat' dir='ltr'>crines.</span> 
     </span>
    </p>
   </div>
   <div class='ocr_carea' id='block_1_13' title="bbox 984 2666 1697 2801">
    <p class='ocr_par' dir='ltr' id='par_1_23' title="bbox 984 2666 1697 2801">
     <span class='ocr_line' id='line_1_62' title="bbox 1026 2666 1692 2708; baseline -0.002 -9"><span class='ocrx_word' id='word_1_398' title='bbox 1026 2667 1232 2707; x_wconf 80' lang='lat' dir='ltr'>Ductoribus]</span> <span class='ocrx_word' id='word_1_399' title='bbox 1268 2668 1436 2706; x_wconf 88' lang='lat' dir='ltr'>Ducibus,</span> <span class='ocrx_word' id='word_1_400' title='bbox 1476 2666 1692 2708; x_wconf 83' lang='lat' dir='ltr'>regentibus-</span> 
     </span>
     <span class='ocr_line' id='line_1_63' title="bbox 986 2716 1697 2759; baseline -0.001 -10"><span class='ocrx_word' id='word_1_401' title='bbox 986 2728 1051 2759; x_wconf 84' lang='lat' dir='ltr'>que</span> <span class='ocrx_word' id='word_1_402' title='bbox 1081 2717 1297 2757; x_wconf 88' lang='lat' dir='ltr'>Consulibus,</span> <span class='ocrx_word' id='word_1_403' title='bbox 1335 2718 1415 2749; x_wconf 84' lang='lat' dir='ltr'>anni</span> <span class='ocrx_word' id='word_1_404' title='bbox 1442 2716 1697 2749; x_wconf 83' lang='lat' dir='ltr'>renovabantur</span> 
     </span>
     <span class='ocr_line' id='line_1_64' title="bbox 984 2768 1288 2801; baseline 0 -1"><span class='ocrx_word' id='word_1_405' title='bbox 984 2769 1045 2801; x_wconf 90' lang='lat' dir='ltr'>sub</span> <span class='ocrx_word' id='word_1_406' title='bbox 1060 2768 1155 2800; x_wconf 88' lang='lat' dir='ltr'>novis</span> <span class='ocrx_word' id='word_1_407' title='bbox 1168 2768 1288 2800; x_wconf 83' lang='lat' dir='ltr'>titulis.</span> 
     </span>
    </p>
   </div>
  </div>
 </body>
</html>
