<?xml version="1.0" encoding="UTF-8"?>
<!DOCTYPE html PUBLIC "-//W3C//DTD XHTML 1.0 Transitional//EN"
    "http://www.w3.org/TR/xhtml1/DTD/xhtml1-transitional.dtd">
<html xmlns="http://www.w3.org/1999/xhtml" xml:lang="en" lang="en">
 <head>
  <title>
</title>
<meta http-equiv="Content-Type" content="text/html;charset=utf-8" />
  <meta name='ocr-system' content='tesseract 3.04.00' />
  <meta name='ocr-capabilities' content='ocr_page ocr_carea ocr_par ocr_line ocrx_word'/>
</head>
<body>
  <div class='ocr_page' id='page_1' title='image "./operaomniaexedit01clauuoft_0164.png"; bbox 0 0 1852 3193; ppageno 0'>
   <div class='ocr_carea' id='block_1_1' title="bbox 249 215 335 259">
    <p class='ocr_par' dir='ltr' id='par_1_1' title="bbox 249 215 335 259">
     <span class='ocr_line' id='line_1_1' title="bbox 249 215 335 259; baseline -0.012 0"><span class='ocrx_word' id='word_1_1' title='bbox 249 215 335 259; x_wconf 80' lang='lat'><strong>146</strong></span> 
     </span>
    </p>
   </div>
   <div class='ocr_carea' id='block_1_2' title="bbox 750 221 1221 255">
    <p class='ocr_par' dir='ltr' id='par_1_2' title="bbox 750 221 1221 255">
     <span class='ocr_line' id='line_1_2' title="bbox 750 221 1221 255; baseline -0.013 0"><span class='ocrx_word' id='word_1_2' title='bbox 750 225 826 255; x_wconf 88' lang='lat' dir='ltr'><strong>CL.</strong></span> <span class='ocrx_word' id='word_1_3' title='bbox 859 221 1141 253; x_wconf 84' lang='lat' dir='ltr'>CLAUDIANI</span> <span class='ocrx_word' id='word_1_4' title='bbox 1177 221 1221 250; x_wconf 85' lang='lat' dir='ltr'><strong>V.</strong></span> 
     </span>
    </p>
   </div>
   <div class='ocr_carea' id='block_1_3' title="bbox 247 314 1387 377">
    <p class='ocr_par' dir='ltr' id='par_1_3' title="bbox 247 314 1387 377">
     <span class='ocr_line' id='line_1_3' title="bbox 247 314 1387 377; baseline -0.011 -12"><span class='ocrx_word' id='word_1_5' title='bbox 247 321 457 377; x_wconf 82' lang='lat' dir='ltr'><strong>Arvaque</strong></span> <span class='ocrx_word' id='word_1_6' title='bbox 479 321 731 376; x_wconf 83' lang='lat' dir='ltr'><strong>Mysorum3</strong></span> <span class='ocrx_word' id='word_1_7' title='bbox 763 320 856 374; x_wconf 84' lang='lat' dir='ltr'><strong>jam</strong></span> <span class='ocrx_word' id='word_1_8' title='bbox 875 318 980 359; x_wconf 87' lang='lat' dir='ltr'><strong>nulli</strong></span> <span class='ocrx_word' id='word_1_9' title='bbox 1000 315 1145 357; x_wconf 88' lang='lat' dir='ltr'><strong>flebile</strong></span> <span class='ocrx_word' id='word_1_10' title='bbox 1164 314 1387 363; x_wconf 81' lang='lat' dir='ltr'><strong>damnum,</strong></span> 
     </span>
    </p>
   </div>
   <div class='ocr_carea' id='block_1_4' title="bbox 245 383 1413 580">
    <p class='ocr_par' dir='ltr' id='par_1_4' title="bbox 245 383 1413 580">
     <span class='ocr_line' id='line_1_4' title="bbox 251 383 1308 438; baseline -0.011 -4"><span class='ocrx_word' id='word_1_11' title='bbox 251 391 338 433; x_wconf 87' lang='lat' dir='ltr'><strong>Sed</strong></span> <span class='ocrx_word' id='word_1_12' title='bbox 359 405 511 433; x_wconf 81' lang='lat' dir='ltr'><strong>cursus</strong></span> <span class='ocrx_word' id='word_1_13' title='bbox 533 390 724 431; x_wconf 85' lang='lat' dir='ltr'><strong>solennis</strong></span> <span class='ocrx_word' id='word_1_14' title='bbox 745 391 850 435; x_wconf 79' lang='lat' dir='ltr'><strong>erat,</strong></span> <span class='ocrx_word' id='word_1_15' title='bbox 874 397 1150 438; x_wconf 80' lang='lat' dir='ltr'>campusque</span> <span class='ocrx_word' id='word_1_16' title='bbox 1172 383 1308 423; x_wconf 88' lang='lat' dir='ltr'><strong>furori</strong></span> 
     </span>
     <span class='ocr_line' id='line_1_5' title="bbox 245 453 1355 513; baseline -0.011 -11"><span class='ocrx_word' id='word_1_17' title='bbox 245 459 510 513; x_wconf 82' lang='lat' dir='ltr'><strong>Expositus,</strong></span> <span class='ocrx_word' id='word_1_18' title='bbox 532 467 796 507; x_wconf 75' lang='lat' dir='ltr'>sensumque</span> <span class='ocrx_word' id='word_1_19' title='bbox 817 454 944 493; x_wconf 82' lang='lat' dir='ltr'><strong>malis</strong></span> <span class='ocrx_word' id='word_1_20' title='bbox 965 453 1215 492; x_wconf 81' lang='lat' dir='ltr'><strong>detraxerat</strong></span> <span class='ocrx_word' id='word_1_21' title='bbox 1235 463 1355 491; x_wconf 84' lang='lat' dir='ltr'><strong>usus.</strong></span> 
     </span>
     <span class='ocr_line' id='line_1_6' title="bbox 247 516 1413 580; baseline -0.009 -11"><span class='ocrx_word' id='word_1_22' title='bbox 247 524 354 568; x_wconf 91' lang='lat' dir='ltr'><strong>Heu</strong></span> <span class='ocrx_word' id='word_1_23' title='bbox 374 528 473 577; x_wconf 88' lang='lat' dir='ltr'><strong>heu,</strong></span> <span class='ocrx_word' id='word_1_24' title='bbox 495 539 624 580; x_wconf 81' lang='lat' dir='ltr'><strong>quum</strong></span> <span class='ocrx_word' id='word_1_25' title='bbox 647 522 854 563; x_wconf 83' lang='lat' dir='ltr'><strong>brevibus</strong></span> <span class='ocrx_word' id='word_1_26' title='bbox 876 524 1055 574; x_wconf 86' lang='lat' dir='ltr'><strong>pereunt</strong></span> <span class='ocrx_word' id='word_1_27' title='bbox 1075 519 1266 571; x_wconf 81' lang='lat' dir='ltr'><strong>ingentia</strong></span> <span class='ocrx_word' id='word_1_28' title='bbox 1284 516 1413 559; x_wconf 82' lang='lat' dir='ltr'><strong>fatis!</strong></span> 
     </span>
    </p>
   </div>
   <div class='ocr_carea' id='block_1_5' title="bbox 248 588 1270 649">
    <p class='ocr_par' dir='ltr' id='par_1_5' title="bbox 248 588 1270 649">
     <span class='ocr_line' id='line_1_7' title="bbox 248 588 1270 649; baseline -0.01 -12"><span class='ocrx_word' id='word_1_29' title='bbox 248 594 487 649; x_wconf 86' lang='lat' dir='ltr'><strong>Imperium</strong></span> <span class='ocrx_word' id='word_1_30' title='bbox 509 598 628 634; x_wconf 69' lang='lat' dir='ltr'><strong>tanto</strong></span> <span class='ocrx_word' id='word_1_31' title='bbox 649 591 885 645; x_wconf 70' lang='lat' dir='ltr'><strong>quaesitum</strong></span> <span class='ocrx_word' id='word_1_32' title='bbox 906 588 1128 642; x_wconf 80' lang='lat' dir='ltr'><strong>sanguine,</strong></span> <span class='ocrx_word' id='word_1_33' title='bbox 1150 590 1270 628; x_wconf 83' lang='lat' dir='ltr'><strong>tanto</strong></span> 
     </span>
    </p>
   </div>
   <div class='ocr_carea' id='block_1_6' title="bbox 1658 583 1714 624">
    <p class='ocr_par' dir='ltr' id='par_1_6' title="bbox 1658 583 1714 624">
     <span class='ocr_line' id='line_1_8' title="bbox 1658 583 1714 624; baseline -0.018 0"><span class='ocrx_word' id='word_1_34' title='bbox 1658 583 1714 624; x_wconf 86' lang='lat'><strong>50</strong></span> 
     </span>
    </p>
   </div>
   <div class='ocr_carea' id='block_1_7' title="bbox 249 655 1467 915">
    <p class='ocr_par' dir='ltr' id='par_1_7' title="bbox 249 655 1394 845">
     <span class='ocr_line' id='line_1_9' title="bbox 249 655 1394 714; baseline -0.008 -11"><span class='ocrx_word' id='word_1_35' title='bbox 249 661 499 710; x_wconf 80' lang='lat' dir='ltr'><strong>Servatum,</strong></span> <span class='ocrx_word' id='word_1_36' title='bbox 521 659 636 714; x_wconf 85' lang='lat' dir='ltr'><strong>quod</strong></span> <span class='ocrx_word' id='word_1_37' title='bbox 658 659 774 698; x_wconf 87' lang='lat' dir='ltr'><strong>mille</strong></span> <span class='ocrx_word' id='word_1_38' title='bbox 797 658 956 697; x_wconf 82' lang='lat' dir='ltr'><strong>(lucum</strong></span> <span class='ocrx_word' id='word_1_39' title='bbox 978 668 1186 710; x_wconf 86' lang='lat' dir='ltr'><strong>peperere</strong></span> <span class='ocrx_word' id='word_1_40' title='bbox 1207 655 1394 704; x_wconf 83' lang='lat' dir='ltr'><strong>laboreS,</strong></span> 
     </span>
     <span class='ocr_line' id='line_1_10' title="bbox 251 724 1350 780; baseline -0.007 -10"><span class='ocrx_word' id='word_1_41' title='bbox 251 729 384 780; x_wconf 86' lang='lat' dir='ltr'><strong>Quod</strong></span> <span class='ocrx_word' id='word_1_42' title='bbox 406 730 535 770; x_wconf 81' lang='lat' dir='ltr'><strong>tantis</strong></span> <span class='ocrx_word' id='word_1_43' title='bbox 558 727 761 768; x_wconf 80' lang='lat' dir='ltr'><strong>Romana</strong></span> <span class='ocrx_word' id='word_1_44' title='bbox 782 737 939 765; x_wconf 79' lang='lat' dir='ltr'><strong>manus</strong></span> <span class='ocrx_word' id='word_1_45' title='bbox 962 724 1188 764; x_wconf 77' lang='lat' dir='ltr'><strong>contexuit</strong></span> <span class='ocrx_word' id='word_1_46' title='bbox 1210 724 1350 772; x_wconf 82' lang='lat' dir='ltr'><strong>annis,</strong></span> 
     </span>
     <span class='ocr_line' id='line_1_11' title="bbox 249 792 1301 845; baseline -0.008 -6"><span class='ocrx_word' id='word_1_47' title='bbox 249 796 453 839; x_wconf 86' lang='lat' dir='ltr'><strong>Proditor</strong></span> <span class='ocrx_word' id='word_1_48' title='bbox 473 809 582 837; x_wconf 82' lang='lat' dir='ltr'><strong>unus</strong></span> <span class='ocrx_word' id='word_1_49' title='bbox 603 796 717 835; x_wconf 79' lang='lat' dir='ltr'><strong>iners</strong></span> <span class='ocrx_word' id='word_1_50' title='bbox 739 797 924 845; x_wconf 77' lang='lat' dir='ltr'><strong>angusto</strong></span> <span class='ocrx_word' id='word_1_51' title='bbox 947 796 1139 845; x_wconf 77' lang='lat' dir='ltr'><strong>tempore</strong></span> <span class='ocrx_word' id='word_1_52' title='bbox 1161 792 1301 832; x_wconf 85' lang='lat' dir='ltr'><strong>vertit.</strong></span> 
     </span>
    </p>

    <p class='ocr_par' dir='ltr' id='par_1_8' title="bbox 308 859 1467 915">
     <span class='ocr_line' id='line_1_12' title="bbox 308 859 1467 915; baseline -0.005 -10"><span class='ocrx_word' id='word_1_53' title='bbox 308 864 428 905; x_wconf 82' lang='lat' dir='ltr'><strong>Urbs</strong></span> <span class='ocrx_word' id='word_1_54' title='bbox 449 865 594 912; x_wconf 83' lang='lat' dir='ltr'><strong>etiam,</strong></span> <span class='ocrx_word' id='word_1_55' title='bbox 616 875 786 915; x_wconf 74' lang='lat' dir='ltr'><strong>magnae</strong></span> <span class='ocrx_word' id='word_1_56' title='bbox 809 875 910 914; x_wconf 83' lang='lat' dir='ltr'><strong>quae</strong></span> <span class='ocrx_word' id='word_1_57' title='bbox 932 861 1089 901; x_wconf 82' lang='lat' dir='ltr'><strong>dieitur</strong></span> <span class='ocrx_word' id='word_1_58' title='bbox 1109 860 1270 900; x_wconf 84' lang='lat' dir='ltr'><strong>aemula</strong></span> <span class='ocrx_word' id='word_1_59' title='bbox 1292 859 1467 909; x_wconf 85' lang='lat' dir='ltr'><strong>Romae,</strong></span> 
     </span>
    </p>
   </div>
   <div class='ocr_carea' id='block_1_8' title="bbox 248 929 1267 982">
    <p class='ocr_par' dir='ltr' id='par_1_9' title="bbox 248 929 1267 982">
     <span class='ocr_line' id='line_1_13' title="bbox 248 929 1267 982; baseline -0.008 -7"><span class='ocrx_word' id='word_1_60' title='bbox 248 932 311 975; x_wconf 83' lang='lat' dir='ltr'><strong>Et</strong></span> <span class='ocrx_word' id='word_1_61' title='bbox 331 931 651 974; x_wconf 70' lang='lat' dir='ltr'><strong>Chalcedonius</strong></span> <span class='ocrx_word' id='word_1_62' title='bbox 674 934 824 970; x_wconf 85' lang='lat' dir='ltr'><strong>contra</strong></span> <span class='ocrx_word' id='word_1_63' title='bbox 846 929 1077 982; x_wconf 84' lang='lat' dir='ltr'><strong>despectat</strong></span> <span class='ocrx_word' id='word_1_64' title='bbox 1097 940 1267 977; x_wconf 81' lang='lat' dir='ltr'><strong>arenaS‚</strong></span> 
     </span>
    </p>
   </div>
   <div class='ocr_carea' id='block_1_9' title="bbox 1655 924 1713 964">
    <p class='ocr_par' dir='ltr' id='par_1_10' title="bbox 1655 924 1713 964">
     <span class='ocr_line' id='line_1_14' title="bbox 1655 924 1713 964; baseline 0 0"><span class='ocrx_word' id='word_1_65' title='bbox 1655 924 1713 964; x_wconf 82' lang='lat'><strong>55</strong></span> 
     </span>
    </p>
   </div>
   <div class='ocr_carea' id='block_1_10' title="bbox 249 1048 1717 1142">
    <p class='ocr_par' dir='ltr' id='par_1_11' title="bbox 249 1048 1717 1142">
     <span class='ocr_line' id='line_1_15' title="bbox 249 1048 1715 1100; baseline -0.008 -9"><span class='ocrx_word' id='word_1_66' title='bbox 249 1059 464 1100; x_wconf 76' lang='lat' dir='ltr'><strong>deplorundoe:</strong></span> <span class='ocrx_word' id='word_1_67' title='bbox 481 1057 551 1095; x_wconf 78' lang='lat' dir='ltr'><strong>jum</strong></span> <span class='ocrx_word' id='word_1_68' title='bbox 570 1056 699 1093; x_wconf 75' lang='lat' dir='ltr'><strong>jactura</strong></span> <span class='ocrx_word' id='word_1_69' title='bbox 715 1054 830 1084; x_wconf 80' lang='lat' dir='ltr'><strong>nemini</strong></span> <span class='ocrx_word' id='word_1_70' title='bbox 847 1053 1069 1094; x_wconf 76' lang='lat' dir='ltr'><strong>lacrymabilis,</strong></span> <span class='ocrx_word' id='word_1_71' title='bbox 1095 1054 1148 1082; x_wconf 85' lang='lat' dir='ltr'><strong>sed</strong></span> <span class='ocrx_word' id='word_1_72' title='bbox 1175 1052 1362 1082; x_wconf 80' lang='lat' dir='ltr'><strong>incursiones</strong></span> <span class='ocrx_word' id='word_1_73' title='bbox 1377 1053 1467 1081; x_wconf 83' lang='lat' dir='ltr'><strong>erant</strong></span> <span class='ocrx_word' id='word_1_74' title='bbox 1481 1048 1662 1088; x_wconf 80' lang='lat' dir='ltr'><strong>ordinariae,</strong></span> <span class='ocrx_word' id='word_1_75' title='bbox 1684 1052 1715 1079; x_wconf 82' lang='lat' dir='ltr'><strong>et</strong></span> 
     </span>
     <span class='ocr_line' id='line_1_16' title="bbox 249 1091 1717 1142; baseline -0.007 -9"><span class='ocrx_word' id='word_1_76' title='bbox 249 1103 321 1142; x_wconf 75' lang='lat' dir='ltr'><strong>agri</strong></span> <span class='ocrx_word' id='word_1_77' title='bbox 336 1101 445 1139; x_wconf 54' lang='lat' dir='ltr'><strong>objecti</strong></span> <span class='ocrx_word' id='word_1_78' title='bbox 458 1099 556 1129; x_wconf 73' lang='lat' dir='ltr'><strong>rabiei</strong></span> <span class='ocrx_word' id='word_1_79' title='bbox 573 1098 729 1132; x_wconf 78' lang='lat' dir='ltr'><strong>hostium,</strong></span> <span class='ocrx_word' id='word_1_80' title='bbox 752 1107 787 1126; x_wconf 82' lang='lat' dir='ltr'><strong>ac</strong></span> <span class='ocrx_word' id='word_1_81' title='bbox 803 1097 985 1126; x_wconf 84' lang='lat' dir='ltr'><strong>cousuetudo</strong></span> <span class='ocrx_word' id='word_1_82' title='bbox 1009 1097 1167 1125; x_wconf 79' lang='lat' dir='ltr'><strong>ademerat</strong></span> <span class='ocrx_word' id='word_1_83' title='bbox 1182 1104 1301 1124; x_wconf 82' lang='lat' dir='ltr'><strong>sensum</strong></span> <span class='ocrx_word' id='word_1_84' title='bbox 1318 1094 1351 1123; x_wconf 77' lang='lat' dir='ltr'><strong>in</strong></span> <span class='ocrx_word' id='word_1_85' title='bbox 1367 1093 1498 1123; x_wconf 81' lang='lat' dir='ltr'><strong>damnis.</strong></span> <span class='ocrx_word' id='word_1_86' title='bbox 1544 1092 1618 1123; x_wconf 85' lang='lat' dir='ltr'><strong>Heu</strong></span> <span class='ocrx_word' id='word_1_87' title='bbox 1629 1091 1644 1123; x_wconf 91' lang='lat'><em>!</em></span> <span class='ocrx_word' id='word_1_88' title='bbox 1666 1101 1717 1122; x_wconf 87' lang='lat' dir='ltr'><strong>res</strong></span> 
     </span>
    </p>
   </div>
   <div class='ocr_carea' id='block_1_11' title="bbox 248 1134 1719 1312">
    <p class='ocr_par' dir='ltr' id='par_1_12' title="bbox 248 1134 1719 1312">
     <span class='ocr_line' id='line_1_17' title="bbox 248 1134 1717 1183; baseline -0.007 -8"><span class='ocrx_word' id='word_1_89' title='bbox 248 1154 370 1183; x_wconf 70' lang='lat' dir='ltr'><strong>magua&gt;</strong></span> <span class='ocrx_word' id='word_1_90' title='bbox 385 1153 476 1182; x_wconf 78' lang='lat' dir='ltr'><strong>quum</strong></span> <span class='ocrx_word' id='word_1_91' title='bbox 492 1141 549 1171; x_wconf 75' lang='lat' dir='ltr'><strong>levi</strong></span> <span class='ocrx_word' id='word_1_92' title='bbox 566 1143 661 1170; x_wconf 78' lang='lat' dir='ltr'><strong>ruunt</strong></span> <span class='ocrx_word' id='word_1_93' title='bbox 684 1148 757 1169; x_wconf 79' lang='lat' dir='ltr'><strong>cusu</strong></span> <span class='ocrx_word' id='word_1_94' title='bbox 771 1139 785 1169; x_wconf 73' lang='lat' dir='ltr'><em>l</em></span> <span class='ocrx_word' id='word_1_95' title='bbox 818 1148 896 1168; x_wconf 82' lang='lat' dir='ltr'><strong>unus</strong></span> <span class='ocrx_word' id='word_1_96' title='bbox 921 1137 1074 1175; x_wconf 80' lang='lat' dir='ltr'><strong>Rufinus,</strong></span> <span class='ocrx_word' id='word_1_97' title='bbox 1096 1136 1244 1177; x_wconf 67' lang='lat' dir='ltr'><strong>perfidus,</strong></span> <span class='ocrx_word' id='word_1_98' title='bbox 1265 1137 1407 1175; x_wconf 76' lang='lat' dir='ltr'><strong>ignavus,</strong></span> <span class='ocrx_word' id='word_1_99' title='bbox 1430 1137 1608 1175; x_wconf 78' lang='lat' dir='ltr'><strong>pessumdat</strong></span> <span class='ocrx_word' id='word_1_100' title='bbox 1631 1134 1717 1165; x_wconf 79' lang='lat' dir='ltr'><strong>brem·</strong></span> 
     </span>
     <span class='ocr_line' id='line_1_18' title="bbox 248 1176 1719 1224; baseline -0.006 -7"><span class='ocrx_word' id='word_1_101' title='bbox 248 1189 400 1218; x_wconf 79' lang='lat' dir='ltr'><strong>momento</strong></span> <span class='ocrx_word' id='word_1_102' title='bbox 414 1188 569 1224; x_wconf 76' lang='lat' dir='ltr'><strong>sceptrum</strong></span> <span class='ocrx_word' id='word_1_103' title='bbox 583 1184 794 1222; x_wconf 77' lang='lat' dir='ltr'><strong>comparatum</strong></span> <span class='ocrx_word' id='word_1_104' title='bbox 810 1183 899 1211; x_wconf 78' lang='lat' dir='ltr'><strong>tanto</strong></span> <span class='ocrx_word' id='word_1_105' title='bbox 914 1190 1032 1218; x_wconf 86' lang='lat' dir='ltr'><strong>cruore,</strong></span> <span class='ocrx_word' id='word_1_106' title='bbox 1047 1182 1259 1210; x_wconf 75' lang='lat' dir='ltr'><strong>conservatum</strong></span> <span class='ocrx_word' id='word_1_107' title='bbox 1273 1181 1362 1209; x_wconf 78' lang='lat' dir='ltr'><strong>tanto</strong></span> <span class='ocrx_word' id='word_1_108' title='bbox 1378 1188 1513 1216; x_wconf 83' lang='lat' dir='ltr'><strong>cruore,</strong></span> <span class='ocrx_word' id='word_1_109' title='bbox 1536 1180 1616 1218; x_wconf 83' lang='lat' dir='ltr'><strong>quod</strong></span> <span class='ocrx_word' id='word_1_110' title='bbox 1624 1176 1719 1216; x_wconf 79' lang='lat' dir='ltr'><strong><em>sacta</em></strong></span> 
     </span>
     <span class='ocr_line' id='line_1_19' title="bbox 249 1221 1717 1265; baseline -0.007 -5"><span class='ocrx_word' id='word_1_111' title='bbox 249 1231 332 1260; x_wconf 85' lang='lat' dir='ltr'><strong>mille</strong></span> <span class='ocrx_word' id='word_1_112' title='bbox 356 1229 532 1259; x_wconf 79' lang='lat' dir='ltr'><strong>Ductoran</strong></span> <span class='ocrx_word' id='word_1_113' title='bbox 558 1225 796 1265; x_wconf 70' lang='lat' dir='ltr'><strong>acquisiverunt,</strong></span> <span class='ocrx_word' id='word_1_114' title='bbox 819 1224 897 1263; x_wconf 85' lang='lat' dir='ltr'><strong>quod</strong></span> <span class='ocrx_word' id='word_1_115' title='bbox 914 1233 974 1263; x_wconf 84' lang='lat' dir='ltr'><strong>per</strong></span> <span class='ocrx_word' id='word_1_116' title='bbox 992 1226 1039 1253; x_wconf 82' lang='lat' dir='ltr'><strong>tot</strong></span> <span class='ocrx_word' id='word_1_117' title='bbox 1068 1222 1180 1252; x_wconf 61' lang='grc' dir='ltr'><strong>δικαία</strong></span> <span class='ocrx_word' id='word_1_118' title='bbox 1209 1222 1351 1252; x_wconf 84' lang='lat' dir='ltr'><strong>Romana</strong></span> <span class='ocrx_word' id='word_1_119' title='bbox 1375 1224 1513 1261; x_wconf 81' lang='lat' dir='ltr'><strong>potestas</strong></span> <span class='ocrx_word' id='word_1_120' title='bbox 1538 1221 1717 1251; x_wconf 80' lang='lat' dir='ltr'><strong>connexuit.</strong></span> 
     </span>
     <span class='ocr_line' id='line_1_20' title="bbox 255 1264 1719 1312; baseline -0.007 -9"><span class='ocrx_word' id='word_1_121' title='bbox 255 1272 335 1303; x_wconf 88' lang='lat' dir='ltr'><strong>Urbs</strong></span> <span class='ocrx_word' id='word_1_122' title='bbox 350 1281 466 1312; x_wconf 81' lang='lat' dir='ltr'><strong>quoque</strong></span> <span class='ocrx_word' id='word_1_123' title='bbox 482 1280 549 1310; x_wconf 75' lang='lat' dir='ltr'><strong>quse</strong></span> <span class='ocrx_word' id='word_1_124' title='bbox 558 1268 667 1306; x_wconf 77' lang='lat' dir='ltr'><strong>fertur</strong></span> <span class='ocrx_word' id='word_1_125' title='bbox 681 1267 787 1298; x_wconf 79' lang='lat' dir='ltr'><strong>fuisse</strong></span> <span class='ocrx_word' id='word_1_126' title='bbox 802 1267 912 1297; x_wconf 77' lang='lat' dir='ltr'><strong>rivalis</strong></span> <span class='ocrx_word' id='word_1_127' title='bbox 929 1266 1038 1296; x_wconf 75' lang='lat' dir='ltr'><strong>Roma&gt;</strong></span> <span class='ocrx_word' id='word_1_128' title='bbox 1053 1265 1203 1305; x_wconf 77' lang='lat' dir='ltr'><strong>ingentis,</strong></span> <span class='ocrx_word' id='word_1_129' title='bbox 1218 1275 1253 1295; x_wconf 83' lang='lat' dir='ltr'><strong>ac</strong></span> <span class='ocrx_word' id='word_1_130' title='bbox 1269 1274 1336 1305; x_wconf 81' lang='lat' dir='ltr'><strong>quae</strong></span> <span class='ocrx_word' id='word_1_131' title='bbox 1349 1264 1411 1296; x_wconf 81' lang='lat' dir='ltr'><strong>situ</strong></span> <span class='ocrx_word' id='word_1_132' title='bbox 1427 1266 1471 1294; x_wconf 80' lang='lat' dir='ltr'><strong>est</strong></span> <span class='ocrx_word' id='word_1_133' title='bbox 1486 1266 1592 1294; x_wconf 82' lang='lat' dir='ltr'><strong>contra</strong></span> <span class='ocrx_word' id='word_1_134' title='bbox 1605 1272 1719 1294; x_wconf 78' lang='lat' dir='ltr'><strong>arenas-</strong></span> 
     </span>
    </p>
   </div>
   <div class='ocr_carea' id='block_1_12' title="bbox 867 1347 1101 1360">
    <p class='ocr_par' dir='ltr' id='par_1_13' title="bbox 867 1347 1101 1360">
     <span class='ocr_line' id='line_1_21' title="bbox 867 1347 1101 1360; baseline 0.004 -2"><span class='ocrx_word' id='word_1_135' title='bbox 867 1347 1101 1360; x_wconf 59' lang='lat' dir='ltr'><strong>eeeeeeeeeeee</strong></span> 
     </span>
    </p>
   </div>
   <div class='ocr_carea' id='block_1_13' title="bbox 250 1403 1721 1878">
    <p class='ocr_par' dir='ltr' id='par_1_14' title="bbox 250 1403 1721 1878">
     <span class='ocr_line' id='line_1_22' title="bbox 251 1403 1721 1445; baseline -0.007 -2"><span class='ocrx_word' id='word_1_136' title='bbox 251 1413 319 1444; x_wconf 82' lang='lat' dir='ltr'><strong>Nec</strong></span> <span class='ocrx_word' id='word_1_137' title='bbox 335 1420 394 1441; x_wconf 84' lang='lat' dir='ltr'><strong>non</strong></span> <span class='ocrx_word' id='word_1_138' title='bbox 411 1409 521 1439; x_wconf 87' lang='lat' dir='ltr'><strong>Pann.</strong></span> <span class='ocrx_word' id='word_1_139' title='bbox 550 1408 610 1438; x_wconf 84' lang='lat' dir='ltr'><strong>alt.</strong></span> <span class='ocrx_word' id='word_1_140' title='bbox 628 1406 722 1437; x_wconf 81' lang='lat' dir='ltr'><strong>Leid.</strong></span> <span class='ocrx_word' id='word_1_141' title='bbox 748 1405 813 1436; x_wconf 88' lang='lat' dir='ltr'><strong>duo</strong></span> <span class='ocrx_word' id='word_1_142' title='bbox 829 1406 907 1436; x_wconf 86' lang='lat' dir='ltr'><strong>Vat.</strong></span> <span class='ocrx_word' id='word_1_143' title='bbox 932 1405 1055 1435; x_wconf 82' lang='lat' dir='ltr'><strong>Petav.</strong></span> <span class='ocrx_word' id='word_1_144' title='bbox 1084 1414 1134 1445; x_wconf 84' lang='lat' dir='ltr'><strong>pr.</strong></span> <span class='ocrx_word' id='word_1_145' title='bbox 1160 1405 1235 1435; x_wconf 79' lang='grc' dir='ltr'><strong>ιΙαηι</strong></span> <span class='ocrx_word' id='word_1_146' title='bbox 1262 1405 1316 1435; x_wconf 88' lang='lat' dir='ltr'><strong>vel</strong></span> <span class='ocrx_word' id='word_1_147' title='bbox 1345 1404 1428 1434; x_wconf 82' lang='lat' dir='ltr'><strong>Nam</strong></span> <span class='ocrx_word' id='word_1_148' title='bbox 1444 1403 1557 1434; x_wconf 82' lang='lat' dir='ltr'><strong>Oxon.</strong></span> <span class='ocrx_word' id='word_1_149' title='bbox 1575 1405 1721 1443; x_wconf 79' lang='lat' dir='ltr'><strong>pr.—46</strong></span> 
     </span>
     <span class='ocr_line' id='line_1_23' title="bbox 250 1445 1717 1488; baseline -0.006 -3"><span class='ocrx_word' id='word_1_150' title='bbox 250 1456 423 1486; x_wconf 81' lang='lat' dir='ltr'><strong>Mcesorum</strong></span> <span class='ocrx_word' id='word_1_151' title='bbox 437 1451 572 1482; x_wconf 82' lang='lat' dir='ltr'><strong>Tholos.</strong></span> <span class='ocrx_word' id='word_1_152' title='bbox 588 1451 746 1480; x_wconf 84' lang='lat' dir='ltr'><strong>Mesorum</strong></span> <span class='ocrx_word' id='word_1_153' title='bbox 762 1449 841 1478; x_wconf 83' lang='lat' dir='ltr'><strong>Vat.</strong></span> <span class='ocrx_word' id='word_1_154' title='bbox 861 1452 971 1488; x_wconf 85' lang='lat' dir='ltr'><strong>quart.</strong></span> <span class='ocrx_word' id='word_1_155' title='bbox 991 1447 1086 1478; x_wconf 89' lang='lat' dir='ltr'><strong>Med.</strong></span> <span class='ocrx_word' id='word_1_156' title='bbox 1113 1457 1182 1478; x_wconf 83' lang='lat' dir='ltr'><strong>sec.</strong></span> <span class='ocrx_word' id='word_1_157' title='bbox 1199 1448 1361 1487; x_wconf 79' lang='lat' dir='ltr'><strong>IlIysorum</strong></span> <span class='ocrx_word' id='word_1_158' title='bbox 1378 1447 1432 1476; x_wconf 81' lang='lat' dir='ltr'><strong>vel</strong></span> <span class='ocrx_word' id='word_1_159' title='bbox 1447 1446 1616 1476; x_wconf 83' lang='lat' dir='ltr'><strong>IlIoesorum</strong></span> <span class='ocrx_word' id='word_1_160' title='bbox 1633 1445 1717 1476; x_wconf 87' lang='lat' dir='ltr'><strong>Exc.</strong></span> 
     </span>
     <span class='ocr_line' id='line_1_24' title="bbox 251 1491 1718 1535; baseline -0.007 -7"><span class='ocrx_word' id='word_1_161' title='bbox 251 1497 354 1535; x_wconf 86' lang='lat' dir='ltr'><strong>Laeti,</strong></span> <span class='ocrx_word' id='word_1_162' title='bbox 381 1495 542 1525; x_wconf 78' lang='lat' dir='ltr'><strong>missorum</strong></span> <span class='ocrx_word' id='word_1_163' title='bbox 569 1493 668 1522; x_wconf 82' lang='lat' dir='ltr'><strong>Voss.</strong></span> <span class='ocrx_word' id='word_1_164' title='bbox 696 1501 755 1522; x_wconf 87' lang='lat' dir='ltr'><strong>non</strong></span> <span class='ocrx_word' id='word_1_165' title='bbox 778 1491 834 1521; x_wconf 81' lang='lat' dir='ltr'><strong>ulli</strong></span> <span class='ocrx_word' id='word_1_166' title='bbox 861 1491 942 1521; x_wconf 87' lang='lat' dir='ltr'><strong>Vat.</strong></span> <span class='ocrx_word' id='word_1_167' title='bbox 971 1495 1083 1531; x_wconf 84' lang='lat' dir='ltr'><strong>quart.</strong></span> <span class='ocrx_word' id='word_1_168' title='bbox 1113 1491 1197 1522; x_wconf 84' lang='lat' dir='ltr'><strong>Exc.</strong></span> <span class='ocrx_word' id='word_1_169' title='bbox 1229 1491 1372 1520; x_wconf 82' lang='lat' dir='ltr'><strong>Lucens.</strong></span> <span class='ocrx_word' id='word_1_170' title='bbox 1391 1491 1530 1528; x_wconf 73' lang='lat' dir='ltr'><strong>pr.—48</strong></span> <span class='ocrx_word' id='word_1_171' title='bbox 1553 1497 1718 1528; x_wconf 80' lang='lat' dir='ltr'><strong>sensusque</strong></span> 
     </span>
     <span class='ocr_line' id='line_1_25' title="bbox 251 1531 1717 1571; baseline -0.006 -1"><span class='ocrx_word' id='word_1_172' title='bbox 251 1540 345 1571; x_wconf 86' lang='lat' dir='ltr'><strong>Prie.</strong></span> <span class='ocrx_word' id='word_1_173' title='bbox 362 1538 469 1569; x_wconf 83' lang='lat' dir='ltr'><strong>Oisel.</strong></span> <span class='ocrx_word' id='word_1_174' title='bbox 487 1538 564 1567; x_wconf 87' lang='lat' dir='ltr'><strong>Pat.</strong></span> <span class='ocrx_word' id='word_1_175' title='bbox 578 1535 709 1566; x_wconf 82' lang='lat' dir='ltr'><strong>Timan.</strong></span> <span class='ocrx_word' id='word_1_176' title='bbox 738 1534 867 1564; x_wconf 78' lang='lat' dir='ltr'><strong>Mazar.</strong></span> <span class='ocrx_word' id='word_1_177' title='bbox 885 1533 1036 1564; x_wconf 87' lang='lat' dir='ltr'><strong>Florent.</strong></span> <span class='ocrx_word' id='word_1_178' title='bbox 1065 1537 1101 1563; x_wconf 88' lang='lat' dir='ltr'><strong>et</strong></span> <span class='ocrx_word' id='word_1_179' title='bbox 1117 1542 1201 1563; x_wconf 89' lang='lat' dir='ltr'><strong>unus</strong></span> <span class='ocrx_word' id='word_1_180' title='bbox 1221 1533 1343 1563; x_wconf 87' lang='lat' dir='ltr'><strong>Heins.</strong></span> <span class='ocrx_word' id='word_1_181' title='bbox 1360 1532 1436 1563; x_wconf 79' lang='lat' dir='ltr'><strong>mali</strong></span> <span class='ocrx_word' id='word_1_182' title='bbox 1451 1532 1531 1562; x_wconf 80' lang='lat' dir='ltr'><strong>vat.</strong></span> <span class='ocrx_word' id='word_1_183' title='bbox 1549 1540 1617 1561; x_wconf 87' lang='lat' dir='ltr'><strong>sec.</strong></span> <span class='ocrx_word' id='word_1_184' title='bbox 1634 1531 1717 1561; x_wconf 82' lang='lat' dir='ltr'><strong>Put.</strong></span> 
     </span>
     <span class='ocr_line' id='line_1_26' title="bbox 252 1573 1718 1618; baseline -0.007 -5"><span class='ocrx_word' id='word_1_185' title='bbox 252 1582 406 1613; x_wconf 88' lang='lat' dir='ltr'><strong>Florent.</strong></span> <span class='ocrx_word' id='word_1_186' title='bbox 433 1581 560 1610; x_wconf 81' lang='lat' dir='ltr'><strong>Mazar.</strong></span> <span class='ocrx_word' id='word_1_187' title='bbox 577 1577 671 1608; x_wconf 83' lang='lat' dir='ltr'><strong>Med.</strong></span> <span class='ocrx_word' id='word_1_188' title='bbox 689 1581 798 1618; x_wconf 83' lang='lat' dir='ltr'><strong>quart.</strong></span> <span class='ocrx_word' id='word_1_189' title='bbox 826 1580 862 1607; x_wconf 88' lang='lat' dir='ltr'><strong>et</strong></span> <span class='ocrx_word' id='word_1_190' title='bbox 889 1585 957 1606; x_wconf 88' lang='lat' dir='ltr'><strong>sec.</strong></span> <span class='ocrx_word' id='word_1_191' title='bbox 983 1586 1002 1606; x_wconf 82' lang='lat' dir='ltr'><strong>a</strong></span> <span class='ocrx_word' id='word_1_192' title='bbox 1017 1586 1062 1606; x_wconf 91' lang='lat' dir='ltr'><strong>m.</strong></span> <span class='ocrx_word' id='word_1_193' title='bbox 1080 1585 1130 1615; x_wconf 89' lang='lat' dir='ltr'><strong>pr.</strong></span> <span class='ocrx_word' id='word_1_194' title='bbox 1148 1576 1275 1606; x_wconf 87' lang='lat' dir='ltr'><strong>Lovan.</strong></span> <span class='ocrx_word' id='word_1_195' title='bbox 1292 1576 1377 1606; x_wconf 83' lang='lat' dir='ltr'><strong>Exc.</strong></span> <span class='ocrx_word' id='word_1_196' title='bbox 1394 1575 1538 1605; x_wconf 83' lang='lat' dir='ltr'><strong>Lucens.</strong></span> <span class='ocrx_word' id='word_1_197' title='bbox 1556 1583 1608 1614; x_wconf 86' lang='lat' dir='ltr'><strong>pr.</strong></span> <span class='ocrx_word' id='word_1_198' title='bbox 1626 1573 1718 1604; x_wconf 83' lang='lat' dir='ltr'><strong>malis</strong></span> 
     </span>
     <span class='ocr_line' id='line_1_27' title="bbox 250 1617 1718 1659; baseline -0.007 -3"><span class='ocrx_word' id='word_1_199' title='bbox 250 1625 336 1657; x_wconf 82' lang='lat' dir='ltr'><strong>Exc.</strong></span> <span class='ocrx_word' id='word_1_200' title='bbox 356 1625 501 1654; x_wconf 87' lang='lat' dir='ltr'><strong>Lucens.</strong></span> <span class='ocrx_word' id='word_1_201' title='bbox 528 1631 598 1652; x_wconf 79' lang='lat' dir='ltr'><strong>sec.</strong></span> <span class='ocrx_word' id='word_1_202' title='bbox 624 1629 785 1659; x_wconf 80' lang='lat' dir='ltr'><strong>sensusque</strong></span> <span class='ocrx_word' id='word_1_203' title='bbox 808 1620 907 1650; x_wconf 81' lang='lat' dir='ltr'><strong>malus</strong></span> <span class='ocrx_word' id='word_1_204' title='bbox 933 1619 1116 1650; x_wconf 60' lang='lat' dir='ltr'><strong>Rom—49</strong></span> <span class='ocrx_word' id='word_1_205' title='bbox 1140 1619 1213 1649; x_wconf 86' lang='lat' dir='ltr'><strong>Heu</strong></span> <span class='ocrx_word' id='word_1_206' title='bbox 1239 1618 1298 1649; x_wconf 80' lang='lat' dir='ltr'><strong>heu</strong></span> <span class='ocrx_word' id='word_1_207' title='bbox 1324 1617 1579 1658; x_wconf 57' lang='lat' dir='ltr'><strong>praestantiores</strong></span> <span class='ocrx_word' id='word_1_208' title='bbox 1596 1625 1718 1656; x_wconf 85' lang='lat' dir='ltr'><strong>magno</strong></span> 
     </span>
     <span class='ocr_line' id='line_1_28' title="bbox 250 1660 1717 1705; baseline -0.006 -6"><span class='ocrx_word' id='word_1_209' title='bbox 250 1676 405 1705; x_wconf 81' lang='lat' dir='ltr'><strong>numero,</strong></span> <span class='ocrx_word' id='word_1_210' title='bbox 424 1666 509 1696; x_wconf 80' lang='lat' dir='ltr'><strong>Exc.</strong></span> <span class='ocrx_word' id='word_1_211' title='bbox 527 1666 669 1695; x_wconf 85' lang='lat' dir='ltr'><strong>Lucens.</strong></span> <span class='ocrx_word' id='word_1_212' title='bbox 687 1672 737 1703; x_wconf 86' lang='lat' dir='ltr'><strong>pr.</strong></span> <span class='ocrx_word' id='word_1_213' title='bbox 755 1662 807 1692; x_wconf 88' lang='lat' dir='ltr'><strong>ed.</strong></span> <span class='ocrx_word' id='word_1_214' title='bbox 818 1662 932 1692; x_wconf 85' lang='lat' dir='ltr'><strong>Parm.</strong></span> <span class='ocrx_word' id='word_1_215' title='bbox 946 1667 978 1692; x_wconf 81' lang='lat' dir='ltr'><strong>et</strong></span> <span class='ocrx_word' id='word_1_216' title='bbox 990 1662 1103 1692; x_wconf 89' lang='lat' dir='ltr'><strong>Vicet.</strong></span> <span class='ocrx_word' id='word_1_217' title='bbox 1123 1662 1235 1692; x_wconf 78' lang='lat' dir='ltr'><strong>Helzeu</strong></span> <span class='ocrx_word' id='word_1_218' title='bbox 1251 1661 1383 1692; x_wconf 80' lang='lat' dir='ltr'><strong>Mazar.</strong></span> <span class='ocrx_word' id='word_1_219' title='bbox 1402 1660 1576 1691; x_wconf 81' lang='lat' dir='ltr'><strong>Leid.sec.</strong></span> <span class='ocrx_word' id='word_1_220' title='bbox 1595 1660 1717 1690; x_wconf 83' lang='lat' dir='ltr'><strong>Petav.</strong></span> 
     </span>
     <span class='ocr_line' id='line_1_29' title="bbox 250 1702 1717 1743; baseline -0.006 -2"><span class='ocrx_word' id='word_1_221' title='bbox 250 1710 331 1742; x_wconf 85' lang='lat' dir='ltr'><strong>duo.</strong></span> <span class='ocrx_word' id='word_1_222' title='bbox 345 1709 426 1740; x_wconf 91' lang='lat' dir='ltr'><strong>Ald.</strong></span> <span class='ocrx_word' id='word_1_223' title='bbox 442 1709 518 1739; x_wconf 78' lang='lat' dir='ltr'><strong>eheu.</strong></span> <span class='ocrx_word' id='word_1_224' title='bbox 535 1707 577 1738; x_wconf 85' lang='lat' dir='ltr'><strong>al.</strong></span> <span class='ocrx_word' id='word_1_225' title='bbox 594 1711 631 1737; x_wconf 86' lang='lat' dir='ltr'><strong>ut</strong></span> <span class='ocrx_word' id='word_1_226' title='bbox 648 1705 888 1740; x_wconf 80' lang='lat' dir='ltr'><strong>Gesner.satis</strong></span> <span class='ocrx_word' id='word_1_227' title='bbox 904 1708 972 1735; x_wconf 82' lang='lat' dir='ltr'><strong>vet.</strong></span> <span class='ocrx_word' id='word_1_228' title='bbox 990 1704 1075 1743; x_wconf 82' lang='lat' dir='ltr'><strong>Gyr.</strong></span> <span class='ocrx_word' id='word_1_229' title='bbox 1092 1704 1177 1735; x_wconf 84' lang='lat' dir='ltr'><strong>Exc.</strong></span> <span class='ocrx_word' id='word_1_230' title='bbox 1194 1705 1339 1734; x_wconf 84' lang='lat' dir='ltr'><strong>Lucens.</strong></span> <span class='ocrx_word' id='word_1_231' title='bbox 1358 1713 1425 1733; x_wconf 83' lang='lat' dir='ltr'><strong>sec.</strong></span> <span class='ocrx_word' id='word_1_232' title='bbox 1441 1702 1555 1734; x_wconf 74' lang='lat' dir='ltr'><strong>caussis</strong></span> <span class='ocrx_word' id='word_1_233' title='bbox 1570 1707 1717 1743; x_wconf 85' lang='lat' dir='ltr'><strong>quatuor</strong></span> 
     </span>
     <span class='ocr_line' id='line_1_30' title="bbox 252 1745 1716 1787; baseline -0.007 -3"><span class='ocrx_word' id='word_1_234' title='bbox 252 1753 335 1784; x_wconf 82' lang='lat' dir='ltr'><strong>vat.</strong></span> <span class='ocrx_word' id='word_1_235' title='bbox 352 1753 428 1783; x_wconf 80' lang='lat' dir='ltr'><strong>Pal.</strong></span> <span class='ocrx_word' id='word_1_236' title='bbox 442 1752 543 1781; x_wconf 82' lang='lat' dir='ltr'><strong>Farn.</strong></span> <span class='ocrx_word' id='word_1_237' title='bbox 560 1750 654 1780; x_wconf 83' lang='lat' dir='ltr'><strong>Prie.</strong></span> <span class='ocrx_word' id='word_1_238' title='bbox 679 1749 775 1779; x_wconf 82' lang='lat' dir='ltr'><strong>Rott.</strong></span> <span class='ocrx_word' id='word_1_239' title='bbox 793 1747 901 1778; x_wconf 80' lang='lat' dir='ltr'><strong>Oisel.</strong></span> <span class='ocrx_word' id='word_1_240' title='bbox 918 1747 1004 1777; x_wconf 84' lang='lat' dir='ltr'><strong>Exc.</strong></span> <span class='ocrx_word' id='word_1_241' title='bbox 1023 1746 1122 1786; x_wconf 63' lang='lat' dir='ltr'><strong>Laeti,</strong></span> <span class='ocrx_word' id='word_1_242' title='bbox 1138 1756 1212 1787; x_wconf 86' lang='lat' dir='ltr'><strong>quae</strong></span> <span class='ocrx_word' id='word_1_243' title='bbox 1230 1750 1265 1777; x_wconf 90' lang='lat' dir='ltr'><strong>et</strong></span> <span class='ocrx_word' id='word_1_244' title='bbox 1280 1746 1365 1783; x_wconf 79' lang='lat' dir='ltr'><strong>fatis</strong></span> <span class='ocrx_word' id='word_1_245' title='bbox 1380 1746 1435 1777; x_wconf 90' lang='lat' dir='ltr'><strong>vel</strong></span> <span class='ocrx_word' id='word_1_246' title='bbox 1450 1745 1533 1776; x_wconf 71' lang='lat' dir='ltr'><strong>curis</strong></span> <span class='ocrx_word' id='word_1_247' title='bbox 1549 1755 1568 1775; x_wconf 87' lang='lat' dir='ltr'><strong>a</strong></span> <span class='ocrx_word' id='word_1_248' title='bbox 1582 1755 1628 1775; x_wconf 79' lang='lat' dir='ltr'><strong>m.</strong></span> <span class='ocrx_word' id='word_1_249' title='bbox 1645 1754 1716 1775; x_wconf 81' lang='lat' dir='ltr'><strong>see.</strong></span> 
     </span>
     <span class='ocr_line' id='line_1_31' title="bbox 250 1787 1715 1833; baseline -0.006 -7"><span class='ocrx_word' id='word_1_250' title='bbox 250 1799 335 1827; x_wconf 80' lang='lat'>—-51</span> <span class='ocrx_word' id='word_1_251' title='bbox 354 1794 490 1833; x_wconf 66' lang='lat' dir='ltr'><strong>junxere</strong></span> <span class='ocrx_word' id='word_1_252' title='bbox 508 1792 606 1824; x_wconf 87' lang='lat' dir='ltr'><strong>Leid.</strong></span> <span class='ocrx_word' id='word_1_253' title='bbox 624 1801 672 1832; x_wconf 84' lang='lat' dir='ltr'><strong>pr.</strong></span> <span class='ocrx_word' id='word_1_254' title='bbox 692 1790 806 1821; x_wconf 83' lang='lat' dir='ltr'><strong>Oxou.</strong></span> <span class='ocrx_word' id='word_1_255' title='bbox 816 1790 953 1828; x_wconf 75' lang='lat' dir='ltr'><strong>junxere</strong></span> <span class='ocrx_word' id='word_1_256' title='bbox 971 1790 1024 1820; x_wconf 88' lang='lat' dir='ltr'><strong>vel</strong></span> <span class='ocrx_word' id='word_1_257' title='bbox 1036 1799 1183 1830; x_wconf 80' lang='lat' dir='ltr'><strong>peperere</strong></span> <span class='ocrx_word' id='word_1_258' title='bbox 1200 1789 1373 1828; x_wconf 62' lang='lat' dir='ltr'><strong>Regu—52</strong></span> <span class='ocrx_word' id='word_1_259' title='bbox 1396 1789 1493 1819; x_wconf 83' lang='lat' dir='ltr'><strong>armis</strong></span> <span class='ocrx_word' id='word_1_260' title='bbox 1509 1789 1590 1830; x_wconf 66' lang='lat' dir='ltr'><strong>Vat.</strong></span> <span class='ocrx_word' id='word_1_261' title='bbox 1608 1787 1715 1828; x_wconf 84' lang='lat' dir='ltr'><strong>quint.</strong></span> 
     </span>
     <span class='ocr_line' id='line_1_32' title="bbox 251 1832 1716 1878; baseline -0.006 -9"><span class='ocrx_word' id='word_1_262' title='bbox 251 1842 337 1870; x_wconf 78' lang='grc'><strong>-54</strong></span> <span class='ocrx_word' id='word_1_263' title='bbox 359 1837 484 1868; x_wconf 81' lang='lat' dir='ltr'><strong>ducitur</strong></span> <span class='ocrx_word' id='word_1_264' title='bbox 500 1837 579 1866; x_wconf 81' lang='lat' dir='ltr'><strong>Vat.</strong></span> <span class='ocrx_word' id='word_1_265' title='bbox 603 1845 655 1875; x_wconf 84' lang='lat' dir='ltr'><strong>pr.</strong></span> <span class='ocrx_word' id='word_1_266' title='bbox 685 1835 769 1865; x_wconf 81' lang='lat' dir='ltr'><strong>Exc.</strong></span> <span class='ocrx_word' id='word_1_267' title='bbox 798 1834 944 1878; x_wconf 75' lang='lat' dir='ltr'><strong>Luc-ens.</strong></span> <span class='ocrx_word' id='word_1_268' title='bbox 972 1835 1110 1873; x_wconf 82' lang='lat' dir='ltr'><strong>pr.—55</strong></span> <span class='ocrx_word' id='word_1_269' title='bbox 1138 1832 1218 1866; x_wconf 80' lang='lat' dir='ltr'><strong>Quae</strong></span> <span class='ocrx_word' id='word_1_270' title='bbox 1247 1832 1470 1862; x_wconf 77' lang='lat' dir='ltr'><strong>Chalcedonius</strong></span> <span class='ocrx_word' id='word_1_271' title='bbox 1496 1832 1617 1863; x_wconf 84' lang='lat' dir='ltr'><strong>Petav.</strong></span> <span class='ocrx_word' id='word_1_272' title='bbox 1634 1834 1716 1861; x_wconf 84' lang='lat' dir='ltr'><strong>tert.</strong></span> 
     </span>
    </p>
   </div>
   <div class='ocr_carea' id='block_1_14' title="bbox 913 1906 1053 1937">
    <p class='ocr_par' dir='ltr' id='par_1_15' title="bbox 913 1906 1053 1937">
     <span class='ocr_line' id='line_1_33' title="bbox 913 1906 1053 1937; baseline -0.007 0"><span class='ocrx_word' id='word_1_273' title='bbox 913 1906 1053 1937; x_wconf 85' lang='lat' dir='ltr'><strong>NOTAE</strong></span> 
     </span>
    </p>
   </div>
   <div class='ocr_carea' id='block_1_15' title="bbox 247 1970 959 2821">
    <p class='ocr_par' dir='ltr' id='par_1_16' title="bbox 249 1970 959 2408">
     <span class='ocr_line' id='line_1_34' title="bbox 294 1970 956 2015; baseline -0.009 -9"><span class='ocrx_word' id='word_1_274' title='bbox 294 1978 337 2006; x_wconf 87' lang='grc'><strong>46</strong></span> <span class='ocrx_word' id='word_1_275' title='bbox 363 1974 540 2015; x_wconf 71' lang='lat' dir='ltr'><strong>Mysormn]</strong></span> <span class='ocrx_word' id='word_1_276' title='bbox 565 1974 680 2014; x_wconf 85' lang='lat' dir='ltr'><strong>Mysia</strong></span> <span class='ocrx_word' id='word_1_277' title='bbox 705 1972 799 2013; x_wconf 83' lang='lat' dir='ltr'><strong>regio</strong></span> <span class='ocrx_word' id='word_1_278' title='bbox 823 1974 874 2001; x_wconf 79' lang='lat' dir='ltr'><strong>est</strong></span> <span class='ocrx_word' id='word_1_279' title='bbox 897 1970 956 2001; x_wconf 87' lang='lat' dir='ltr'><strong>mi-</strong></span> 
     </span>
     <span class='ocr_line' id='line_1_35' title="bbox 249 2022 955 2064; baseline -0.007 -7"><span class='ocrx_word' id='word_1_280' title='bbox 249 2026 342 2058; x_wconf 80' lang='lat' dir='ltr'><strong>noris</strong></span> <span class='ocrx_word' id='word_1_281' title='bbox 359 2025 450 2056; x_wconf 85' lang='lat' dir='ltr'><strong>Asiae</strong></span> <span class='ocrx_word' id='word_1_282' title='bbox 465 2025 508 2055; x_wconf 86' lang='lat' dir='ltr'><strong>ad</strong></span> <span class='ocrx_word' id='word_1_283' title='bbox 527 2025 801 2064; x_wconf 75' lang='lat' dir='ltr'><strong>Hellespontum.</strong></span> <span class='ocrx_word' id='word_1_284' title='bbox 831 2022 955 2053; x_wconf 77' lang='lat' dir='ltr'><strong>Strabo</strong></span> 
     </span>
     <span class='ocr_line' id='line_1_36' title="bbox 250 2072 955 2114; baseline -0.009 -7"><span class='ocrx_word' id='word_1_285' title='bbox 250 2075 429 2108; x_wconf 82' lang='lat' dir='ltr'><strong>constituit</strong></span> <span class='ocrx_word' id='word_1_286' title='bbox 445 2075 548 2106; x_wconf 83' lang='lat' dir='ltr'><strong>etiam</strong></span> <span class='ocrx_word' id='word_1_287' title='bbox 566 2075 674 2114; x_wconf 83' lang='lat' dir='ltr'><strong>Mysos</strong></span> <span class='ocrx_word' id='word_1_288' title='bbox 697 2074 731 2104; x_wconf 89' lang='lat' dir='ltr'><strong>in</strong></span> <span class='ocrx_word' id='word_1_289' title='bbox 757 2074 895 2113; x_wconf 82' lang='lat' dir='ltr'><strong>Europa</strong></span> <span class='ocrx_word' id='word_1_290' title='bbox 921 2072 955 2102; x_wconf 87' lang='lat' dir='ltr'><strong>in</strong></span> 
     </span>
     <span class='ocr_line' id='line_1_37' title="bbox 250 2123 956 2162; baseline -0.008 -5"><span class='ocrx_word' id='word_1_291' title='bbox 250 2126 396 2158; x_wconf 82' lang='lat' dir='ltr'><strong>confinio</strong></span> <span class='ocrx_word' id='word_1_292' title='bbox 412 2125 598 2156; x_wconf 83' lang='lat' dir='ltr'><strong>Pannoniae</strong></span> <span class='ocrx_word' id='word_1_293' title='bbox 616 2124 657 2154; x_wconf 83' lang='lat' dir='ltr'><strong>ad</strong></span> <span class='ocrx_word' id='word_1_294' title='bbox 672 2123 881 2161; x_wconf 84' lang='lat' dir='ltr'><strong>Danubium,</strong></span> <span class='ocrx_word' id='word_1_295' title='bbox 897 2132 956 2162; x_wconf 88' lang='lat' dir='ltr'><strong>pu-</strong></span> 
     </span>
     <span class='ocr_line' id='line_1_38' title="bbox 251 2173 956 2217; baseline -0.009 -9"><span class='ocrx_word' id='word_1_296' title='bbox 251 2181 372 2217; x_wconf 89' lang='lat' dir='ltr'><strong>tatque</strong></span> <span class='ocrx_word' id='word_1_297' title='bbox 390 2176 508 2215; x_wconf 86' lang='lat' dir='ltr'><strong>Mysos</strong></span> <span class='ocrx_word' id='word_1_298' title='bbox 525 2173 695 2204; x_wconf 77' lang='lat' dir='ltr'><strong>Asiaticos</strong></span> <span class='ocrx_word' id='word_1_299' title='bbox 712 2174 753 2204; x_wconf 87' lang='lat' dir='ltr'><strong>ab</strong></span> <span class='ocrx_word' id='word_1_300' title='bbox 771 2173 817 2203; x_wconf 81' lang='lat' dir='ltr'><strong>liis</strong></span> <span class='ocrx_word' id='word_1_301' title='bbox 833 2182 956 2203; x_wconf 86' lang='lat' dir='ltr'><strong>nomen</strong></span> 
     </span>
     <span class='ocr_line' id='line_1_39' title="bbox 251 2222 958 2265; baseline -0.01 -7"><span class='ocrx_word' id='word_1_302' title='bbox 251 2231 288 2258; x_wconf 82' lang='lat' dir='ltr'><strong>et</strong></span> <span class='ocrx_word' id='word_1_303' title='bbox 299 2225 462 2265; x_wconf 83' lang='lat' dir='ltr'><strong>originem</strong></span> <span class='ocrx_word' id='word_1_304' title='bbox 476 2224 631 2254; x_wconf 81' lang='lat' dir='ltr'><strong>traxisse.</strong></span> <span class='ocrx_word' id='word_1_305' title='bbox 675 2223 742 2253; x_wconf 86' lang='lat' dir='ltr'><strong>Sed</strong></span> <span class='ocrx_word' id='word_1_306' title='bbox 755 2223 814 2253; x_wconf 86' lang='lat' dir='ltr'><strong>hos</strong></span> <span class='ocrx_word' id='word_1_307' title='bbox 826 2222 958 2252; x_wconf 83' lang='lat' dir='ltr'><strong>Plinius</strong></span> 
     </span>
     <span class='ocr_line' id='line_1_40' title="bbox 251 2272 957 2315; baseline -0.007 -8"><span class='ocrx_word' id='word_1_308' title='bbox 251 2285 320 2307; x_wconf 85' lang='lat' dir='ltr'><strong>non</strong></span> <span class='ocrx_word' id='word_1_309' title='bbox 338 2276 446 2315; x_wconf 83' lang='lat' dir='ltr'><strong>Mysos</strong></span> <span class='ocrx_word' id='word_1_310' title='bbox 462 2274 522 2304; x_wconf 84' lang='lat' dir='ltr'><strong>sed</strong></span> <span class='ocrx_word' id='word_1_311' title='bbox 537 2274 650 2303; x_wconf 82' lang='lat' dir='ltr'><strong>Moesos</strong></span> <span class='ocrx_word' id='word_1_312' title='bbox 667 2273 833 2312; x_wconf 84' lang='lat' dir='ltr'><strong>appellat.</strong></span> <span class='ocrx_word' id='word_1_313' title='bbox 857 2272 957 2302; x_wconf 87' lang='lat' dir='ltr'><strong>Unde</strong></span> 
     </span>
     <span class='ocr_line' id='line_1_41' title="bbox 251 2323 959 2362; baseline -0.007 -5"><span class='ocrx_word' id='word_1_314' title='bbox 251 2326 287 2358; x_wconf 83' lang='lat' dir='ltr'><strong>in</strong></span> <span class='ocrx_word' id='word_1_315' title='bbox 302 2326 366 2356; x_wconf 89' lang='lat' dir='ltr'><strong>hoc</strong></span> <span class='ocrx_word' id='word_1_316' title='bbox 386 2324 563 2355; x_wconf 85' lang='lat' dir='ltr'><strong>Claudiani</strong></span> <span class='ocrx_word' id='word_1_317' title='bbox 581 2324 654 2353; x_wconf 87' lang='lat' dir='ltr'><strong>loco</strong></span> <span class='ocrx_word' id='word_1_318' title='bbox 671 2323 823 2353; x_wconf 88' lang='lat' dir='ltr'><strong>nonnulli</strong></span> <span class='ocrx_word' id='word_1_319' title='bbox 838 2323 959 2362; x_wconf 82' lang='lat' dir='ltr'><strong>legunt</strong></span> 
     </span>
     <span class='ocr_line' id='line_1_42' title="bbox 250 2375 434 2408; baseline -0.011 -1"><span class='ocrx_word' id='word_1_320' title='bbox 250 2375 434 2408; x_wconf 74' lang='lat' dir='ltr'><strong>Moesorum.</strong></span> 
     </span>
    </p>

    <p class='ocr_par' dir='ltr' id='par_1_17' title="bbox 247 2422 958 2721">
     <span class='ocr_line' id='line_1_43' title="bbox 293 2422 956 2464; baseline -0.009 -6"><span class='ocrx_word' id='word_1_321' title='bbox 293 2429 335 2458; x_wconf 86' lang='grc'><strong>47</strong></span> <span class='ocrx_word' id='word_1_322' title='bbox 360 2424 519 2464; x_wconf 80' lang='lat' dir='ltr'><strong>Solennz&#39;s]</strong></span> <span class='ocrx_word' id='word_1_323' title='bbox 552 2423 706 2455; x_wconf 87' lang='lat' dir='ltr'><strong>Incursio</strong></span> <span class='ocrx_word' id='word_1_324' title='bbox 731 2422 956 2454; x_wconf 82' lang='lat' dir='ltr'><strong>Barbarorum</strong></span> 
     </span>
     <span class='ocr_line' id='line_1_44' title="bbox 252 2472 957 2516; baseline -0.009 -8"><span class='ocrx_word' id='word_1_325' title='bbox 252 2477 439 2516; x_wconf 83' lang='lat' dir='ltr'><strong>ordinaria,</strong></span> <span class='ocrx_word' id='word_1_326' title='bbox 469 2480 505 2506; x_wconf 89' lang='lat' dir='ltr'><strong>et</strong></span> <span class='ocrx_word' id='word_1_327' title='bbox 538 2479 685 2513; x_wconf 81' lang='lat' dir='ltr'><strong>assueta,</strong></span> <span class='ocrx_word' id='word_1_328' title='bbox 715 2472 821 2503; x_wconf 83' lang='lat' dir='ltr'><strong>fiebat</strong></span> <span class='ocrx_word' id='word_1_329' title='bbox 850 2473 957 2503; x_wconf 81' lang='lat' dir='ltr'><strong>veluti</strong></span> 
     </span>
     <span class='ocr_line' id='line_1_45' title="bbox 252 2522 958 2569; baseline -0.01 -9"><span class='ocrx_word' id='word_1_330' title='bbox 252 2538 330 2560; x_wconf 86' lang='lat' dir='ltr'><strong>cum</strong></span> <span class='ocrx_word' id='word_1_331' title='bbox 345 2537 471 2569; x_wconf 86' lang='lat' dir='ltr'><strong>pompa</strong></span> <span class='ocrx_word' id='word_1_332' title='bbox 483 2530 517 2557; x_wconf 82' lang='lat' dir='ltr'><strong>et</strong></span> <span class='ocrx_word' id='word_1_333' title='bbox 532 2525 811 2563; x_wconf 81' lang='lat' dir='ltr'><strong>caerimonia,n0n</strong></span> <span class='ocrx_word' id='word_1_334' title='bbox 828 2522 958 2562; x_wconf 80' lang='lat' dir='ltr'><strong>furtim,</strong></span> 
     </span>
     <span class='ocr_line' id='line_1_46' title="bbox 250 2574 956 2620; baseline -0.01 -10"><span class='ocrx_word' id='word_1_335' title='bbox 250 2579 309 2611; x_wconf 80' lang='lat' dir='ltr'><strong>sed</strong></span> <span class='ocrx_word' id='word_1_336' title='bbox 325 2579 433 2620; x_wconf 82' lang='lat' dir='ltr'><strong>palam</strong></span> <span class='ocrx_word' id='word_1_337' title='bbox 447 2583 482 2608; x_wconf 91' lang='lat' dir='ltr'><strong>et</strong></span> <span class='ocrx_word' id='word_1_338' title='bbox 496 2577 647 2617; x_wconf 82' lang='lat' dir='ltr'><strong>publice,</strong></span> <span class='ocrx_word' id='word_1_339' title='bbox 660 2580 697 2606; x_wconf 89' lang='lat' dir='ltr'><strong>ut</strong></span> <span class='ocrx_word' id='word_1_340' title='bbox 709 2575 846 2605; x_wconf 82' lang='lat' dir='ltr'><strong>solenne</strong></span> <span class='ocrx_word' id='word_1_341' title='bbox 861 2574 956 2614; x_wconf 85' lang='lat' dir='ltr'><strong>quid-</strong></span> 
     </span>
     <span class='ocr_line' id='line_1_47' title="bbox 251 2624 956 2671; baseline -0.009 -9"><span class='ocrx_word' id='word_1_342' title='bbox 251 2631 354 2671; x_wconf 87' lang='lat' dir='ltr'><strong>piam.</strong></span> <span class='ocrx_word' id='word_1_343' title='bbox 400 2631 446 2660; x_wconf 85' lang='lat' dir='ltr'><strong>Et</strong></span> <span class='ocrx_word' id='word_1_344' title='bbox 470 2628 586 2669; x_wconf 83' lang='lat' dir='ltr'><strong>populi</strong></span> <span class='ocrx_word' id='word_1_345' title='bbox 609 2627 660 2658; x_wconf 88' lang='lat' dir='ltr'><strong>his</strong></span> <span class='ocrx_word' id='word_1_346' title='bbox 681 2626 777 2657; x_wconf 86' lang='lat' dir='ltr'><strong>malis</strong></span> <span class='ocrx_word' id='word_1_347' title='bbox 803 2624 956 2656; x_wconf 84' lang='lat' dir='ltr'><strong>ferendis</strong></span> 
     </span>
     <span class='ocr_line' id='line_1_48' title="bbox 247 2677 649 2721; baseline -0.01 -9"><span class='ocrx_word' id='word_1_348' title='bbox 247 2681 320 2721; x_wconf 82' lang='lat' dir='ltr'><strong>jam</strong></span> <span class='ocrx_word' id='word_1_349' title='bbox 338 2685 437 2711; x_wconf 84' lang='lat' dir='ltr'><strong>erant</strong></span> <span class='ocrx_word' id='word_1_350' title='bbox 454 2677 649 2710; x_wconf 78' lang='lat' dir='ltr'><strong>assuefacti.</strong></span> 
     </span>
    </p>

    <p class='ocr_par' dir='ltr' id='par_1_18' title="bbox 255 2725 957 2821">
     <span class='ocr_line' id='line_1_49' title="bbox 294 2725 955 2770; baseline -0.009 -9"><span class='ocrx_word' id='word_1_351' title='bbox 294 2733 337 2761; x_wconf 77' lang='lat'><strong>48</strong></span> <span class='ocrx_word' id='word_1_352' title='bbox 360 2729 548 2770; x_wconf 80' lang='lat' dir='ltr'><strong>Sensumque</strong></span> <span class='ocrx_word' id='word_1_353' title='bbox 562 2728 654 2759; x_wconf 82' lang='lat' dir='ltr'><strong>malis</strong></span> <span class='ocrx_word' id='word_1_354' title='bbox 674 2728 856 2758; x_wconf 70' lang='lat' dir='ltr'><strong>detraxerat</strong></span> <span class='ocrx_word' id='word_1_355' title='bbox 871 2725 955 2765; x_wconf 87' lang='lat' dir='ltr'><strong>usus]</strong></span> 
     </span>
     <span class='ocr_line' id='line_1_50' title="bbox 255 2777 957 2821; baseline -0.007 -9"><span class='ocrx_word' id='word_1_356' title='bbox 255 2780 479 2812; x_wconf 84' lang='lat' dir='ltr'><strong>Occalluerat</strong></span> <span class='ocrx_word' id='word_1_357' title='bbox 501 2779 575 2821; x_wconf 83' lang='lat' dir='ltr'><strong>jam</strong></span> <span class='ocrx_word' id='word_1_358' title='bbox 603 2779 749 2810; x_wconf 84' lang='lat' dir='ltr'><strong>omnium</strong></span> <span class='ocrx_word' id='word_1_359' title='bbox 778 2777 957 2819; x_wconf 77' lang='lat' dir='ltr'><strong>patientia,</strong></span> 
     </span>
    </p>
   </div>
   <div class='ocr_carea' id='block_1_16' title="bbox 1009 1971 1721 2816">
    <p class='ocr_par' dir='ltr' id='par_1_19' title="bbox 1010 1971 1720 2103">
     <span class='ocr_line' id='line_1_51' title="bbox 1010 1971 1720 2012; baseline -0.003 -10"><span class='ocrx_word' id='word_1_360' title='bbox 1010 1975 1045 2002; x_wconf 89' lang='lat' dir='ltr'><strong>et</strong></span> <span class='ocrx_word' id='word_1_361' title='bbox 1062 1971 1284 2010; x_wconf 85' lang='lat' dir='ltr'><strong>consuetudo,</strong></span> <span class='ocrx_word' id='word_1_362' title='bbox 1301 1981 1376 2012; x_wconf 79' lang='lat' dir='ltr'><strong>quae</strong></span> <span class='ocrx_word' id='word_1_363' title='bbox 1393 1975 1444 2002; x_wconf 81' lang='lat' dir='ltr'><strong>est</strong></span> <span class='ocrx_word' id='word_1_364' title='bbox 1460 1971 1566 2001; x_wconf 84' lang='lat' dir='ltr'><strong>altera</strong></span> <span class='ocrx_word' id='word_1_365' title='bbox 1582 1974 1720 2010; x_wconf 74' lang='lat' dir='ltr'><strong>natura,</strong></span> 
     </span>
     <span class='ocr_line' id='line_1_52' title="bbox 1010 2019 1717 2061; baseline -0.003 -9"><span class='ocrx_word' id='word_1_366' title='bbox 1010 2019 1189 2061; x_wconf 81' lang='lat' dir='ltr'><strong>effecerat,</strong></span> <span class='ocrx_word' id='word_1_367' title='bbox 1216 2031 1259 2052; x_wconf 88' lang='lat' dir='ltr'><strong>ne</strong></span> <span class='ocrx_word' id='word_1_368' title='bbox 1276 2022 1366 2052; x_wconf 84' lang='lat' dir='ltr'><strong>mala</strong></span> <span class='ocrx_word' id='word_1_369' title='bbox 1390 2022 1532 2061; x_wconf 88' lang='lat' dir='ltr'><strong>amplius</strong></span> <span class='ocrx_word' id='word_1_370' title='bbox 1551 2021 1717 2052; x_wconf 81' lang='lat' dir='ltr'><strong>sentiren-</strong></span> 
     </span>
     <span class='ocr_line' id='line_1_53' title="bbox 1010 2076 1080 2103; baseline 0 -1"><span class='ocrx_word' id='word_1_371' title='bbox 1010 2076 1080 2103; x_wconf 78' lang='lat' dir='ltr'><strong>tur.</strong></span> 
     </span>
    </p>

    <p class='ocr_par' dir='ltr' id='par_1_20' title="bbox 1013 2119 1721 2262">
     <span class='ocr_line' id='line_1_54' title="bbox 1053 2119 1721 2164; baseline -0.001 -12"><span class='ocrx_word' id='word_1_372' title='bbox 1053 2124 1095 2153; x_wconf 83' lang='lat'><strong>52</strong></span> <span class='ocrx_word' id='word_1_373' title='bbox 1121 2122 1308 2164; x_wconf 67' lang='lat' dir='ltr'><strong>Contemnit]</strong></span> <span class='ocrx_word' id='word_1_374' title='bbox 1330 2122 1461 2154; x_wconf 82' lang='lat' dir='ltr'><strong>Multas</strong></span> <span class='ocrx_word' id='word_1_375' title='bbox 1474 2119 1721 2153; x_wconf 77' lang='lat' dir='ltr'><strong>sciliceturbes</strong></span> 
     </span>
     <span class='ocr_line' id='line_1_55' title="bbox 1014 2172 1716 2212; baseline -0.003 -10"><span class='ocrx_word' id='word_1_376' title='bbox 1014 2175 1050 2202; x_wconf 85' lang='lat' dir='ltr'><strong>et</strong></span> <span class='ocrx_word' id='word_1_377' title='bbox 1075 2172 1265 2212; x_wconf 85' lang='lat' dir='ltr'><strong>provincias</strong></span> <span class='ocrx_word' id='word_1_378' title='bbox 1289 2173 1322 2202; x_wconf 91' lang='lat' dir='ltr'><strong>in</strong></span> <span class='ocrx_word' id='word_1_379' title='bbox 1351 2182 1452 2202; x_wconf 70' lang='lat' dir='ltr'><strong>{unnim</strong></span> <span class='ocrx_word' id='word_1_380' title='bbox 1469 2172 1564 2202; x_wconf 88' lang='lat' dir='ltr'><strong>velut</strong></span> <span class='ocrx_word' id='word_1_381' title='bbox 1591 2179 1716 2211; x_wconf 88' lang='lat' dir='ltr'><strong>corpus</strong></span> 
     </span>
     <span class='ocr_line' id='line_1_56' title="bbox 1013 2219 1682 2262; baseline -0.001 -11"><span class='ocrx_word' id='word_1_382' title='bbox 1013 2221 1146 2261; x_wconf 89' lang='lat' dir='ltr'><strong>imperii</strong></span> <span class='ocrx_word' id='word_1_383' title='bbox 1163 2222 1352 2261; x_wconf 78' lang='lat' dir='ltr'><strong>contexuit,</strong></span> <span class='ocrx_word' id='word_1_384' title='bbox 1368 2226 1471 2262; x_wconf 86' lang='lat' dir='ltr'><strong>atque</strong></span> <span class='ocrx_word' id='word_1_385' title='bbox 1488 2219 1682 2261; x_wconf 81' lang='lat' dir='ltr'><strong>conjunxit.</strong></span> 
     </span>
    </p>

    <p class='ocr_par' dir='ltr' id='par_1_21' title="bbox 1013 2271 1719 2464">
     <span class='ocr_line' id='line_1_57' title="bbox 1056 2271 1716 2311; baseline 0.002 -11"><span class='ocrx_word' id='word_1_386' title='bbox 1056 2274 1096 2301; x_wconf 82' lang='lat'><strong>53</strong></span> <span class='ocrx_word' id='word_1_387' title='bbox 1127 2271 1244 2311; x_wconf 74' lang='lat' dir='ltr'><strong>Vertit]</strong></span> <span class='ocrx_word' id='word_1_388' title='bbox 1268 2272 1344 2302; x_wconf 88' lang='lat' dir='ltr'><strong>Non</strong></span> <span class='ocrx_word' id='word_1_389' title='bbox 1368 2271 1493 2302; x_wconf 82' lang='lat' dir='ltr'><strong>evertit</strong></span> <span class='ocrx_word' id='word_1_390' title='bbox 1515 2275 1630 2301; x_wconf 86' lang='lat' dir='ltr'><strong>tamen</strong></span> <span class='ocrx_word' id='word_1_391' title='bbox 1647 2271 1716 2302; x_wconf 92' lang='lat' dir='ltr'><strong>Ru-</strong></span> 
     </span>
     <span class='ocr_line' id='line_1_58' title="bbox 1013 2319 1716 2360; baseline 0 -10"><span class='ocrx_word' id='word_1_392' title='bbox 1013 2319 1111 2360; x_wconf 84' lang='lat' dir='ltr'><strong>finus,</strong></span> <span class='ocrx_word' id='word_1_393' title='bbox 1138 2320 1199 2351; x_wconf 86' lang='lat' dir='ltr'><strong>sed</strong></span> <span class='ocrx_word' id='word_1_394' title='bbox 1226 2325 1382 2352; x_wconf 83' lang='lat' dir='ltr'><strong>evertere</strong></span> <span class='ocrx_word' id='word_1_395' title='bbox 1400 2320 1562 2357; x_wconf 85' lang='lat' dir='ltr'><strong>tentavit,</strong></span> <span class='ocrx_word' id='word_1_396' title='bbox 1587 2324 1625 2351; x_wconf 90' lang='lat' dir='ltr'><strong>ut</strong></span> <span class='ocrx_word' id='word_1_397' title='bbox 1642 2320 1716 2360; x_wconf 87' lang='lat' dir='ltr'><strong>ipse</strong></span> 
     </span>
     <span class='ocr_line' id='line_1_59' title="bbox 1016 2370 1719 2412; baseline 0.003 -12"><span class='ocrx_word' id='word_1_398' title='bbox 1016 2371 1108 2401; x_wconf 84' lang='lat' dir='ltr'><strong>velut</strong></span> <span class='ocrx_word' id='word_1_399' title='bbox 1124 2370 1237 2402; x_wconf 86' lang='lat' dir='ltr'><strong>denuo</strong></span> <span class='ocrx_word' id='word_1_400' title='bbox 1263 2372 1447 2411; x_wconf 78' lang='lat' dir='ltr'><strong>excitaret,</strong></span> <span class='ocrx_word' id='word_1_401' title='bbox 1473 2375 1576 2412; x_wconf 84' lang='lat' dir='ltr'><strong>atque</strong></span> <span class='ocrx_word' id='word_1_402' title='bbox 1600 2371 1635 2402; x_wconf 90' lang='lat' dir='ltr'><strong>in</strong></span> <span class='ocrx_word' id='word_1_403' title='bbox 1656 2380 1719 2402; x_wconf 87' lang='lat' dir='ltr'><strong>suo</strong></span> 
     </span>
     <span class='ocr_line' id='line_1_60' title="bbox 1013 2422 1664 2464; baseline -0.002 -10"><span class='ocrx_word' id='word_1_404' title='bbox 1013 2432 1116 2464; x_wconf 86' lang='lat' dir='ltr'><strong>opere</strong></span> <span class='ocrx_word' id='word_1_405' title='bbox 1134 2422 1373 2463; x_wconf 81' lang='lat' dir='ltr'><strong>triumpharet,</strong></span> <span class='ocrx_word' id='word_1_406' title='bbox 1385 2426 1557 2464; x_wconf 75' lang='lat' dir='ltr'><strong>regnaret.</strong></span> <span class='ocrx_word' id='word_1_407' title='bbox 1661 2423 1664 2425; x_wconf 85' lang='grc'><strong>’</strong></span> 
     </span>
    </p>

    <p class='ocr_par' dir='ltr' id='par_1_22' title="bbox 1009 2472 1719 2657">
     <span class='ocr_line' id='line_1_61' title="bbox 1055 2472 1719 2514; baseline 0 -11"><span class='ocrx_word' id='word_1_408' title='bbox 1055 2475 1095 2503; x_wconf 80' lang='grc'><strong>54</strong></span> <span class='ocrx_word' id='word_1_409' title='bbox 1124 2472 1206 2503; x_wconf 85' lang='lat' dir='ltr'><strong>Urbs</strong></span> <span class='ocrx_word' id='word_1_410' title='bbox 1234 2473 1342 2514; x_wconf 82' lang='lat' dir='ltr'><strong>etiam]</strong></span> <span class='ocrx_word' id='word_1_411' title='bbox 1392 2472 1719 2512; x_wconf 80' lang='lat' dir='ltr'><strong>Constantinopolis,</strong></span> 
     </span>
     <span class='ocr_line' id='line_1_62' title="bbox 1012 2522 1716 2563; baseline 0 -11"><span class='ocrx_word' id='word_1_412' title='bbox 1012 2532 1087 2563; x_wconf 76' lang='lat' dir='ltr'><strong>quee</strong></span> <span class='ocrx_word' id='word_1_413' title='bbox 1105 2532 1170 2553; x_wconf 87' lang='lat' dir='ltr'><strong>non</strong></span> <span class='ocrx_word' id='word_1_414' title='bbox 1187 2523 1293 2553; x_wconf 83' lang='lat' dir='ltr'><strong>solum</strong></span> <span class='ocrx_word' id='word_1_415' title='bbox 1310 2523 1446 2562; x_wconf 75' lang='lat' dir='ltr'><strong>aemula,</strong></span> <span class='ocrx_word' id='word_1_416' title='bbox 1469 2522 1526 2552; x_wconf 87' lang='lat' dir='ltr'><strong>sed</strong></span> <span class='ocrx_word' id='word_1_417' title='bbox 1545 2525 1580 2552; x_wconf 81' lang='lat' dir='ltr'><strong>et</strong></span> <span class='ocrx_word' id='word_1_418' title='bbox 1595 2525 1716 2562; x_wconf 86' lang='lat' dir='ltr'><strong>postea</strong></span> 
     </span>
     <span class='ocr_line' id='line_1_63' title="bbox 1012 2572 1717 2613; baseline -0.001 -10"><span class='ocrx_word' id='word_1_419' title='bbox 1012 2574 1136 2604; x_wconf 78' lang='lat' dir='ltr'><strong>victrix</strong></span> <span class='ocrx_word' id='word_1_420' title='bbox 1162 2572 1229 2604; x_wconf 87' lang='lat' dir='ltr'><strong>fuit</strong></span> <span class='ocrx_word' id='word_1_421' title='bbox 1257 2574 1386 2613; x_wconf 85' lang='lat' dir='ltr'><strong>Romae,</strong></span> <span class='ocrx_word' id='word_1_422' title='bbox 1412 2578 1448 2603; x_wconf 84' lang='lat' dir='ltr'><strong>et</strong></span> <span class='ocrx_word' id='word_1_423' title='bbox 1473 2573 1580 2603; x_wconf 81' lang='lat' dir='ltr'><strong>altera</strong></span> <span class='ocrx_word' id='word_1_424' title='bbox 1607 2572 1717 2603; x_wconf 83' lang='lat' dir='ltr'><strong>Roma</strong></span> 
     </span>
     <span class='ocr_line' id='line_1_64' title="bbox 1009 2624 1114 2657; baseline 0.01 -2"><span class='ocrx_word' id='word_1_425' title='bbox 1009 2624 1114 2657; x_wconf 82' lang='lat' dir='ltr'><strong>(licta.</strong></span> 
     </span>
    </p>

    <p class='ocr_par' dir='ltr' id='par_1_23' title="bbox 1010 2672 1719 2816">
     <span class='ocr_line' id='line_1_65' title="bbox 1053 2672 1719 2715; baseline -0.003 -10"><span class='ocrx_word' id='word_1_426' title='bbox 1053 2680 1092 2706; x_wconf 88' lang='lat'><strong>55</strong></span> <span class='ocrx_word' id='word_1_427' title='bbox 1121 2675 1355 2715; x_wconf 77' lang='lat' dir='ltr'><strong>Chalcedonius]</strong></span> <span class='ocrx_word' id='word_1_428' title='bbox 1379 2672 1586 2714; x_wconf 83' lang='lat' dir='ltr'><strong>Chalcedon,</strong></span> <span class='ocrx_word' id='word_1_429' title='bbox 1612 2672 1719 2704; x_wconf 32' lang='lat' dir='ltr'><strong>hodie*</strong></span> 
     </span>
     <span class='ocr_line' id='line_1_66' title="bbox 1010 2723 1713 2766; baseline -0.003 -11"><span class='ocrx_word' id='word_1_430' title='bbox 1010 2725 1150 2766; x_wconf 77' lang='lat' dir='ltr'><strong>Scutari,</strong></span> <span class='ocrx_word' id='word_1_431' title='bbox 1166 2725 1353 2756; x_wconf 86' lang='lat' dir='ltr'><strong>secundum</strong></span> <span class='ocrx_word' id='word_1_432' title='bbox 1368 2724 1516 2764; x_wconf 77' lang='lat' dir='ltr'><strong>aliquos3</strong></span> <span class='ocrx_word' id='word_1_433' title='bbox 1542 2723 1620 2754; x_wconf 88' lang='lat' dir='ltr'><strong>urbs</strong></span> <span class='ocrx_word' id='word_1_434' title='bbox 1635 2723 1713 2754; x_wconf 84' lang='lat' dir='ltr'><strong>olim</strong></span> 
     </span>
     <span class='ocr_line' id='line_1_67' title="bbox 1012 2773 1716 2816; baseline -0.004 -9"><span class='ocrx_word' id='word_1_435' title='bbox 1012 2780 1088 2809; x_wconf 81' lang='lat' dir='ltr'><strong>erat</strong></span> <span class='ocrx_word' id='word_1_436' title='bbox 1114 2785 1155 2807; x_wconf 84' lang='lat' dir='ltr'><strong>ea</strong></span> <span class='ocrx_word' id='word_1_437' title='bbox 1185 2780 1285 2816; x_wconf 81' lang='lat' dir='ltr'><strong>parte</strong></span> <span class='ocrx_word' id='word_1_438' title='bbox 1311 2773 1405 2806; x_wconf 82' lang='lat' dir='ltr'><strong>Asiae</strong></span> <span class='ocrx_word' id='word_1_439' title='bbox 1431 2773 1473 2805; x_wconf 83' lang='lat' dir='ltr'><strong>ad</strong></span> <span class='ocrx_word' id='word_1_440' title='bbox 1501 2774 1716 2815; x_wconf 82' lang='lat' dir='ltr'><strong>Bosphorum</strong></span> 
     </span>
    </p>
   </div>
  </div>
 </body>
</html>
