1852 3193
252 218 308 257 86
767 222 842 252 cn.
875 218 1152 251 CLAuniANi
1191 217 1222 245 ι.

253 320 392 361 Mella
412 319 551 360 ferant
573 318 712 372 sylvae
734 331 743 358 ε
769 317 862 370 jam
884 314 1072 368 profluat
1092 310 1240 351 ebrius
1264 308 1405 349 amnis
1625 305 1710 347 250

255 387 442 428 Mutatis
459 387 501 426 in
522 387 623 427 vina
643 384 794 425 vadis:
811 383 905 435 jani
928 384 1088 433 sponte
1109 390 1187 431 per
1208 389 1337 429 agros

255 454 422 496 Sudent
438 454 607 505 irriguae
629 450 835 504 spirantia
854 448 1058 488 balsama
1079 458 1222 486 venae.

256 521 425 569 Currat,
464 521 539 574 qui
575 520 711 559 sociae
742 521 865 568 roget
896 517 940 556 in
971 514 1175 555 convivia
1204 525 1366 552 mensae

255 588 488 641 Indigenas
522 587 696 633 fluvios,
735 584 864 624 Italis
904 583 1167 636 quicumque
1209 581 1438 621 suberrant

256 655 502 704 Montibus,
537 653 815 706 Alpinasque
849 652 1004 692 bibunt
1035 650 1088 689 de
1118 661 1237 689 more
1257 647 1470 700 pruinas:
1628 643 1714 684 255

255 722 592 776 Vulturnusque
628 734 783 773 rapax,
819 724 862 759 et
884 718 979 759 Nar
1001 717 1182 758 vitiatus
1204 715 1340 757 odoro

258 789 484 843 Sulphure,
507 789 794 841 tardatusque
826 788 919 827 suis
941 786 1153 826 erroribus
1176 783 1318 824 Ufens
1341 797 1350 824 z

253 857 311 897 Et
347 857 663 898 Phaethonteae
700 867 941 909 perpessus
973 855 1133 894 damna
1163 854 1299 893 ruinae

258 924 492 974 Eridanus,
513 924 729 977 flavaeque
753 929 890 964 terens
913 926 1123 975 querceta
1148 920 1332 961 Maricae

257 991 387 1041 Liris,
424 996 468 1031 et
504 990 699 1030 OEbaliae
722 991 796 1043 qui
815 994 1033 1043 temperat
1055 1001 1161 1028 arva
1181 987 1387 1028 Galesus
1638 981 1723 1023 260

259 1057 443 1111 Semper
462 1058 698 1097 honoratus
726 1057 889 1096 nostris
912 1055 1204 1096 celebrabitur
1226 1054 1356 1094 undis

258 1125 349 1164 Iste
371 1124 467 1163 dies
486 1137 495 1163 ε
529 1136 696 1175 semper
726 1123 916 1175 dapibus
936 1122 1148 1161 recoletur
1169 1121 1343 1174 opimis.

259 1191 333 1231 Sic
369 1191 430 1231 ait
450 1204 459 1231 z
492 1194 536 1230 et
571 1189 794 1243 Nymphae
833 1188 973 1242 patris
1009 1193 1241 1242 praecepta
1280 1191 1441 1228 secutae

258 1285 347 1324 aquis
360 1284 513 1314 conversis
526 1285 558 1314 in>
571 1283 676 1314 vinum
690 1294 699 1314 :
727 1293 807 1314 nnnc
821 1293 876 1323 per
891 1293 1010 1323 campos
1026 1283 1087 1313 rivi
1103 1282 1225 1322 Iimpirlz'
1241 1282 1386 1312 emittant
1402 1281 1536 1312 balsama
1551 1279 1721 1318 odorifera.

260 1327 394 1368 Aliquis
421 1330 526 1356 currat
556 1326 607 1365 qui
637 1326 749 1356 inritet
772 1327 811 1356 ad
834 1326 937 1365 epulas
953 1335 1060 1356 mensae
1075 1325 1324 1365 anzicseflumina
1347 1324 1397 1354 hic
1419 1326 1506 1362 nata,
1526 1332 1721 1363 quoecumque

258 1372 417 1409 ¹vagantur
437 1369 491 1399 sub
506 1369 633 1399 collibus
649 1368 764 1405 Italioe,
777 1373 807 1399 et
820 1371 929 1408 potant
943 1379 999 1408 pro
1011 1369 1228 1398 consuetudine
1250 1368 1336 1397 nives
1351 1367 1490 1406 Alpium,
1506 1369 1536 1396 et
1557 1366 1724 1396 Vulturnus

259 1412 399 1452 rapidus,
414 1414 444 1441 et
461 1412 532 1442 Nar
546 1410 678 1448 insectus
703 1411 846 1450 sulphure
871 1412 1057 1448 maleolenti,
1081 1415 1111 1441 et
1144 1410 1240 1448 Ufens
1256 1410 1432 1440 retardatus
1447 1408 1587 1449 flexibus
1601 1408 1677 1446 suis,
1691 1411 1721 1438 et

261 1455 368 1485 Padus
379 1464 488 1494 passus
503 1455 583 1484 mala
595 1464 682 1484 casus
697 1454 913 1492 Phaethontis,
928 1457 956 1484 et
977 1454 1064 1484 Liris
1073 1454 1252 1493 proculcans
1266 1455 1407 1492 querceta
1420 1451 1723 1492 Muricaeflaventis,

261 1500 291 1527 et
309 1497 441 1527 Galesus
464 1496 517 1536 qui
545 1497 632 1527 alluit
663 1506 754 1535 agros
788 1497 978 1527 Tarentinos.
1025 1497 1084 1527 Ille
1098 1496 1162 1526 dics
1175 1506 1293 1535 semper
1309 1496 1408 1526 cultus
1423 1494 1624 1524 honorabitur
1638 1494 1726 1533 aquis

261 1540 396 1571 orostrz's:
421 1549 513 1579 usque
540 1539 740 1570 renovabitur
762 1540 910 1570 conviviis
940 1539 1044 1570 lautis.
1090 1539 1143 1570 Ita
1168 1539 1314 1579 loquitur,
1335 1541 1364 1569 et
1383 1537 1537 1578 Nymphae
1551 1537 1726 1568 obedientes

877 1611 1110 1623 aeaeaeaeaeaeaeaeaeaeaeae

262 1651 385 1684 Petav.
409 1661 460 1692 pr.
495 1655 669 1692 proetexere
698 1651 795 1683 Med.
824 1654 1046 1693 quart—252
1068 1652 1243 1692 spumantia
1268 1652 1342 1683 Pal.
1370 1651 1464 1682 Prie.
1490 1650 1588 1681 deest
1602 1658 1672 1690 seq.
1689 1659 1723 1680 v.

262 1695 484 1725 vicen—255
511 1696 610 1725 Curat
644 1695 770 1727 Moret.
807 1698 895 1734 reget
923 1695 1004 1725 Vat.
1023 1699 1094 1734 opt.
1122 1696 1223 1725 Farn.
1253 1695 1381 1725 Moret.
1427 1696 1514 1733 reget
1539 1698 1574 1724 et
1590 1691 1724 1722 emend.

266 1740 356 1776 regat
368 1737 463 1768 Leid.
481 1747 532 1778 pr.
568 1738 651 1777 riget
665 1743 731 1769 vet.
747 1739 834 1778 Gyr.
855 1738 1016 1768 Heinsius
1035 1737 1077 1768 ad
1093 1737 1293 1768 firmandam
1307 1737 1487 1768 lectionem
1506 1739 1592 1775 roget
1608 1736 1639 1766 in
1657 1744 1726 1764 con·

262 1780 347 1810 vivia
371 1780 582 1820 ascripserat
609 1781 801 1821 sequentia.
839 1784 937 1820 roget.
966 1780 1015 1811 sic
1038 1790 1148 1819 rogare
1169 1782 1209 1811 ad
1225 1781 1397 1810 convivium
1413 1779 1560 1820 Capitol.
1578 1787 1655 1819 pag.
1673 1781 1725 1809 55.

260 1823 283 1853 l.
298 1825 350 1855 39.
362 1823 392 1853 in
408 1823 602 1853 Pertinace.
620 1824 790 1863 Spartian.
808 1823 882 1854 init.
896 1824 1013 1853 Sever.
1029 1833 1105 1863 pag.
1122 1825 1174 1854 64.
1188 1833 1221 1863 p.
1234 1826 1306 1854 111.
1322 1824 1342 1854 l.
1356 1826 1386 1854 7.
1401 1823 1446 1854 D.
1464 1817 1620 1852 Ambros.
1635 1820 1727 1860 apud

265 1865 410 1896 Casaub.
425 1875 503 1906 pag.
522 1869 595 1896 124.
611 1869 750 1897 6.-256
772 1867 852 1896 olore
867 1865 1000 1904 sulfureo
1013 1866 1097 1896 Exc.
1114 1867 1211 1896 Voss.
1251 1869 1280 1896 et
1296 1876 1349 1896 vas
1360 1866 1581 1896 Vicet.-—257
1609 1862 1728 1900 Oufens

266 1907 350 1938 Cod.
366 1908 485 1938 Barth.
528 1908 637 1946 Ulfens
665 1909 775 1939 Vivet.
811 1911 900 1939 utens
918 1909 1044 1939 Moret.
1063 1909 1119 1949 qui
1137 1914 1172 1939 et
1187 1909 1366 1938 Phetonteoe
1389 1908 1647 1938 exhibet—259
1661 1906 1727 1945 fla-

263 1951 366 1990 visque
380 1950 445 1980 dno
460 1950 554 1980 Med.
589 1955 696 1981 tenens
720 1952 799 1981 Vat.
830 1961 882 1991 pr.
911 1952 1010 1982 Farn.
1045 1955 1148 1982 terens
1162 1952 1286 1981 Moret.
1304 1951 1428 1981 Petav.
1445 1959 1496 1990 pr.
1515 1951 1594 1980 Vat.
1618 1948 1727 1989 quint.

264 1992 340 2023 Pal.
358 1993 459 2023 Farn.
492 1992 584 2023 Med.
601 1993 679 2023 duo.
718 1994 866 2024 Mariscae
897 1994 993 2024 Leid.
1017 2004 1068 2034 pr.
1097 1994 1224 2025 Moret.
1246 1994 1326 2024 item
1353 1994 1417 2023 duo
1445 1992 1539 2023 Med.
1569 1991 1728 2022 Vicet.—

265 2037 329 2065 260
352 2038 505 2075 temperat
533 2046 608 2066 arva
640 2036 705 2066 dno
736 2037 830 2068 Med.
860 2036 983 2067 Petav.
1012 2047 1063 2076 pr.
1091 2037 1202 2066 Livin.
1228 2046 1269 2066 ex
1288 2036 1442 2075 Virgilio,
1466 2034 1726 2074 ‘scatebrisque

265 2078 398 2108 arentia
422 2083 591 2118 temperat
618 2081 722 2109 arva.’
742 2078 783 2109 de
815 2080 953 2111 Galeso.
999 2079 1086 2110 Haec
1105 2079 1264 2110 Heinsius
1287 2079 1328 2109 ad
1361 2088 1453 2109 oram
1477 2078 1531 2109 ed.
1558 2077 1726 2116 Antverp.

267 2121 323 2161 qui
336 2125 371 2150 et
387 2121 422 2150 in
439 2121 588 2160 margine
606 2123 725 2160 primae
739 2131 808 2153 sure
835 2123 917 2153 edit.
948 2122 1152 2161 ascripserat
1168 2122 1279 2153 locum
1307 2122 1437 2152 Minue.
1453 2121 1559 2151 Felic.
1578 2129 1654 2160 pag.
1674 2122 1727 2150 17.

266 2162 322 2192 ed.
339 2162 436 2192 Leid.
473 2163 608 2202 AEgypti
636 2164 809 2195 siccitatem
836 2168 986 2204 temperat
1005 2165 1108 2194 Nilus.
1123 2168 1247 2204 reparat
1267 2165 1309 2194 al.
1349 2174 1403 2194 ora
1428 2163 1626 2193 Pria—261
1650 2162 1727 2192 cele-

268 2204 374 2235 bretur
388 2204 423 2234 in
445 2206 537 2235 undis
560 2205 634 2235 Pal.
661 2206 754 2236 Pric.
782 2207 877 2237 Med.
906 2207 1094 2237 duo.——262
1118 2208 1270 2236 recolatur
1295 2207 1378 2236 Exc.
1400 2206 1610 2236 Voss-264
1632 2204 1730 2244 epulis

929 2270 1069 2301 NOTAE

311 2329 374 2358 250
399 2326 609 2364 Mellaferant
625 2326 734 2367 sylvae]
744 2327 849 2360 Quasi
866 2337 970 2358 saecu-
1069 2331 1132 2359 257
1161 2327 1272 2368 [Jens]
1301 2329 1437 2359 Fluvius
1451 2338 1559 2369 prope
1571 2328 1728 2360 Tarraci-

268 2381 336 2410 lnm
366 2389 504 2410 aureum
540 2383 733 2418 renovetur,
769 2379 971 2410 Consulibus
1027 2377 1233 2417 nam,fluens
1250 2388 1312 2419 per
1328 2379 1491 2410 Pontinas
1509 2379 1663 2420 paludes.

270 2429 423 2460 Probino
457 2433 494 2459 et
541 2428 697 2469 Olybrio,
735 2438 810 2469 quae
849 2439 972 2469 magna
1069 2431 1133 2459 259
1161 2429 1331 2469 Eridanus]
1367 2430 1435 2461 Seu
1461 2429 1585 2468 Padus,
1605 2429 1727 2467 fluvius

271 2484 364 2511 certe
381 2480 451 2510 laus
465 2483 528 2510 est.
1028 2479 1062 2509 in
1074 2479 1175 2510 Italia
1190 2480 1374 2521 Cisalpina,
1387 2481 1420 2510 in
1432 2490 1532 2521 quem
1549 2480 1729 2512 Phaethon

312 2532 375 2561 254
399 2527 757 2568 Indigenasfluvios]1n
773 2528 891 2559 eadem
905 2533 971 2560 ter·
1026 2528 1174 2560 fulminis
1192 2531 1260 2561 ictu
1278 2531 1432 2571 dejectus
1449 2535 1512 2562 est.

269 2590 317 2619 ra,
341 2579 472 2610 scilicet
495 2579 607 2619 ltalia,
635 2584 746 2618 natos,
767 2579 820 2609 vel
838 2579 971 2610 Italiam
1070 2580 1216 2621 Maricae]
1254 2581 1340 2611 Haec
1370 2580 1531 2621 Nympha
1554 2578 1620 2610 fuit
1644 2589 1729 2610 uxor

271 2631 449 2662 alluentes.
1028 2630 1146 2662 Fauni.

312 2683 375 2711 256
404 2679 588 2720 Vulturnus]
626 2679 819 2720 Campaniae
839 2679 969 2711 fluvius.
1068 2683 1132 2711 260
1155 2681 1257 2722 Liris]
1283 2681 1421 2712 Fluvins
1434 2680 1641 2720 Campaniae.

316 2730 399 2770 Nar]
438 2731 577 2761 Fluvius
606 2730 769 2762 Umbriae.
793 2730 971 2772 Virgilius,
1072 2732 1207 2763 OElmliae
1234 2733 1287 2773 qui
1319 2735 1467 2773 temperat
1492 2742 1568 2763 arva
1585 2730 1729 2771 Galesus]

273 2781 281 2798 ‘
300 2781 485 2820 Sulphurea
504 2780 575 2811 Nar
592 2780 688 2811 albus
702 2779 811 2821 aqua.’
1026 2783 1169 2816 Galesus
1196 2789 1249 2816 est
1273 2783 1394 2816 fluvius
1417 2784 1488 2825 agri
1502 2783 1678 2816 Tarentini
1694 2783 1728 2814 in
