1857 3177
545 213 607 241 ως
644 212 818 241 ,numu
854 212 1032 242 Timon.
1064 213 1202 244 CONS.
1511 204 1596 245 1155

141 302 199 347 Et
219 307 293 360 qui
314 319 469 357 magna
486 307 572 347 levi
595 308 825 348 detrudens
846 322 1064 349 murmura
1086 313 1223 357 tactu,

140 369 401 414 Innumeras
423 388 552 415 voces
573 377 730 427 segetis
749 375 996 415 moderatus
1019 376 1182 425 ahmae,

140 440 319 483 Intonet
341 443 495 483 erranti
514 443 665 493 dig-iio,
690 444 945 497 ponitusque
969 444 1124 484 trabali

137 507 280 549 Vecte
300 509 544 550 laborantes
566 511 608 549 in
632 510 825 549 carmina
846 510 1033 550 concitet
1057 510 1209 550 undas.

136 575 223 617 Vel
245 577 321 630 qui
343 590 461 617 more
483 579 629 618 avium
652 591 751 617 sese
766 577 1009 631 jaculentur
1029 579 1069 617 in
1090 592 1236 627 auraS,
1508 577 1592 618 320

137 642 422 698 Corporaquo
445 645 678 694 aediticent,
712 644 839 685 celeri
857 646 1097 686 crescentia
1118 658 1247 694 nexu,

137 710 335 762 Quorum
356 714 644 765 compositam
667 725 775 765 puer
797 716 1039 751 amentatus
1061 713 1103 751 in
1127 725 1274 752 urcem

136 780 323 831 Emicet‚
344 787 400 831 et,
422 784 599 822 vinctus
620 778 783 834 pluntae
807 781 874 820 vel
895 781 1094 820 cruribus
1115 781 1300 829 haerens,

130 880 197 910 lens
210 890 299 910 sonos
319 882 460 919 ingentes
475 884 559 911 tactu
577 880 705 919 exiguo,
732 884 761 910 et
779 890 886 919 regens
902 890 987 910 voces
1010 878 1245 910 innumerabiles
1272 878 1413 908 taborum
1429 888 1590 917 cereorum,

133 922 374 963 dispositorum
393 923 497 954 instar
514 923 695 963 spicarum,
719 926 861 962 personet
876 923 988 961 digitis
1003 921 1248 960 excurrentibus,
1273 924 1303 951 et
1329 921 1413 951 intus
1440 924 1522 951 vecte
1544 922 1593 951 in-

128 965 219 1004 genti
235 966 370 1005 impellat
393 967 434 996 ad
457 969 581 996 cantum
597 976 690 1005 aquas
709 969 875 1004 gementes.
926 966 979 995 Vel
995 964 1117 1002 adsint,
1145 965 1196 1004 qui
1212 964 1313 994 instar
1327 964 1481 994 volucrum
1503 964 1591 994 emit—

131 1011 201 1039 tant
213 1018 277 1039 sese
291 1009 322 1039 in
339 1008 454 1047 aerem,
478 1012 508 1039 et
522 1009 667 1039 attollant
681 1018 808 1048 corpora
833 1008 993 1038 erelientia
1009 1017 1082 1038 sese
1097 1017 1176 1047 gyro
1190 1007 1297 1045 veloci,
1310 1016 1436 1046 quorum
1447 1007 1592 1045 puerulus

131 1051 248 1090 ligatus
271 1051 404 1082 viuculo
420 1051 545 1082 exsiliat
562 1051 593 1081 in
611 1054 728 1081 turrem
744 1052 898 1081 consulto
917 1049 1052 1090 factam,
1069 1054 1097 1081 et
1115 1049 1300 1080 constrictas
1325 1049 1483 1079 adhaerens
1503 1050 1590 1089 pedi·

747 1132 958 1144 eeeeeeeeeee

128 1179 279 1218 graditur·
294 1180 354 1210 alte
370 1179 466 1210 Med.
485 1185 593 1220 quart.
614 1180 675 1210 late
693 1179 898 1209 Rom—316
922 1182 1025 1209 tractu
1041 1179 1121 1210 Vat.
1147 1178 1253 1219 quint.
1279 1178 1353 1208 Pal.
1381 1178 1478 1208 Farn.
1495 1176 1587 1207 Prie.

129 1231 174 1252 m.
189 1231 256 1253 sec.
272 1222 339 1252 dno
354 1222 742 1262 Med.Jun.pr.'ri-010s.
767 1224 852 1251 tactu
870 1222 921 1251 vel
939 1224 1043 1252 tractu
1071 1222 1163 1252 Med.
1186 1226 1265 1252 tert.
1280 1221 1515 1251 Manu—317
1536 1220 1588 1249 ln-

129 1274 272 1295 numeras
287 1275 371 1295 voces
386 1265 511 1304 tegetis,
536 1264 568 1295 id
586 1269 650 1304 est,
664 1264 823 1303 tegminis,
850 1264 988 1304 legebat
1006 1264 1181 1303 Heinsius,
1206 1269 1324 1305 postea
1341 1268 1453 1294 tamen
1477 1262 1591 1301 segetis

128 1308 305 1348 amplexus
323 1313 387 1343 est,
401 1313 437 1338 ut
452 1318 538 1347 seges
553 1311 674 1338 armata
691 1316 749 1348 pro
767 1306 940 1337 hastilibus
959 1307 1047 1347 apud
1062 1308 1218 1347 Sympos.
1236 1306 1378 1343 AEnigm.
1392 1308 1445 1336 29.
1469 1307 1589 1344 segetes

128 1349 210 1381 Vnt.
229 1360 279 1390 pr.
294 1360 335 1381 m.
353 1359 404 1390 pr.
428 1352 606 1381 moderatur
618 1351 695 1380 Vat.
714 1349 821 1391 quint.
840 1350 946 1381 Oisel.
976 1351 1104 1380 'rimam
1135 1350 1214 1382 Jun.
1239 1359 1290 1389 ρι·.
1319 1348 1414 1380 Leid.
1448 1357 1496 1387 pr.
1521 1348 1588 1378 duo

130 1391 244 1423 Oxou.
269 1394 446 1424 moderatus
463 1393 529 1423 dno
545 1394 641 1424 Vatt.
662 1394 742 1433 Reg.
758 1392 877 1424 Petav.
895 1402 946 1433 pr.
963 1398 997 1423 et
1015 1402 1082 1423 sec.
1111 1403 1154 1424 m.
1179 1402 1229 1433 pr.
1246 1392 1326 1423 Lov.
1343 1392 1426 1423 Exc.
1441 1391 1585 1421 Lucens.

127 1444 180 1476 pr.
197 1435 250 1466 ed.
268 1436 378 1467 Vivet.
402 1437 576 1467 modulatur
602 1436 680 1467 Vat.
714 1445 764 1476 pr.
781 1440 817 1467 et
846 1445 915 1466 sec.
939 1436 1031 1466 Med.
1058 1446 1108 1476 pr.
1133 1435 1213 1466 Vat.
1230 1435 1338 1466 Livin.
1369 1434 1475 1464 ahenoe
1506 1433 1588 1463 Lov-

128 1488 232 1509 avenoe
247 1479 327 1510 Vat.
355 1489 407 1519 pr.
431 1489 475 1510 m.
505 1489 555 1519 pr.
583 1489 689 1518 marg.
720 1479 952 1519 Isiugr.—3IS
977 1479 1103 1509 Intonat
1122 1484 1267 1519 quatuor
1284 1475 1587 1508 Vatt.Pal.Fa1·n.

127 1520 222 1552 Prie.
241 1521 336 1553 Rott.
359 1522 466 1553 Oisel.
493 1522 617 1553 Intonet
640 1523 719 1553 Vat.
754 1531 802 1562 pr.
822 1522 903 1553 Jun.
929 1530 979 1561 pr.
997 1522 1073 1552 Vat.
1102 1521 1209 1552 Livin.
1236 1520 1297 1555 Qui
1312 1522 1397 1551 tonat
1417 1520 1499 1549 Exc.
1517 1518 1585 1549 Ge—

126 1568 214 1594 vart.
240 1565 367 1595 Intonat
385 1565 436 1595 vel
454 1564 577 1595 Intonet
597 1564 690 1595 Med.
718 1567 906 1595 tem—319
930 1564 1065 1594 carmine
1086 1564 1167 1595 Jun.
1195 1574 1244 1603 pr.
1273 1563 1366 1593 Med.
1398 1567 1507 1602 quart.
1529 1560 1588 1600 qni

127 1611 164 1637 et
177 1607 312 1637 concitus
326 1607 443 1638 habet.
468 1607 598 1638 concitet
626 1608 704 1638 Vat.
722 1617 773 1647 pr.
794 1607 901 1637 Oisel.
918 1606 986 1636 dno
1013 1606 1104 1637 Med.
1135 1607 1264 1637 Bonon.
1293 1606 1369 1636 Pat.
1399 1604 1516 1634 Ambr.
1536 1612 1586 1642 pr.

126 1648 206 1680 Put.
222 1650 350 1680 'l'huam
386 1650 512 1680 Mazar.
535 1651 653 1681 Petav.
681 1659 748 1681 sec.
772 1650 852 1681 Jun.
881 1659 932 1689 pr.
950 1650 1061 1680 Oxou.
1080 1658 1148 1680 sec.
1168 1649 1248 1679 Lov.
1268 1648 1346 1677 Vat.
1375 1647 1485 1677 Livin.
1507 1645 1587 1675 Var.

126 1691 195 1722 LL.
214 1701 232 1722 e
247 1701 349 1731 marg.
364 1692 479 1722 Parin.
498 1691 576 1722 Ald.
592 1693 676 1722 Exc.
695 1693 839 1722 Lucens.
853 1701 919 1721 sec.
943 1692 1076 1721 concitae
1091 1691 1208 1721 decem
1228 1690 1406 1720 alii.—320
1428 1688 1490 1719 Vix
1508 1687 1588 1718 Par.

115 1733 296 1772 jaculentur
306 1735 386 1765 Vat.
401 1744 450 1775 pr.
463 1734 558 1765 Leid.
575 1743 626 1774 pr.
637 1735 720 1773 Reg.
731 1734 860 1765 Thuan.
876 1734 988 1765 Oxon.
1002 1743 1051 1774 pr.
1066 1734 1099 1763 M
1107 1733 1158 1763 ed.
1173 1737 1252 1764 tert.
1266 1733 1350 1763 Exc.
1366 1733 1507 1762 Lucens.
1521 1740 1587 1761 sec.

115 1776 276 1816 jaculatur
284 1778 366 1809 Vat.
378 1777 677 1817 quint.jaculantur
687 1781 756 1807 tres
766 1777 863 1806 Vatt.
873 1776 948 1806 Pal.
960 1776 1053 1806 Prie.
1065 1776 1156 1806 Rott.
1171 1775 1279 1805 oisel.
1295 1776 1326 1805 in
1337 1776 1435 1805 altum
1451 1773 1587 1804 Pric.-——

124 1821 184 1850 321
203 1820 355 1861 aedificent
374 1819 452 1850 Vat.
464 1829 515 1859 pr.
546 1819 703 1860 oedffcant
717 1823 864 1858 quatuor
876 1818 972 1849 Vatt.
990 1818 1065 1848 Pal.
1084 1818 1184 1848 Farn.
1209 1817 1302 1848 Prie.
1323 1818 1414 1847 Rott.
1435 1815 1588 1846 Oise1.—

123 1864 186 1893 322
199 1865 375 1893 amentatus
385 1862 466 1892 Vat.
479 1871 530 1901 pr.
544 1861 660 1892 Ambr.
672 1866 750 1891 tert.
763 1860 1073 1898 agmentatusOisel.
1085 1860 1206 1890 Petav.
1220 1864 1299 1890 tert.
1314 1860 1396 1890 Lov.
1407 1861 1587 1896 augmenta-

122 1905 256 1943 tus-'tres
268 1906 362 1935 vatt.
379 1904 466 1935 Pric.
477 1905 556 1934 Vat.
569 1913 618 1944 pr.
633 1914 677 1934 m.
689 1913 757 1934 sec.
770 1907 967 1943 agnwntatus
980 1903 1030 1934 vel
1040 1905 1260 1941 augmentatur
1271 1902 1352 1932 Put.
1364 1902 1394 1932 in
1407 1904 1505 1931 artem
1519 1899 1585 1930 duo

124 1947 221 1978 Vatt.
236 1948 330 1978 Rott.
354 1957 456 1977 arcem
474 1947 569 1977 Leid.
598 1957 647 1987 pr.
670 1947 751 1979 Jun.
769 1957 819 1986 ρι·.
844 1946 923 1977 l’nt.
943 1947 1025 1986 Reg.
1058 1946 1183 1976 Mazar»
1208 1945 1487 1976 T11010s.130non.
1503 1943 1582 1973 Pat.

124 1990 223 2021 ambo
237 1990 364 2021 Moret.
379 1989 447 2020 duo
465 1989 576 2020 Oxou.
600 1991 683 2020 Lov.
701 1990 822 2019 Pctav.
836 1998 903 2020 sec.
929 1994 997 2019 tres
1012 1988 1131 2019 Ambr.
1149 1992 1293 2029 quatuor
1311 1987 1405 2018 Med.
1419 1987 1502 2017 Exc.
1516 1985 1584 2016 Ge-

125 2037 213 2063 vart.
237 2037 272 2063 et
288 2032 371 2064 Cod.
390 2033 614 2063 Rham-323
642 2032 768 2062 Eminet
786 2031 879 2062 Leid.
904 2041 954 2071 pr.
973 2031 1086 2063 Oxou.
1101 2041 1151 2071 pr.
1181 2031 1303 2060 Emicat
1320 2031 1398 2060 Vnt.
1416 2039 1482 2059 sec.
1509 2027 1584 2063 Pal,

125 2074 194 2105 duo
213 2075 304 2106 Med.
331 2076 416 2115 Reg.
434 2086 477 2106 m.
493 2085 545 2115 pr.
572 2075 693 2105 Emicet
710 2075 786 2105 vat.
802 2084 853 2114 pr.
869 2075 968 2105 Farn.
987 2074 1078 2105 Pric.
1104 2077 1133 2104 et
1149 2073 1278 2111 junctas
1293 2074 1370 2103 Var.
1388 2073 1497 2103 Livin.
1512 2075 1582 2105 vet,

124 2118 209 2158 Gyr.
228 2119 356 2149 Mazar.
380 2119 463 2150 Exc.
484 2119 628 2149 Gevart.
652 2118 772 2148 vinctus
789 2118 871 2148 Lov.
888 2118 1025 2148 evinctus
1043 2117 1162 2147 Petav.
1181 2126 1230 2156 pr.
1253 2116 1392 2146 curribus
1420 2116 1499 2146 Vat.
1530 2122 1591 2153 pr.

786 2205 924 2236 NOTAE

165 2271 228 2299 316
253 2269 430 2299 Detrudens
445 2269 615 2308 murmura]
654 2268 824 2309 Intelligit
880 2273 1024 2306 ntorum,
1048 2269 1127 2308 qnia
1142 2270 1221 2298 ante
1238 2266 1364 2297 sublati
1396 2265 1532 2297 fuerant
1562 2276 1581 2296 a

121 2317 397 2358 instrumentum,
421 2318 510 2360 qnod
527 2323 649 2349 vocant
665 2328 823 2359 organum
880 2318 1114 2349 Constantium

120 2368 297 2400 musicum.
921 2372 981 2400 321
1009 2370 1146 2408 Corpora
1161 2367 1344 2407 crescentia]
1365 2367 1405 2397 Id
1423 2371 1488 2405 est,
1507 2365 1580 2397 fun-

165 2421 231 2450 318
257 2420 403 2460 Pennus]
443 2419 510 2450 Alii
540 2420 656 2459 {egunt
683 2420 825 2460 pedibus,
879 2420 1015 2459 ambuli,
1039 2420 1094 2460 qui
1120 2429 1161 2449 ex
1188 2417 1267 2449 fune
1286 2419 1316 2448 in
1335 2417 1447 2448 funem
1473 2422 1580 2448 trans·

122 2478 183 2501 uec
198 2470 285 2501 male
301 2481 309 2508 ;
335 2471 452 2501 musici
466 2470 554 2501 enim
571 2474 712 2501 utuntur
730 2471 824 2511 pedi·
878 2476 973 2509 eunt,
990 2475 1025 2502 et
1042 2480 1123 2511 gyro
1148 2469 1325 2510 multiplici
1349 2478 1491 2509 corpora
1519 2478 1579 2499 sua

121 2519 184 2551 bus
201 2520 242 2551 ad
261 2520 435 2562 tangenda
447 2530 574 2561 organa
588 2521 724 2561 majora.
878 2522 1050 2552 attollunt.

163 2573 226 2601 319
249 2571 437 2603 Laborantes
452 2572 563 2612 undas]
614 2572 681 2602 Alii
708 2573 824 2612 legunt
922 2575 984 2603 322
1008 2571 1145 2612 Arcem]
1174 2572 1224 2601 Ex
1251 2571 1364 2601 multis
1388 2570 1577 2602 homiuibus

119 2621 298 2652 relabentes.
343 2622 512 2663 Intelligit
528 2633 656 2663 organa
679 2623 824 2663 hydrau-
879 2623 971 2653 velut
996 2621 1147 2662 quaedam
1180 2630 1239 2650 arx
1271 2619 1428 2660 efficitur,
1455 2620 1487 2651 in
1520 2629 1576 2651 en-

120 2671 200 2710 lica,
214 2671 280 2702 hoc
306 2676 370 2711 est,
386 2673 480 2713 aquis
495 2672 702 2703 resonantia.
751 2672 821 2702 Ho-
869 2674 926 2713 jus
943 2674 1028 2705 arcis
1045 2672 1172 2704 vertice
1189 2680 1273 2713 puer
1295 2671 1454 2703 mirificos
1471 2671 1576 2704 saltus

123 2731 196 2752 rum
221 2721 375 2752 inventor
397 2721 464 2752 fuit
488 2723 669 2754 Ctesibius.
716 2723 822 2754 Nota·
877 2723 958 2756 edit.

123 2772 174 2803 bis
192 2771 316 2802 nullam
333 2780 405 2802 esse
423 2771 477 2805 hic
493 2772 697 2803 mentionem
715 2772 820 2813 gladi-
