1852 3193
219 195 305 237 ‘202
692 205 768 235 ot..
802 202 1084 235 anumANi
1122 198 1206 229 vn.

220 301 334 355 Spes
356 303 587 354 votumque
609 299 717 352 poli,
737 312 863 352 quem
885 297 1026 350 primo
1049 309 1075 335 a
1092 295 1241 335 limine
1258 294 1360 336 vitae
1620 291 1678 333 10

221 367 384 409 Nutrix
407 368 505 408 aula
521 368 665 408 fovet:
698 365 858 406 strictis
886 376 1012 416 quem
1030 362 1200 414 fulgida
1220 361 1320 402 telis

223 435 338 476 Inter
358 436 596 487 laurigeros
619 434 811 473 aluerunt
832 434 976 470 castra
990 430 1251 483 triumphos,

222 501 371 543 Ardua
396 503 591 556 privatos
610 500 753 540 nescit
776 498 964 538 Fortuna
985 501 1188 550 penates,

222 569 280 611 Et
299 582 471 623 regnum
486 582 583 609 cum
604 568 700 607 luce
720 564 854 605 dedit.

917 564 1112 616 Cognata
1133 565 1336 615 potestas

223 636 417 690 Excepit
438 636 570 689 Tyrio
594 634 838 675 venerabile
859 633 1015 687 pignus
1034 632 1077 671 in
1094 634 1237 671 ostro:
1623 627 1684 668 15

223 704 535 756 Lustravitque
554 708 653 743 tuos
674 700 850 754 Aquilis
872 699 1126 741 victricibus
1144 702 1269 738 ortus

229 771 379 821 Miles,
404 772 508 812 etin
530 770 688 811 mediis
711 769 932 810 cunabula
954 767 1143 821 praebuit
1164 765 1318 805 hastis.

224 891 311 921 quem
336 881 437 920 Regia
463 880 561 910 altrix
589 879 729 910 educavit
758 890 776 909 α
804 877 956 918 principio
980 877 1054 907 rita>
1078 875 1189 916 primo,
1213 884 1301 914 quem
1315 875 1417 904 castra
1431 871 1578 903 micantia
1591 868 1706 901 armis'

226 924 422 954 nutriverunt
438 924 521 953 inter
537 923 682 953 victorias
697 923 864 952 laureatas.
911 921 1051 950 Fortuna
1076 923 1134 949 tua
1164 918 1282 948 excelsa
1309 926 1369 946 non
1399 915 1539 953 cognovit
1569 915 1690 944 domum

223 966 408 1006 prirntam;
446 970 475 995 et
517 966 572 995 illa
614 965 762 994 concessit
792 964 850 993 tibi
897 962 1060 1002 imperium
1104 971 1170 990 cum
1211 960 1301 989 rita:
1344 958 1482 998 potentia
1524 955 1690 987 domestica

227 1007 336 1047 vobis,
359 1009 475 1047 recepit
506 1008 538 1037 in
566 1016 703 1046 purpura
734 1006 829 1045 Tyria
866 1009 899 1034 te
935 1014 994 1034 ceu
1026 1004 1195 1042 depositum
1224 1011 1368 1031 sacrum.-
1414 1005 1443 1030 et
1475 999 1562 1030 miles
1589 998 1690 1029 cinxit

228 1051 325 1081 locum
363 1054 484 1080 tuorum
508 1049 669 1087 natalium,
692 1058 760 1078 cum
781 1048 881 1085 signis
897 1045 1148 1085 triumphalibus,
1193 1046 1285 1083 utque
1308 1043 1394 1073 dedit
1420 1042 1481 1072 tibi
1504 1051 1597 1072 cunas
1610 1042 1694 1072 inter

842 1125 1077 1138 eeeeeeeeeeee

225 1184 324 1223 priva:
337 1183 472 1224 legebat
490 1183 749 1214 Heinsius—ll
774 1185 857 1213 tenet
874 1182 958 1212 Exc.
974 1181 1072 1212 Voss
1101 1181 1224 1212 strictis
1247 1189 1361 1220 quoque
1378 1178 1474 1210 Med.
1497 1181 1577 1208 tert.
1613 1177 1694 1207 tedis

230 1227 444 1258 F101·ent.m.
461 1237 512 1267 pr.
550 1227 641 1257 toedis
656 1226 735 1258 Jun.
759 1236 809 1265 pr.
842 1225 944 1255 thedis
972 1225 1153 1255 Rom—12
1187 1224 1278 1254 Intra
1305 1224 1386 1253 Lov.
1418 1220 1584 1259 laur-iseros
1611 1219 1693 1251 Jun.

229 1279 282 1310 pr.
317 1271 454 1300 claustra
465 1270 547 1300 Var.
565 1270 631 1300 LL.
648 1268 701 1299 cd.
722 1268 823 1298 Autv.
855 1267 930 1305 fata
948 1268 1041 1298 Rott.
1061 1266 1328 1307 Ox0n.pr.—l3
1354 1266 1478 1296 Natura
1504 1264 1618 1295 Oxou.
1644 1271 1696 1302 pr.

230 1321 275 1342 m.
293 1321 361 1343 sec.
378 1312 456 1342 huic
476 1312 588 1342 versui
614 1312 813 1342 asteriscum
836 1310 998 1350 apposuit
1028 1310 1292 1340 Heinsius.—14
1317 1308 1396 1338 Ha‘c
1424 1317 1553 1345 regnum
1577 1305 1696 1336 Ambr.

231 1359 313 1385 tert.
339 1355 463 1385 Etcum
479 1355 542 1385 luce
559 1355 644 1384 dedet
659 1364 788 1392 regnum
804 1353 883 1385 Jun.
902 1362 953 1392 pr.
977 1353 1062 1382 dedit
1082 1353 1134 1382 vel
1152 1352 1232 1382 redit
1258 1352 1385 1381 Moret.
1404 1359 1472 1380 sec.
1491 1350 1573 1379 Vat.
1586 1347 1696 1389 quint.

230 1406 361 1436 regnum
379 1397 459 1428 Lov.
478 1398 606 1427 Moret.
623 1406 691 1427 sec.
712 1397 795 1426 Exc.
816 1396 959 1427 Gevart.
976 1396 1121 1425 anens.
1141 1404 1212 1425 sec.
1229 1393 1307 1425 Ald.
1326 1399 1359 1423 et
1373 1394 1454 1423 Var.
1472 1392 1539 1423 LL.
1553 1401 1570 1421 e
1587 1397 1696 1429 marg.

231 1440 348 1470 Parm.
379 1440 461 1470 item
487 1439 608 1470 Sched.
636 1439 725 1470 Gud.
760 1439 898 1477 regimen
929 1437 981 1469 ed.
1009 1438 1126 1468 Parm.
1155 1437 1270 1467 Vicet.
1294 1437 1420 1475 Isingr.
1448 1435 1560 1464 Pulm.
1586 1433 1695 1464 Coliu.

232 1482 368 1522 Grypli.
382 1482 469 1523 quod
488 1482 649 1513 Heinsius
666 1483 698 1512 in
716 1492 747 1511 v.
764 1481 838 1513 cod.
858 1481 987 1511 invenit
1004 1486 1039 1511 et
1058 1480 1181 1520 probat
1199 1479 1348 1510 adducto
1375 1479 1448 1508 loco
1464 1476 1644 1516 Capitolin.
1663 1475 1696 1505 in

234 1524 450 1563 Ρθιῒὲηειθθ,ι
464 1535 540 1556 mox
552 1525 674 1555 Daciae
693 1524 842 1564 regimen
861 1522 1016 1563 accepit!
1035 1527 1070 1553 et
1094 1523 1203 1561 mox,‘
1218 1522 1355 1562 Integre
1366 1530 1401 1551 se
1415 1529 1519 1560 usque
1535 1519 1576 1549 ad
1592 1518 1697 1559 Syriae

234 1568 385 1607 regimen
397 1568 561 1598 Pertinax
574 1566 708 1599 tenuit.⁷
724 1577 757 1607 p.
775 1570 826 1598 54.
853 1567 1038 1606 Capitolin.
1054 1566 1086 1596 in
1102 1566 1219 1605 Opilio
1233 1565 1388 1595 Macrino
1406 1562 1528 1603 imperii
1539 1562 1665 1592 tutelam
1679 1570 1698 1590 a

233 1610 384 1649 regimine
401 1610 590 1650 distinguit.
608 1611 630 1642 l.
648 1613 844 1641 muru—14
878 1610 1001 1649 privata
1018 1609 1098 1640 Jun.
1116 1618 1167 1648 pr.
1194 1612 1271 1647 post
1294 1616 1410 1636 vocem
1425 1608 1561 1645 potestas
1575 1602 1701 1634 τελείαν

235 1652 370 1691 στιγμὴν
386 1653 489 1684 habet
507 1654 627 1683 Petav.
647 1663 698 1693 pr.
718 1658 752 1683 et
776 1653 830 1682 ed.
850 1653 955 1682 Gesn.
974 1661 1072 1691 quam
1089 1651 1190 1681 Farn.
1209 1656 1245 1681 ct
1262 1650 1328 1680 duo
1339 1650 1419 1679 Vat.
1436 1647 1695 1677 omittunt.—l5

235 1696 364 1736 Accepit
379 1696 506 1726 Moret.
526 1705 594 1726 sec.
617 1696 731 1735 pignus
744 1695 914 1725 venerabile
927 1695 1006 1724 Vat.
1024 1697 1100 1724 tert.
1129 1694 1221 1723 nott.
1254 1701 1363 1732 corpus
1390 1690 1444 1720 vel
1465 1691 1580 1729 pignus
1602 1689 1698 1719 Med.

236 1741 393 1770 sem—16
415 1739 474 1769 alis
488 1738 689 1769 Oxon.——17
717 1737 864 1768 venabula
888 1736 1022 1778 plurimi
1050 1735 1159 1768 Codd.
1194 1734 1342 1766 venabula
1368 1733 1420 1764 vel
1445 1732 1594 1775 cunabula
1616 1732 1698 1773 Reg-

897 1824 1033 1856 NOTE

279 1892 320 1921 10
355 1890 384 1922 A
418 1890 538 1931 limine]
593 1891 710 1922 Limen
739 1894 791 1920 est
828 1889 940 1920 aditus

238 1940 367 1980 domus,
383 1941 472 1972 unde
485 1941 625 1982 ponitur
641 1951 701 1981 pro
718 1941 828 1979 initio,
854 1940 941 1980 prin-

237 1990 327 2030 cipio
365 1991 459 2022 vitae.
509 1991 700 2022 Gloriosum
739 1995 791 2020 est
828 1995 940 2020 autem

238 2040 391 2072 Honorio
429 2045 546 2072 natum
581 2050 654 2071 esse
682 2041 941 2081 Imperatorem,

239 2092 329 2133 quod
347 2092 502 2133 plerique
524 2091 665 2122 aliorum
682 2092 734 2122 vel
762 2091 873 2129 armis,
887 2090 942 2121 vel

245 2141 441 2182 adoptione,
467 2143 521 2172 vel
560 2142 741 2180 electione,
771 2142 824 2172 vel
854 2141 944 2181 dolo,

243 2193 293 2223 vel
311 2192 456 2232 pecunia
472 2191 514 2221 ad
532 2192 648 2222 solium
666 2192 892 2222 ascenderint.

284 2244 323 2273 13
361 2240 485 2280 Ardua]
531 2241 678 2271 Excelsa
717 2246 776 2271 tua
809 2241 944 2271 fortuna

243 2301 306 2323 non
345 2292 503 2332 provenit
534 2300 575 2321 ex
614 2289 712 2320 domo
743 2290 890 2330 privata,
926 2299 945 2319 o

241 2342 386 2382 Honori,
416 2342 475 2372 sed
503 2341 616 2372 statim
645 2345 747 2380 atque
773 2345 871 2370 natus
896 2350 945 2377 es,

243 2392 284 2423 ad
316 2390 550 2432 imperandum
581 2394 680 2421 natus
711 2399 760 2420 est.
810 2388 946 2429 Alioqui

247 2442 341 2474 :nulti
379 2451 420 2472 ex
459 2441 594 2482 privata
622 2439 722 2470 domo
753 2438 795 2469 ad
827 2439 947 2469 solium

250 2497 466 2524 emerserunt.

287 2547 327 2575 14
354 2545 497 2582 Cognata
516 2540 668 2583 potestas]
713 2540 871 2571 Potestas
888 2540 944 2570 do-

250 2594 387 2625 mestica
417 2597 596 2633 parentum
628 2599 687 2621 seu
723 2595 945 2629 cognatorum

250 2652 404 2681 tuorum3
427 2642 523 2683 quasi
540 2641 682 2679 diceret,
705 2639 817 2669 statim
843 2643 945 2679 atque

249 2698 345 2724 natus
362 2702 411 2732 es,
426 2697 566 2724 evectus
580 2701 615 2722 es
632 2690 672 2722 ad
691 2693 896 2730 potestatem
914 2694 949 2721 et

248 2745 402 2776 honores.

1039 1891 1077 1918 15
1104 1888 1199 1928 Tyrio
1217 1887 1247 1917 in
1268 1885 1364 1925 ostro]
1409 1885 1569 1925 Purpura
1584 1882 1702 1924 Tyria,

996 1938 1037 1969 ab
1055 1938 1138 1968 urbe
1155 1938 1244 1977 Tyro
1270 1937 1301 1967 in
1321 1935 1511 1974 Phoenicia,
1539 1934 1597 1965 ubi
1624 1942 1701 1974 pnr-

997 1998 1081 2029 pura
1109 1988 1311 2029 exquisitior
1342 1985 1555 2027 jactabatur.
1601 1984 1704 2015 Cete-

996 2048 1070 2069 rum
1095 2048 1166 2069 mos
1192 2042 1266 2068 erat
1293 2036 1453 2076 excipere
1475 2033 1625 2065 infantes
1651 2043 1703 2064 re-

996 2098 1076 2120 cens
1104 2093 1202 2119 natos
1227 2088 1261 2118 in
1284 2096 1448 2128 purpura,
1465 2095 1539 2126 quse
1567 2084 1704 2126 propria

997 2146 1072 2172 erat
1107 2142 1254 2181 Regum,
1283 2140 1546 2180 Imperatorum,
1582 2136 1705 2177 magis-

999 2195 1162 2222 tratuum.

1047 2241 1228 2272 Venerabile
1242 2239 1370 2280 pignus]
1415 2239 1467 2269 Te
1482 2237 1621 2278 excepit
1635 2238 1706 2268 vel·

1000 2296 1038 2322 ut
1069 2300 1200 2322 sacrum
1230 2291 1435 2330 depositum,
1460 2290 1554 2319 velut
1584 2288 1706 2329 pignus

1000 2342 1106 2373 nostri
1123 2341 1245 2372 amoris
1264 2345 1366 2380 atquc
1384 2338 1626 2370 venerationis.

1045 2395 1084 2423 16
1128 2392 1267 2431 Aquilis]
1313 2390 1446 2431 Aquilae
1485 2390 1581 2430 signa
1608 2392 1708 2420 erant

1002 2444 1244 2480 Romanorum,
1264 2441 1384 2481 quibus
1401 2439 1522 2470 milites
1541 2439 1573 2469 in
1590 2438 1707 2470 orbem

1002 2492 1248 2524 circumductis
1283 2490 1435 2521 Honorio
1470 2497 1590 2519 recens
1624 2493 1707 2518 nato

999 2543 1273 2583 gratulabantur,
1291 2551 1332 2571 ex
1348 2548 1439 2570 more
1456 2543 1623 2577 veterum,
1649 2538 1708 2578 qui

1000 2593 1087 2624 filios
1113 2593 1277 2631 Heroum,
1307 2598 1490 2630 eorumque
1517 2587 1707 2619 nativitatis

1001 2646 1124 2682 locum,
1143 2643 1338 2674 exultantes
1356 2638 1590 2671 circumibant.

1047 2697 1085 2725 17
1112 2695 1149 2725 In
1168 2693 1277 2724 mediis
1286 2690 1434 2722 cunabula
1446 2689 1581 2730 proebnit
1596 2688 1709 2730 hastis]

1004 2744 1103 2775 Intra
1118 2743 1251 2775 domum
1267 2742 1472 2781 Caesaream,
1497 2743 1557 2771 aut
1578 2738 1613 2770 in
1629 2738 1709 2770 Cas-
