1857 3177
826 372 899 419 IL

510 536 647 597 CL.
703 534 1212 594 CLAUDIANI

191 736 394 823 IN
512 731 1534 824 RUFINUM.

690 958 949 1006 LIBER
1000 957 1046 1005 L

693 1251 1055 1296 PRAEFATIO.

657 1378 1085 1413 ARGUMENTUM.

182 1456 235 1486 ΓΤ
259 1458 334 1496 post
350 1453 498 1485 occisum
516 1452 559 1484 ab
586 1451 746 1492 Apolline
762 1450 972 1490 Pythonem,
1004 1448 1176 1479 Parnasso
1192 1445 1367 1483 liberiore,
1393 1444 1453 1475 Dii
1470 1444 1597 1476 Poetas

143 1509 259 1540 audire
275 1507 407 1549 dignati
425 1511 503 1538 sunt
519 1516 526 1536 :
551 1506 597 1537 sic
625 1509 701 1546 post
717 1503 877 1536 Rufinum
892 1502 935 1533 ab
953 1502 1167 1543 Imperatore
1181 1501 1414 1539 interemtum,
1443 1497 1599 1531 Claudia-

145 1571 223 1592 num
238 1560 380 1592 audinnt
399 1559 543 1591 Romani
561 1559 738 1590 Proceres.

148 1765 379 1823 PHOEBEO
402 1782 594 1823 domitus
617 1779 795 1834 Python
817 1791 920 1820 eum
940 1777 1108 1818 decidit
1130 1788 1250 1825 arcu,

205 1850 495 1904 Membraque
519 1849 714 1890 Cirrhaeo
734 1847 844 1888 fudit
866 1846 1023 1887 anhela
1037 1844 1175 1897 jugo:

193 1951 271 1981 Cum
297 1950 423 1991 Python
445 1949 544 1980 victus
570 1958 644 1980 arcu
671 1947 803 1979 Phoebeo
818 1947 952 1986 dejectus
967 1948 1025 1985 est,
1046 1947 1076 1974 et
1102 1941 1243 1974 extendit
1265 1943 1354 1970 artus
1379 1938 1556 1978 expirantes
1571 1936 1605 1967 in

760 2016 994 2029 eeeeeeeeeeee

194 2067 231 2097 In
249 2065 410 2107 Rufinum]
454 2065 501 2095 Hi
525 2064 602 2096 libri
620 2063 726 2103 primo
752 2064 825 2092 loco
838 2065 917 2092 sunt
933 2061 965 2091 in
984 2058 1168 2091 codicibus
1185 2054 1323 2093 Mor-eti,
1341 2053 1554 2091 Lovaniensi,
1570 2056 1607 2084 et

151 2109 331 2149 Excerptis
348 2108 518 2139 Gevartii.
550 2107 582 2137 in
611 2105 929 2144 Rottendorphiano
957 2103 1079 2143 legitur
1097 2112 1104 2131 ι
1137 2100 1254 2139 Incipit
1282 2107 1427 2136 maguntii
1456 2105 1528 2136 opus
1559 2095 1608 2126 Cl.

151 2151 326 2182 Claudiani.
340 2151 486 2191 proefatio
502 2151 535 2180 in
550 2150 660 2179 libmm
672 2149 816 2188 primum.
832 2147 863 2177 in
881 2146 1049 2176 Vaticano
1072 2153 1139 2174 sec.
1155 2148 1249 2172 erat:
1277 2141 1327 2171 De
1349 2139 1481 2180 perfidia
1498 2137 1608 2178 Rufini

149 2199 179 2226 et
195 2193 335 2225 laudibus
350 2193 510 2223 Stiliconis
533 2192 610 2222 liber
633 2192 754 2230 primus
779 2189 902 2228 incipit.
949 2188 1067 2218 Codex
1094 2184 1397 2216 Dominicanorum
1426 2181 1606 2211 Florentiae

149 2237 190 2268 ad
209 2238 253 2268 D.
269 2236 380 2267 Marci
395 2234 547 2273 exhibet,
572 2234 621 2264 Fl.
642 2232 809 2263 Claudiani
828 2231 1054 2271 panegyricon.
1082 2227 1196 2267 Incipit
1213 2227 1288 2256 liber
1310 2226 1429 2265 primus
1454 2225 1491 2253 de
1512 2223 1610 2261 gestis

152 2279 322 2310 Theodosii.
338 2279 372 2309 in
391 2278 511 2308 petav.
527 2287 576 2316 pr.
596 2287 614 2306 a
632 2284 731 2306 mauu
749 2278 886 2304 recente
903 2273 1090 2312 ascriptum
1106 2282 1112 2300 ;
1140 2270 1188 2299 Cl.
1207 2268 1375 2299 Claudiani
1407 2267 1438 2296 in
1457 2266 1608 2307 Rufinum

150 2322 226 2354 liber
238 2322 359 2362 primus
373 2320 497 2361 incipit.
518 2320 551 2350 in
570 2319 696 2350 Codice
713 2318 745 2348 S.
761 2316 946 2348 Salvatoris
964 2316 1094 2346 Bonon.
1119 2318 1184 2349 est,
1209 2310 1363 2348 Prcescttio
1383 2309 1413 2338 in
1433 2308 1545 2338 librum
1564 2308 1611 2338 CI.

153 2365 331 2397 Claudiani.
355 2365 440 2395 Exc.
459 2363 545 2394 Laeti
561 2363 687 2393 habent
706 2361 754 2392 (Ὑί.
772 2359 938 2391 Claudiani
959 2358 996 2389 V.
1017 2359 1053 2388 C.
1073 2357 1228 2393 Prologus
1252 2354 1283 2384 in
1300 2352 1370 2383 Lib.
1387 2361 1410 2381 1.
1437 2350 1507 2380 bell.
1524 2350 1609 2380 civil.

150 2408 232 2438 Var.
249 2408 362 2438 Lectt.
380 2417 398 2437 e
417 2406 566 2446 margine
584 2407 697 2437 Parni.
724 2403 878 2434 similiter
905 2401 1105 2437 inscribunt,
1136 2399 1183 2428 CI.
1203 2395 1370 2426 Claudiani
1400 2393 1435 2424 V.
1455 2394 1491 2422 C.
1525 2393 1610 2423 Belli

154 2451 264 2481 Civilis
278 2450 496 2490 liber-primns.
520 2449 553 2479 in
570 2449 677 2487 primo
697 2445 854 2477 Leidensi
870 2448 957 2483 erat,
974 2443 1090 2483 Incipit
1105 2440 1273 2481 propositio
1289 2438 1409 2469 [ibride
1426 2435 1551 2476 Rufino.
1575 2436 1609 2466 in

153 2495 321 2526 Vaticano
336 2493 439 2524 tertio
452 2492 550 2523 deest
566 2492 652 2522 liber
669 2490 796 2530 primus
813 2492 848 2519 et
865 2497 941 2528 pars
957 2486 1107 2517 secundi.

196 2540 213 2569 l
239 2537 343 2577 Pytho
357 2536 436 2567 Vat.
456 2540 566 2576 quart.
594 2534 709 2564 Phiton
729 2533 807 2562 Lov.
825 2531 881 2572 qui
899 2530 945 2561 sie
969 2537 1103 2569 semper
1119 2525 1268 2557 exhibet.
1293 2522 1404 2552 Vim-t.
1434 2526 1468 2551 et
1492 2520 1607 2551 Parm.

156 2584 188 2610 ut
212 2581 277 2614 dec.
299 2589 383 2611 unus
407 2578 526 2610 Barth.
568 2577 699 2608 concidit
730 2576 862 2606 Bonon.
903 2572 1016 2604 Oxon.
1045 2581 1113 2601 sec.
1142 2574 1178 2600 et
1202 2565 1324 2598 Sched.
1353 2563 1509 2595 Gud.—2
1547 2563 1609 2593 solo

814 2646 957 2679 NOTAE

203 2706 240 2737 In
271 2705 434 2748 Rufinum]
492 2704 636 2737 Rufinus
672 2713 713 2734 ex
742 2702 857 2733 Gallia
911 2701 975 2731 luit
998 2698 1088 2740 apud
1101 2694 1325 2728 Theodosium
1351 2693 1611 2732 Imperatorem,

161 2755 363 2798 Aquitanica
376 2754 551 2795 oriundus,
577 2753 687 2795 gratia
702 2753 786 2785 adeo
804 2760 858 2782 va·
913 2756 950 2783 ut
965 2754 1001 2781 et
1018 2746 1203 2791 praefectus
1225 2743 1374 2787 praetorii
1405 2741 1514 2774 fuctus
1536 2740 1611 2774 fue·
