<?xml version="1.0" encoding="UTF-8"?>
<!DOCTYPE html PUBLIC "-//W3C//DTD XHTML 1.0 Transitional//EN"
    "http://www.w3.org/TR/xhtml1/DTD/xhtml1-transitional.dtd">
<html xmlns="http://www.w3.org/1999/xhtml" xml:lang="en" lang="en">
 <head>
  <title>
</title>
<meta http-equiv="Content-Type" content="text/html;charset=utf-8" />
  <meta name='ocr-system' content='tesseract 3.04.00' />
  <meta name='ocr-capabilities' content='ocr_page ocr_carea ocr_par ocr_line ocrx_word'/>
</head>
<body>
  <div class='ocr_page' id='page_1' title='image "./operaomniaexedit01clauuoft/operaomniaexedit01clauuoft_0471.png"; bbox 0 0 1857 3177; ppageno 0'>
   <div class='ocr_carea' id='block_1_1' title="bbox 498 251 560 281">
    <p class='ocr_par' dir='ltr' id='par_1_1' title="bbox 498 251 560 281">
     <span class='ocr_line' id='line_1_1' title="bbox 498 251 560 281; baseline 0.032 -2"><span class='ocrx_word' id='word_1_1' title='bbox 498 251 560 281; x_wconf 82' lang='lat' dir='ltr'>DE</span> 
     </span>
    </p>
   </div>
   <div class='ocr_carea' id='block_1_2' title="bbox 601 241 1557 282">
    <p class='ocr_par' dir='ltr' id='par_1_2' title="bbox 601 241 1557 282">
     <span class='ocr_line' id='line_1_2' title="bbox 601 241 1557 282; baseline 0.001 -2"><span class='ocrx_word' id='word_1_2' title='bbox 601 250 777 280; x_wconf 65' lang='lat' dir='ltr'>MALLH</span> <span class='ocrx_word' id='word_1_3' title='bbox 818 250 1000 280; x_wconf 75' lang='lat' dir='ltr'>Tuuon.</span> <span class='ocrx_word' id='word_1_4' title='bbox 1033 250 1169 280; x_wconf 67' lang='lat' dir='ltr'>cous.</span> <span class='ocrx_word' id='word_1_5' title='bbox 1475 241 1557 282; x_wconf 72' lang='lat'>-151</span> 
     </span>
    </p>
   </div>
   <div class='ocr_carea' id='block_1_3' title="bbox 105 341 1562 869">
    <p class='ocr_par' dir='ltr' id='par_1_3' title="bbox 105 341 1237 394">
     <span class='ocr_line' id='line_1_3' title="bbox 105 341 1237 394; baseline -0.001 -8"><span class='ocrx_word' id='word_1_6' title='bbox 105 341 270 386; x_wconf 79' lang='lat' dir='ltr'>&#39;Notior</span> <span class='ocrx_word' id='word_1_7' title='bbox 287 350 353 385; x_wconf 86' lang='lat' dir='ltr'>est</span> <span class='ocrx_word' id='word_1_8' title='bbox 374 346 593 387; x_wconf 86' lang='lat' dir='ltr'>Helicone</span> <span class='ocrx_word' id='word_1_9' title='bbox 615 347 782 387; x_wconf 90' lang='lat' dir='ltr'>domus.</span> <span class='ocrx_word' id='word_1_10' title='bbox 843 347 1031 388; x_wconf 76' lang='lat' dir='ltr'>Gestare</span> <span class='ocrx_word' id='word_1_11' title='bbox 1051 346 1237 394; x_wconf 84' lang='lat' dir='ltr'>curules,</span> 
     </span>
    </p>

    <p class='ocr_par' dir='ltr' id='par_1_4' title="bbox 108 411 1562 532">
     <span class='ocr_line' id='line_1_4' title="bbox 110 411 1562 467; baseline 0 -15"><span class='ocrx_word' id='word_1_12' title='bbox 110 411 166 453; x_wconf 87' lang='lat' dir='ltr'>Et</span> <span class='ocrx_word' id='word_1_13' title='bbox 186 412 334 453; x_wconf 81' lang='lat' dir='ltr'>fasces</span> <span class='ocrx_word' id='word_1_14' title='bbox 353 414 539 454; x_wconf 82' lang='lat' dir='ltr'>subiisse</span> <span class='ocrx_word' id='word_1_15' title='bbox 559 415 677 455; x_wconf 78' lang='lat' dir='ltr'>libet.</span> <span class='ocrx_word' id='word_1_16' title='bbox 743 414 959 455; x_wconf 77' lang='lat' dir='ltr'>Miracula</span> <span class='ocrx_word' id='word_1_17' title='bbox 982 415 1098 467; x_wconf 80' lang='lat' dir='ltr'>plebi</span> <span class='ocrx_word' id='word_1_18' title='bbox 1477 412 1562 453; x_wconf 70' lang='lat'>280</span> 
     </span>
     <span class='ocr_line' id='line_1_5' title="bbox 108 478 1186 532; baseline 0.003 -13"><span class='ocrx_word' id='word_1_19' title='bbox 108 478 327 532; x_wconf 81' lang='lat' dir='ltr'>Colligite,</span> <span class='ocrx_word' id='word_1_20' title='bbox 351 485 395 521; x_wconf 83' lang='lat' dir='ltr'>et</span> <span class='ocrx_word' id='word_1_21' title='bbox 417 482 547 522; x_wconf 78' lang='lat' dir='ltr'>claris</span> <span class='ocrx_word' id='word_1_22' title='bbox 563 495 721 522; x_wconf 83' lang='lat' dir='ltr'>nomen</span> <span class='ocrx_word' id='word_1_23' title='bbox 744 481 963 522; x_wconf 78' lang='lat' dir='ltr'>celebrate</span> <span class='ocrx_word' id='word_1_24' title='bbox 989 482 1186 522; x_wconf 77' lang='lat' dir='ltr'>theatris.</span> 
     </span>
    </p>

    <p class='ocr_par' dir='ltr' id='par_1_5' title="bbox 105 545 1296 869">
     <span class='ocr_line' id='line_1_6' title="bbox 107 545 1224 601; baseline 0.002 -15"><span class='ocrx_word' id='word_1_25' title='bbox 107 545 174 586; x_wconf 89' lang='lat' dir='ltr'>Tu</span> <span class='ocrx_word' id='word_1_26' title='bbox 195 546 322 587; x_wconf 78' lang='lat' dir='ltr'>Jovis</span> <span class='ocrx_word' id='word_1_27' title='bbox 347 549 539 601; x_wconf 59' lang='lat' dir='ltr'>{equorei</span> <span class='ocrx_word' id='word_1_28' title='bbox 566 550 834 589; x_wconf 79' lang='lat' dir='ltr'>submersam</span> <span class='ocrx_word' id='word_1_29' title='bbox 858 547 1062 589; x_wconf 81' lang='lat' dir='ltr'>fluctibus</span> <span class='ocrx_word' id='word_1_30' title='bbox 1082 549 1224 589; x_wconf 84' lang='lat' dir='ltr'>aulam</span> 
     </span>
     <span class='ocr_line' id='line_1_7' title="bbox 108 612 1246 668; baseline 0.003 -15"><span class='ocrx_word' id='word_1_31' title='bbox 108 612 288 654; x_wconf 80' lang='lat' dir='ltr'>oratum</span> <span class='ocrx_word' id='word_1_32' title='bbox 310 616 524 664; x_wconf 74' lang='lat' dir='ltr'>volueres,</span> <span class='ocrx_word' id='word_1_33' title='bbox 551 616 697 664; x_wconf 76' lang='lat' dir='ltr'>Erato,</span> <span class='ocrx_word' id='word_1_34' title='bbox 715 615 807 668; x_wconf 82' lang='lat' dir='ltr'>jam</span> <span class='ocrx_word' id='word_1_35' title='bbox 831 627 976 667; x_wconf 68' lang='lat' dir='ltr'>perge,</span> <span class='ocrx_word' id='word_1_36' title='bbox 997 616 1246 667; x_wconf 72' lang='lat' dir='ltr'>quadrigaS‚</span> 
     </span>
     <span class='ocr_line' id='line_1_8' title="bbox 105 678 1296 736; baseline 0.003 -16"><span class='ocrx_word' id='word_1_37' title='bbox 105 678 148 719; x_wconf 92' lang='lat' dir='ltr'><strong>A</strong></span> <span class='ocrx_word' id='word_1_38' title='bbox 172 682 330 734; x_wconf 85' lang='lat' dir='ltr'>quibus</span> <span class='ocrx_word' id='word_1_39' title='bbox 352 682 467 722; x_wconf 78' lang='lat' dir='ltr'>haud</span> <span class='ocrx_word' id='word_1_40' title='bbox 490 696 680 736; x_wconf 82' lang='lat' dir='ltr'>unquam</span> <span class='ocrx_word' id='word_1_41' title='bbox 703 684 893 736; x_wconf 79' lang='lat' dir='ltr'>palmam</span> <span class='ocrx_word' id='word_1_42' title='bbox 914 687 1117 734; x_wconf 75' lang='lat' dir='ltr'>rapturus</span> <span class='ocrx_word' id='word_1_43' title='bbox 1139 682 1296 724; x_wconf 77' lang='lat' dir='ltr'>Arion.</span> 
     </span>
     <span class='ocr_line' id='line_1_9' title="bbox 105 745 1207 803; baseline 0.002 -16"><span class='ocrx_word' id='word_1_44' title='bbox 105 745 297 788; x_wconf 88' lang='lat' dir='ltr'>Illustret</span> <span class='ocrx_word' id='word_1_45' title='bbox 320 749 494 789; x_wconf 88' lang='lat' dir='ltr'>Circum</span> <span class='ocrx_word' id='word_1_46' title='bbox 514 751 703 802; x_wconf 88' lang='lat' dir='ltr'>sonipes,</span> <span class='ocrx_word' id='word_1_47' title='bbox 726 750 993 803; x_wconf 83' lang='lat' dir='ltr'>quicumque</span> <span class='ocrx_word' id='word_1_48' title='bbox 1015 750 1207 802; x_wconf 89' lang='lat' dir='ltr'>superbo</span> 
     </span>
     <span class='ocr_line' id='line_1_10' title="bbox 105 814 1214 869; baseline 0 -15"><span class='ocrx_word' id='word_1_49' title='bbox 105 814 349 869; x_wconf 84' lang='lat' dir='ltr'>Perstrepit</span> <span class='ocrx_word' id='word_1_50' title='bbox 369 817 532 856; x_wconf 88' lang='lat' dir='ltr'>hinnitu</span> <span class='ocrx_word' id='word_1_51' title='bbox 558 817 718 865; x_wconf 84' lang='lat' dir='ltr'>Baetin,</span> <span class='ocrx_word' id='word_1_52' title='bbox 742 816 815 869; x_wconf 91' lang='lat' dir='ltr'>qui</span> <span class='ocrx_word' id='word_1_53' title='bbox 837 814 1070 868; x_wconf 82' lang='lat' dir='ltr'>splendida</span> <span class='ocrx_word' id='word_1_54' title='bbox 1091 818 1214 868; x_wconf 82' lang='lat' dir='ltr'>potat</span> 
     </span>
    </p>
   </div>
   <div class='ocr_carea' id='block_1_4' title="bbox 1476 748 1560 790">
    <p class='ocr_par' dir='ltr' id='par_1_6' title="bbox 1476 748 1560 790">
     <span class='ocr_line' id='line_1_11' title="bbox 1476 748 1560 790; baseline 0 0"><span class='ocrx_word' id='word_1_55' title='bbox 1476 748 1560 790; x_wconf 69' lang='lat'>285</span> 
     </span>
    </p>
   </div>
   <div class='ocr_carea' id='block_1_5' title="bbox 91 917 1559 1088">
    <p class='ocr_par' dir='ltr' id='par_1_7' title="bbox 91 917 1559 1088">
     <span class='ocr_line' id='line_1_12' title="bbox 91 917 1559 959; baseline 0.001 -11"><span class='ocrx_word' id='word_1_56' title='bbox 91 917 183 956; x_wconf 82' lang='lat' dir='ltr'>serre</span> <span class='ocrx_word' id='word_1_57' title='bbox 197 920 287 949; x_wconf 80' lang='lat' dir='ltr'>sellas</span> <span class='ocrx_word' id='word_1_58' title='bbox 303 919 480 957; x_wconf 67' lang='lat' dir='ltr'>eburneas,</span> <span class='ocrx_word' id='word_1_59' title='bbox 496 919 621 956; x_wconf 80' lang='lat' dir='ltr'>etferre</span> <span class='ocrx_word' id='word_1_60' title='bbox 634 919 749 957; x_wconf 81' lang='lat' dir='ltr'>fasces.</span> <span class='ocrx_word' id='word_1_61' title='bbox 795 919 975 959; x_wconf 80' lang='lat' dir='ltr'>Conquirite</span> <span class='ocrx_word' id='word_1_62' title='bbox 998 920 1143 959; x_wconf 79' lang='lat' dir='ltr'>prodigia</span> <span class='ocrx_word' id='word_1_63' title='bbox 1170 919 1211 950; x_wconf 88' lang='lat' dir='ltr'>ad</span> <span class='ocrx_word' id='word_1_64' title='bbox 1236 920 1381 959; x_wconf 75' lang='lat' dir='ltr'>populum</span> <span class='ocrx_word' id='word_1_65' title='bbox 1405 928 1559 951; x_wconf 78' lang='lat' dir='ltr'>recrean—</span> 
     </span>
     <span class='ocr_line' id='line_1_13' title="bbox 101 961 1554 1003; baseline 0.002 -12"><span class='ocrx_word' id='word_1_66' title='bbox 101 961 193 999; x_wconf 86' lang='lat' dir='ltr'>dum,</span> <span class='ocrx_word' id='word_1_67' title='bbox 209 964 237 991; x_wconf 75' lang='lat' dir='ltr'>et</span> <span class='ocrx_word' id='word_1_68' title='bbox 249 963 418 1001; x_wconf 77' lang='lat' dir='ltr'>praedicute</span> <span class='ocrx_word' id='word_1_69' title='bbox 433 973 539 993; x_wconf 79' lang='lat' dir='ltr'>nomen</span> <span class='ocrx_word' id='word_1_70' title='bbox 554 963 701 993; x_wconf 80' lang='lat' dir='ltr'>Theodori</span> <span class='ocrx_word' id='word_1_71' title='bbox 719 963 751 992; x_wconf 86' lang='lat' dir='ltr'>in</span> <span class='ocrx_word' id='word_1_72' title='bbox 768 962 898 993; x_wconf 78' lang='lat' dir='ltr'>theatris</span> <span class='ocrx_word' id='word_1_73' title='bbox 914 962 1096 1000; x_wconf 74' lang='lat' dir='ltr'>insignibus.</span> <span class='ocrx_word' id='word_1_74' title='bbox 1146 961 1203 1001; x_wconf 86' lang='lat' dir='ltr'>Tu,</span> <span class='ocrx_word' id='word_1_75' title='bbox 1230 972 1249 992; x_wconf 93' lang='grc' dir='ltr'><strong>ο</strong></span> <span class='ocrx_word' id='word_1_76' title='bbox 1275 963 1384 999; x_wconf 76' lang='lat' dir='ltr'>Erato,</span> <span class='ocrx_word' id='word_1_77' title='bbox 1407 962 1474 1000; x_wconf 78' lang='lat' dir='ltr'>jum</span> <span class='ocrx_word' id='word_1_78' title='bbox 1483 966 1554 1003; x_wconf 79' lang='lat' dir='ltr'>pete</span> 
     </span>
     <span class='ocr_line' id='line_1_14' title="bbox 99 1004 1557 1045; baseline 0.002 -12"><span class='ocrx_word' id='word_1_79' title='bbox 99 1004 202 1034; x_wconf 81' lang='lat' dir='ltr'>aulam</span> <span class='ocrx_word' id='word_1_80' title='bbox 224 1004 316 1034; x_wconf 74' lang='lat' dir='ltr'>Joris</span> <span class='ocrx_word' id='word_1_81' title='bbox 329 1005 443 1035; x_wconf 79' lang='lat' dir='ltr'>marini</span> <span class='ocrx_word' id='word_1_82' title='bbox 459 1006 663 1035; x_wconf 67' lang='lat' dir='ltr'>exundantem</span> <span class='ocrx_word' id='word_1_83' title='bbox 677 1004 775 1044; x_wconf 75' lang='lat' dir='ltr'>aquis,</span> <span class='ocrx_word' id='word_1_84' title='bbox 798 1008 947 1043; x_wconf 84' lang='lat' dir='ltr'>rogatura</span> <span class='ocrx_word' id='word_1_85' title='bbox 963 1014 1054 1044; x_wconf 77' lang='lat' dir='ltr'>equos</span> <span class='ocrx_word' id='word_1_86' title='bbox 1077 1005 1200 1042; x_wconf 57' lang='lat' dir='ltr'>citata-³,</span> <span class='ocrx_word' id='word_1_87' title='bbox 1225 1004 1334 1044; x_wconf 84' lang='lat' dir='ltr'>quibus</span> <span class='ocrx_word' id='word_1_88' title='bbox 1348 1004 1446 1034; x_wconf 74' lang='lat' dir='ltr'>Arion</span> <span class='ocrx_word' id='word_1_89' title='bbox 1463 1014 1557 1045; x_wconf 75' lang='lat' dir='ltr'>equus</span> 
     </span>
     <span class='ocr_line' id='line_1_15' title="bbox 101 1046 1556 1088; baseline 0.001 -12"><span class='ocrx_word' id='word_1_90' title='bbox 101 1056 255 1088; x_wconf 78' lang='lat' dir='ltr'>nunquam</span> <span class='ocrx_word' id='word_1_91' title='bbox 270 1046 430 1078; x_wconf 76' lang='lat' dir='ltr'>abluturus</span> <span class='ocrx_word' id='word_1_92' title='bbox 445 1054 496 1078; x_wconf 84' lang='lat' dir='ltr'>est</span> <span class='ocrx_word' id='word_1_93' title='bbox 512 1048 683 1078; x_wconf 68' lang='lat' dir='ltr'>victoriam.</span> <span class='ocrx_word' id='word_1_94' title='bbox 732 1048 839 1087; x_wconf 81' lang='lat' dir='ltr'>Equus</span> <span class='ocrx_word' id='word_1_95' title='bbox 858 1050 944 1078; x_wconf 83' lang='lat' dir='ltr'>ornet</span> <span class='ocrx_word' id='word_1_96' title='bbox 972 1048 1108 1087; x_wconf 78' lang='lat' dir='ltr'>Circum,</span> <span class='ocrx_word' id='word_1_97' title='bbox 1122 1047 1298 1087; x_wconf 79' lang='lat' dir='ltr'><em>quicumque</em></span> <span class='ocrx_word' id='word_1_98' title='bbox 1319 1050 1464 1087; x_wconf 79' lang='lat' dir='ltr'>personat</span> <span class='ocrx_word' id='word_1_99' title='bbox 1484 1048 1556 1078; x_wconf 68' lang='lat' dir='ltr'>Boe—</span> 
     </span>
    </p>
   </div>
   <div class='ocr_carea' id='block_1_6' title="bbox 719 1132 953 1143">
    <p class='ocr_par' dir='ltr' id='par_1_8' title="bbox 719 1132 953 1143">
     <span class='ocr_line' id='line_1_16' title="bbox 719 1132 953 1143; baseline -0.004 0"><span class='ocrx_word' id='word_1_100' title='bbox 719 1132 953 1143; x_wconf 65' lang='lat' dir='ltr'>eeeeeeeeeeee</span> 
     </span>
    </p>
   </div>
   <div class='ocr_carea' id='block_1_7' title="bbox 104 1185 1566 1653">
    <p class='ocr_par' dir='ltr' id='par_1_9' title="bbox 104 1185 1566 1653">
     <span class='ocr_line' id='line_1_17' title="bbox 104 1185 1559 1225; baseline 0.001 -10"><span class='ocrx_word' id='word_1_101' title='bbox 104 1186 213 1216; x_wconf 82' lang='lat' dir='ltr'>domus</span> <span class='ocrx_word' id='word_1_102' title='bbox 229 1195 305 1216; x_wconf 88' lang='lat' dir='ltr'>cum</span> <span class='ocrx_word' id='word_1_103' title='bbox 323 1185 488 1216; x_wconf 85' lang='lat' dir='ltr'>Gevartio</span> <span class='ocrx_word' id='word_1_104' title='bbox 504 1187 556 1217; x_wconf 84' lang='lat' dir='ltr'>hic</span> <span class='ocrx_word' id='word_1_105' title='bbox 572 1187 753 1225; x_wconf 71' lang='lat' dir='ltr'>legendum</span> <span class='ocrx_word' id='word_1_106' title='bbox 771 1186 899 1217; x_wconf 88' lang='lat' dir='ltr'>monuit</span> <span class='ocrx_word' id='word_1_107' title='bbox 916 1186 1089 1217; x_wconf 69' lang='lat' dir='ltr'>Heinsius.</span> <span class='ocrx_word' id='word_1_108' title='bbox 1113 1186 1337 1218; x_wconf 83' lang='lat' dir='ltr'>Desideratur</span> <span class='ocrx_word' id='word_1_109' title='bbox 1367 1187 1420 1217; x_wconf 85' lang='lat' dir='ltr'>hic</span> <span class='ocrx_word' id='word_1_110' title='bbox 1444 1195 1559 1217; x_wconf 78' lang='lat' dir='ltr'>versus</span> 
     </span>
     <span class='ocr_line' id='line_1_18' title="bbox 105 1228 1564 1270; baseline 0.001 -12"><span class='ocrx_word' id='word_1_111' title='bbox 105 1228 138 1258; x_wconf 88' lang='lat' dir='ltr'>iu</span> <span class='ocrx_word' id='word_1_112' title='bbox 154 1229 403 1269; x_wconf 65' lang='lat' dir='ltr'>quatum-van.</span> <span class='ocrx_word' id='word_1_113' title='bbox 421 1231 492 1260; x_wconf 78' lang='lat' dir='ltr'>Pal.</span> <span class='ocrx_word' id='word_1_114' title='bbox 507 1230 605 1261; x_wconf 87' lang='lat' dir='ltr'>Farn.</span> <span class='ocrx_word' id='word_1_115' title='bbox 624 1230 715 1260; x_wconf 61' lang='lat' dir='ltr'>Prie.</span> <span class='ocrx_word' id='word_1_116' title='bbox 734 1230 827 1260; x_wconf 73' lang='lat' dir='ltr'>Rott.</span> <span class='ocrx_word' id='word_1_117' title='bbox 846 1229 955 1259; x_wconf 80' lang='lat' dir='ltr'>Oisei.</span> <span class='ocrx_word' id='word_1_118' title='bbox 970 1230 1028 1259; x_wconf 86' lang='lat' dir='ltr'>sed</span> <span class='ocrx_word' id='word_1_119' title='bbox 1043 1230 1074 1259; x_wconf 89' lang='lat' dir='ltr'>in</span> <span class='ocrx_word' id='word_1_120' title='bbox 1093 1230 1175 1260; x_wconf 79' lang='lat' dir='ltr'>Lov.</span> <span class='ocrx_word' id='word_1_121' title='bbox 1193 1234 1266 1260; x_wconf 83' lang='lat' dir='ltr'>erat</span> <span class='ocrx_word' id='word_1_122' title='bbox 1282 1230 1422 1267; x_wconf 67' lang='lat' dir='ltr'>margini</span> <span class='ocrx_word' id='word_1_123' title='bbox 1437 1229 1564 1270; x_wconf 80' lang='lat' dir='ltr'>ascrip-</span> 
     </span>
     <span class='ocr_line' id='line_1_19' title="bbox 106 1272 1559 1313; baseline 0 -12"><span class='ocrx_word' id='word_1_124' title='bbox 106 1276 172 1301; x_wconf 64' lang='lat' dir='ltr'>tuS.</span> <span class='ocrx_word' id='word_1_125' title='bbox 196 1272 299 1302; x_wconf 80' lang='lat' dir='ltr'>curule</span> <span class='ocrx_word' id='word_1_126' title='bbox 314 1272 408 1302; x_wconf 77' lang='lat' dir='ltr'>Leid.</span> <span class='ocrx_word' id='word_1_127' title='bbox 427 1274 586 1313; x_wconf 65' lang='grc' dir='ltr'>ρι·.-280</span> <span class='ocrx_word' id='word_1_128' title='bbox 614 1273 661 1303; x_wconf 83' lang='lat' dir='ltr'>En</span> <span class='ocrx_word' id='word_1_129' title='bbox 677 1272 781 1310; x_wconf 76' lang='lat' dir='ltr'>fasces</span> <span class='ocrx_word' id='word_1_130' title='bbox 808 1272 891 1302; x_wconf 79' lang='lat' dir='ltr'>Exc.</span> <span class='ocrx_word' id='word_1_131' title='bbox 913 1272 1052 1302; x_wconf 67' lang='lat' dir='ltr'>Luccns.</span> <span class='ocrx_word' id='word_1_132' title='bbox 1083 1282 1131 1312; x_wconf 86' lang='lat' dir='ltr'>pr.</span> <span class='ocrx_word' id='word_1_133' title='bbox 1163 1273 1204 1301; x_wconf 72' lang='lat' dir='ltr'>Et</span> <span class='ocrx_word' id='word_1_134' title='bbox 1222 1273 1274 1302; x_wconf 76' lang='lat' dir='ltr'>vel</span> <span class='ocrx_word' id='word_1_135' title='bbox 1293 1273 1343 1302; x_wconf 81' lang='lat' dir='ltr'>En</span> <span class='ocrx_word' id='word_1_136' title='bbox 1360 1273 1437 1303; x_wconf 65' lang='lat' dir='ltr'>Vnt.</span> <span class='ocrx_word' id='word_1_137' title='bbox 1452 1272 1559 1312; x_wconf 83' lang='lat' dir='ltr'>quint.</span> 
     </span>
     <span class='ocr_line' id='line_1_20' title="bbox 104 1313 1564 1353; baseline 0 -9"><span class='ocrx_word' id='word_1_138' title='bbox 104 1313 176 1344; x_wconf 81' lang='lat' dir='ltr'>licet</span> <span class='ocrx_word' id='word_1_139' title='bbox 194 1314 287 1344; x_wconf 82' lang='lat' dir='ltr'>Med.</span> <span class='ocrx_word' id='word_1_140' title='bbox 304 1324 370 1345; x_wconf 75' lang='lat' dir='ltr'>sec.</span> <span class='ocrx_word' id='word_1_141' title='bbox 386 1315 515 1346; x_wconf 82' lang='lat' dir='ltr'>Tholos.</span> <span class='ocrx_word' id='word_1_142' title='bbox 535 1315 620 1345; x_wconf 76' lang='lat' dir='ltr'>Exc.</span> <span class='ocrx_word' id='word_1_143' title='bbox 638 1315 779 1345; x_wconf 77' lang='lat' dir='ltr'>Gevart.</span> <span class='ocrx_word' id='word_1_144' title='bbox 803 1314 875 1344; x_wconf 79' lang='lat' dir='ltr'>libet</span> <span class='ocrx_word' id='word_1_145' title='bbox 895 1314 975 1344; x_wconf 75' lang='lat' dir='ltr'>Var.</span> <span class='ocrx_word' id='word_1_146' title='bbox 994 1315 1059 1345; x_wconf 91' lang='lat' dir='ltr'>LL.</span> <span class='ocrx_word' id='word_1_147' title='bbox 1077 1324 1095 1344; x_wconf 89' lang='lat' dir='ltr'>e</span> <span class='ocrx_word' id='word_1_148' title='bbox 1113 1324 1220 1353; x_wconf 76' lang='lat' dir='ltr'>marg.</span> <span class='ocrx_word' id='word_1_149' title='bbox 1234 1314 1348 1345; x_wconf 79' lang='lat' dir='ltr'>Parni.</span> <span class='ocrx_word' id='word_1_150' title='bbox 1372 1324 1463 1345; x_wconf 78' lang='lat' dir='ltr'>noros</span> <span class='ocrx_word' id='word_1_151' title='bbox 1480 1315 1564 1345; x_wconf 74' lang='lat' dir='ltr'>Exc.</span> 
     </span>
     <span class='ocr_line' id='line_1_21' title="bbox 105 1356 1562 1396; baseline -0.001 -9"><span class='ocrx_word' id='word_1_152' title='bbox 105 1356 241 1387; x_wconf 84' lang='lat' dir='ltr'>Ruben.</span> <span class='ocrx_word' id='word_1_153' title='bbox 257 1356 311 1386; x_wconf 77' lang='lat' dir='ltr'>ed.</span> <span class='ocrx_word' id='word_1_154' title='bbox 330 1356 443 1388; x_wconf 78' lang='lat' dir='ltr'>Parni.</span> <span class='ocrx_word' id='word_1_155' title='bbox 460 1368 549 1387; x_wconf 82' lang='lat' dir='ltr'>noros</span> <span class='ocrx_word' id='word_1_156' title='bbox 566 1359 619 1388; x_wconf 85' lang='lat' dir='ltr'>vel</span> <span class='ocrx_word' id='word_1_157' title='bbox 649 1357 722 1388; x_wconf 71' lang='lat' dir='ltr'>tibet</span> <span class='ocrx_word' id='word_1_158' title='bbox 740 1358 816 1387; x_wconf 68' lang='lat' dir='ltr'>Vat.</span> <span class='ocrx_word' id='word_1_159' title='bbox 834 1357 941 1396; x_wconf 85' lang='lat' dir='ltr'>quint.</span> <span class='ocrx_word' id='word_1_160' title='bbox 955 1356 1049 1388; x_wconf 79' lang='lat' dir='ltr'>Med.</span> <span class='ocrx_word' id='word_1_161' title='bbox 1064 1366 1111 1396; x_wconf 90' lang='lat' dir='ltr'>pr.</span> <span class='ocrx_word' id='word_1_162' title='bbox 1132 1357 1215 1396; x_wconf 76' lang='lat' dir='ltr'>plebi</span> <span class='ocrx_word' id='word_1_163' title='bbox 1233 1363 1297 1387; x_wconf 80' lang='lat' dir='ltr'>vet.</span> <span class='ocrx_word' id='word_1_164' title='bbox 1325 1357 1409 1396; x_wconf 83' lang='lat' dir='ltr'>Gyr.</span> <span class='ocrx_word' id='word_1_165' title='bbox 1432 1357 1562 1387; x_wconf 81' lang='lat' dir='ltr'>Moret.</span> 
     </span>
     <span class='ocr_line' id='line_1_22' title="bbox 106 1399 1564 1440; baseline -0.001 -11"><span class='ocrx_word' id='word_1_166' title='bbox 106 1409 158 1438; x_wconf 86' lang='lat' dir='ltr'>pr.</span> <span class='ocrx_word' id='word_1_167' title='bbox 177 1399 260 1430; x_wconf 84' lang='lat' dir='ltr'>Exc.</span> <span class='ocrx_word' id='word_1_168' title='bbox 278 1399 378 1430; x_wconf 77' lang='lat' dir='ltr'>Laeti.</span> <span class='ocrx_word' id='word_1_169' title='bbox 403 1401 511 1430; x_wconf 83' lang='lat' dir='ltr'><strong><em>Phoebz&#39;</em></strong></span> <span class='ocrx_word' id='word_1_170' title='bbox 529 1400 607 1431; x_wconf 82' lang='lat' dir='ltr'>Vat.</span> <span class='ocrx_word' id='word_1_171' title='bbox 626 1410 676 1440; x_wconf 89' lang='lat' dir='ltr'>pr.</span> <span class='ocrx_word' id='word_1_172' title='bbox 699 1410 742 1430; x_wconf 89' lang='lat' dir='ltr'>m.</span> <span class='ocrx_word' id='word_1_173' title='bbox 767 1409 835 1430; x_wconf 84' lang='lat' dir='ltr'>see.</span> <span class='ocrx_word' id='word_1_174' title='bbox 854 1399 927 1429; x_wconf 80' lang='lat' dir='ltr'>Pal.</span> <span class='ocrx_word' id='word_1_175' title='bbox 957 1400 1024 1430; x_wconf 88' lang='lat' dir='ltr'>duo</span> <span class='ocrx_word' id='word_1_176' title='bbox 1044 1400 1135 1429; x_wconf 71' lang='lat' dir='ltr'>Med.</span> <span class='ocrx_word' id='word_1_177' title='bbox 1166 1400 1233 1430; x_wconf 91' lang='lat' dir='ltr'>inc.</span> <span class='ocrx_word' id='word_1_178' title='bbox 1259 1399 1378 1430; x_wconf 86' lang='lat' dir='ltr'>Heius.</span> <span class='ocrx_word' id='word_1_179' title='bbox 1402 1399 1481 1432; x_wconf 89' lang='lat' dir='ltr'>Jun.</span> <span class='ocrx_word' id='word_1_180' title='bbox 1510 1408 1564 1438; x_wconf 89' lang='lat' dir='ltr'>pr.</span> 
     </span>
     <span class='ocr_line' id='line_1_23' title="bbox 106 1441 1564 1483; baseline 0 -12"><span class='ocrx_word' id='word_1_181' title='bbox 106 1441 203 1472; x_wconf 83' lang='lat' dir='ltr'>Leid.</span> <span class='ocrx_word' id='word_1_182' title='bbox 218 1451 271 1481; x_wconf 86' lang='lat' dir='ltr'>pr.</span> <span class='ocrx_word' id='word_1_183' title='bbox 288 1452 332 1472; x_wconf 88' lang='grc' dir='ltr'><strong>ιιι.</strong></span> <span class='ocrx_word' id='word_1_184' title='bbox 350 1453 401 1483; x_wconf 88' lang='lat' dir='ltr'>pr.</span> <span class='ocrx_word' id='word_1_185' title='bbox 419 1443 530 1473; x_wconf 78' lang='lat' dir='ltr'>Oxon.</span> <span class='ocrx_word' id='word_1_186' title='bbox 549 1452 614 1474; x_wconf 78' lang='lat' dir='ltr'>sec.</span> <span class='ocrx_word' id='word_1_187' title='bbox 634 1444 715 1473; x_wconf 91' lang='lat' dir='ltr'>Lov.</span> <span class='ocrx_word' id='word_1_188' title='bbox 733 1453 776 1473; x_wconf 92' lang='lat' dir='ltr'>m.</span> <span class='ocrx_word' id='word_1_189' title='bbox 796 1451 863 1472; x_wconf 78' lang='lat' dir='ltr'>sec.</span> <span class='ocrx_word' id='word_1_190' title='bbox 882 1442 1013 1473; x_wconf 80' lang='lat' dir='ltr'>Mazar.</span> <span class='ocrx_word' id='word_1_191' title='bbox 1031 1441 1154 1472; x_wconf 86' lang='lat' dir='ltr'>Petav.</span> <span class='ocrx_word' id='word_1_192' title='bbox 1173 1447 1250 1472; x_wconf 84' lang='lat' dir='ltr'>tert.</span> <span class='ocrx_word' id='word_1_193' title='bbox 1269 1441 1347 1473; x_wconf 69' lang='lat' dir='ltr'>And.</span> <span class='ocrx_word' id='word_1_194' title='bbox 1364 1442 1445 1473; x_wconf 71' lang='lat' dir='ltr'>Var.</span> <span class='ocrx_word' id='word_1_195' title='bbox 1462 1441 1530 1472; x_wconf 91' lang='lat' dir='ltr'>LL.</span> <span class='ocrx_word' id='word_1_196' title='bbox 1544 1450 1564 1471; x_wconf 88' lang='lat' dir='ltr'>e</span> 
     </span>
     <span class='ocr_line' id='line_1_24' title="bbox 105 1483 1562 1525; baseline -0.001 -11"><span class='ocrx_word' id='word_1_197' title='bbox 105 1494 212 1525; x_wconf 83' lang='lat' dir='ltr'>marg.</span> <span class='ocrx_word' id='word_1_198' title='bbox 227 1484 342 1515; x_wconf 80' lang='lat' dir='ltr'>Parni.</span> <span class='ocrx_word' id='word_1_199' title='bbox 369 1486 464 1516; x_wconf 66' lang='lat' dir='ltr'>Phela·</span> <span class='ocrx_word' id='word_1_200' title='bbox 482 1485 907 1516; x_wconf 76' lang='lat' dir='ltr'>Bonon.&#39;r11‹›10s.Mo=·et.</span> <span class='ocrx_word' id='word_1_201' title='bbox 926 1494 996 1516; x_wconf 75' lang='lat' dir='ltr'>sec·</span> <span class='ocrx_word' id='word_1_202' title='bbox 1023 1489 1092 1515; x_wconf 83' lang='lat' dir='ltr'>tres</span> <span class='ocrx_word' id='word_1_203' title='bbox 1117 1484 1235 1516; x_wconf 85' lang='lat' dir='ltr'>Ambr.</span> <span class='ocrx_word' id='word_1_204' title='bbox 1261 1484 1371 1515; x_wconf 77' lang='lat' dir='ltr'><strong><em>Phoebi</em></strong></span> <span class='ocrx_word' id='word_1_205' title='bbox 1401 1484 1454 1514; x_wconf 87' lang='lat' dir='ltr'>vel</span> <span class='ocrx_word' id='word_1_206' title='bbox 1478 1483 1562 1524; x_wconf 71' lang='lat' dir='ltr'>plebi</span> 
     </span>
     <span class='ocr_line' id='line_1_25' title="bbox 105 1526 1563 1568; baseline -0.001 -11"><span class='ocrx_word' id='word_1_207' title='bbox 105 1527 184 1557; x_wconf 82' lang='lat' dir='ltr'>Vat.</span> <span class='ocrx_word' id='word_1_208' title='bbox 202 1532 313 1568; x_wconf 86' lang='lat' dir='ltr'>quart.</span> <span class='ocrx_word' id='word_1_209' title='bbox 334 1527 419 1565; x_wconf 66' lang='lat' dir='ltr'>Reg.</span> <span class='ocrx_word' id='word_1_210' title='bbox 436 1528 548 1558; x_wconf 76' lang='lat' dir='ltr'>Oxou.</span> <span class='ocrx_word' id='word_1_211' title='bbox 565 1531 723 1568; x_wconf 83' lang='grc' dir='ltr'>ρι·.-281</span> <span class='ocrx_word' id='word_1_212' title='bbox 753 1527 883 1566; x_wconf 82' lang='lat' dir='ltr'>Colligit</span> <span class='ocrx_word' id='word_1_213' title='bbox 903 1526 996 1557; x_wconf 90' lang='lat' dir='ltr'>Leid.</span> <span class='ocrx_word' id='word_1_214' title='bbox 1012 1537 1064 1567; x_wconf 87' lang='lat' dir='ltr'>pr.</span> <span class='ocrx_word' id='word_1_215' title='bbox 1081 1528 1180 1567; x_wconf 75' lang='lat' dir='ltr'>tyaris</span> <span class='ocrx_word' id='word_1_216' title='bbox 1194 1527 1276 1559; x_wconf 90' lang='lat' dir='ltr'>Jun.</span> <span class='ocrx_word' id='word_1_217' title='bbox 1292 1536 1342 1567; x_wconf 88' lang='lat' dir='ltr'>pr.</span> <span class='ocrx_word' id='word_1_218' title='bbox 1365 1526 1482 1557; x_wconf 78' lang='lat' dir='ltr'>choreis</span> <span class='ocrx_word' id='word_1_219' title='bbox 1497 1526 1563 1557; x_wconf 87' lang='lat' dir='ltr'>inc.</span> 
     </span>
     <span class='ocr_line' id='line_1_26' title="bbox 106 1569 1563 1609; baseline -0.001 -9"><span class='ocrx_word' id='word_1_220' title='bbox 106 1569 336 1601; x_wconf 61' lang='lat' dir='ltr'>Heius—282</span> <span class='ocrx_word' id='word_1_221' title='bbox 363 1571 405 1601; x_wconf 81' lang='lat' dir='ltr'>Ee</span> <span class='ocrx_word' id='word_1_222' title='bbox 422 1571 511 1601; x_wconf 70' lang='lat' dir='ltr'>Jovis</span> <span class='ocrx_word' id='word_1_223' title='bbox 527 1571 646 1602; x_wconf 84' lang='lat' dir='ltr'>Ambr.</span> <span class='ocrx_word' id='word_1_224' title='bbox 666 1581 734 1601; x_wconf 75' lang='lat' dir='ltr'>sec.</span> <span class='ocrx_word' id='word_1_225' title='bbox 756 1571 821 1600; x_wconf 89' lang='lat' dir='ltr'>inc.</span> <span class='ocrx_word' id='word_1_226' title='bbox 851 1569 966 1601; x_wconf 82' lang='lat' dir='ltr'>Heius.</span> <span class='ocrx_word' id='word_1_227' title='bbox 983 1571 1132 1609; x_wconf 82' lang='lat' dir='ltr'>oequoreis</span> <span class='ocrx_word' id='word_1_228' title='bbox 1155 1569 1221 1600; x_wconf 86' lang='lat' dir='ltr'>duo</span> <span class='ocrx_word' id='word_1_229' title='bbox 1249 1570 1345 1600; x_wconf 81' lang='lat' dir='ltr'>Vatt.</span> <span class='ocrx_word' id='word_1_230' title='bbox 1363 1570 1483 1600; x_wconf 79' lang='lat' dir='ltr'>Petav.</span> <span class='ocrx_word' id='word_1_231' title='bbox 1510 1577 1563 1608; x_wconf 91' lang='lat' dir='ltr'>pr.</span> 
     </span>
     <span class='ocr_line' id='line_1_27' title="bbox 106 1611 1566 1653; baseline -0.002 -11"><span class='ocrx_word' id='word_1_232' title='bbox 106 1621 149 1642; x_wconf 88' lang='grc' dir='ltr'><strong>ιιι.</strong></span> <span class='ocrx_word' id='word_1_233' title='bbox 167 1622 235 1643; x_wconf 84' lang='lat' dir='ltr'>sec.</span> <span class='ocrx_word' id='word_1_234' title='bbox 261 1623 430 1653; x_wconf 64' lang='lat' dir='ltr'>aequoream</span> <span class='ocrx_word' id='word_1_235' title='bbox 450 1614 551 1644; x_wconf 82' lang='lat' dir='ltr'>Farn.</span> <span class='ocrx_word' id='word_1_236' title='bbox 581 1615 683 1644; x_wconf 80' lang='lat' dir='ltr'>ulrum</span> <span class='ocrx_word' id='word_1_237' title='bbox 699 1613 780 1643; x_wconf 85' lang='lat' dir='ltr'>Var.</span> <span class='ocrx_word' id='word_1_238' title='bbox 798 1613 865 1643; x_wconf 80' lang='lat' dir='ltr'>LL.</span> <span class='ocrx_word' id='word_1_239' title='bbox 894 1612 947 1643; x_wconf 88' lang='lat' dir='ltr'>ed.</span> <span class='ocrx_word' id='word_1_240' title='bbox 976 1612 1186 1643; x_wconf 56' lang='lat' dir='ltr'>Arum—&#39;283</span> <span class='ocrx_word' id='word_1_241' title='bbox 1213 1613 1346 1642; x_wconf 74' lang='lat' dir='ltr'>Oratam</span> <span class='ocrx_word' id='word_1_242' title='bbox 1375 1615 1404 1642; x_wconf 84' lang='lat' dir='ltr'>et</span> <span class='ocrx_word' id='word_1_243' title='bbox 1430 1611 1566 1641; x_wconf 69' lang='lat' dir='ltr'>volucres</span> 
     </span>
    </p>
   </div>
   <div class='ocr_carea' id='block_1_8' title="bbox 100 1668 1566 1719">
    <p class='ocr_par' dir='ltr' id='par_1_10' title="bbox 100 1668 1566 1719">
     <span class='ocr_line' id='line_1_28' title="bbox 100 1668 1566 1719; baseline -0.002 -17"><span class='ocrx_word' id='word_1_244' title='bbox 100 1671 198 1702; x_wconf 83' lang='lat' dir='ltr'>Farn.</span> <span class='ocrx_word' id='word_1_245' title='bbox 221 1682 332 1712; x_wconf 80' lang='lat' dir='ltr'>sparge</span> <span class='ocrx_word' id='word_1_246' title='bbox 349 1673 446 1703; x_wconf 82' lang='lat' dir='ltr'>Farn.</span> <span class='ocrx_word' id='word_1_247' title='bbox 472 1672 579 1703; x_wconf 78' lang='lat' dir='ltr'>Oisel.</span> <span class='ocrx_word' id='word_1_248' title='bbox 609 1671 705 1703; x_wconf 86' lang='lat' dir='ltr'>Leid.</span> <span class='ocrx_word' id='word_1_249' title='bbox 736 1680 788 1711; x_wconf 91' lang='lat' dir='ltr'>pr.</span> <span class='ocrx_word' id='word_1_250' title='bbox 815 1673 870 1719; x_wconf 54' lang='lat' dir='ltr'>¹{tte</span> <span class='ocrx_word' id='word_1_251' title='bbox 893 1669 1060 1709; x_wconf 77' lang='lat' dir='ltr'>quadrigas</span> <span class='ocrx_word' id='word_1_252' title='bbox 1077 1669 1266 1700; x_wconf 59' lang='lat' dir='ltr'>Pan—284</span> <span class='ocrx_word' id='word_1_253' title='bbox 1293 1669 1321 1698; x_wconf 92' lang='grc'><strong>0</strong></span> <span class='ocrx_word' id='word_1_254' title='bbox 1347 1669 1456 1709; x_wconf 84' lang='lat' dir='ltr'>quibus</span> <span class='ocrx_word' id='word_1_255' title='bbox 1483 1668 1566 1699; x_wconf 76' lang='lat' dir='ltr'>Exc.</span> 
     </span>
    </p>
   </div>
   <div class='ocr_carea' id='block_1_9' title="bbox 100 1728 1569 2070">
    <p class='ocr_par' dir='ltr' id='par_1_11' title="bbox 100 1728 1569 2070">
     <span class='ocr_line' id='line_1_29' title="bbox 103 1728 1566 1770; baseline -0.002 -8"><span class='ocrx_word' id='word_1_256' title='bbox 103 1731 250 1762; x_wconf 82' lang='lat' dir='ltr'>Lucens.</span> <span class='ocrx_word' id='word_1_257' title='bbox 267 1741 337 1762; x_wconf 88' lang='lat' dir='ltr'>sec.</span> <span class='ocrx_word' id='word_1_258' title='bbox 360 1731 425 1761; x_wconf 77' lang='lat' dir='ltr'>Aut</span> <span class='ocrx_word' id='word_1_259' title='bbox 441 1731 548 1770; x_wconf 84' lang='lat' dir='ltr'>quibus</span> <span class='ocrx_word' id='word_1_260' title='bbox 561 1730 674 1760; x_wconf 74' lang='lat' dir='ltr'>Oxou.</span> <span class='ocrx_word' id='word_1_261' title='bbox 690 1738 759 1760; x_wconf 87' lang='lat' dir='ltr'>sec.</span> <span class='ocrx_word' id='word_1_262' title='bbox 780 1732 834 1759; x_wconf 77' lang='lat' dir='ltr'>auc</span> <span class='ocrx_word' id='word_1_263' title='bbox 861 1738 1024 1768; x_wconf 81' lang='lat' dir='ltr'><em>numquam</em></span> <span class='ocrx_word' id='word_1_264' title='bbox 1049 1728 1143 1759; x_wconf 78' lang='lat' dir='ltr'>Med.</span> <span class='ocrx_word' id='word_1_265' title='bbox 1171 1733 1280 1768; x_wconf 80' lang='lat' dir='ltr'>quart.</span> <span class='ocrx_word' id='word_1_266' title='bbox 1298 1729 1419 1768; x_wconf 77' lang='lat' dir='ltr'>palmas</span> <span class='ocrx_word' id='word_1_267' title='bbox 1431 1728 1566 1760; x_wconf 81' lang='lat' dir='ltr'>Tholos.</span> 
     </span>
     <span class='ocr_line' id='line_1_30' title="bbox 101 1771 1565 1811; baseline -0.003 -5"><span class='ocrx_word' id='word_1_268' title='bbox 101 1774 202 1806; x_wconf 78' lang='lat' dir='ltr'>Arion</span> <span class='ocrx_word' id='word_1_269' title='bbox 215 1775 342 1805; x_wconf 88' lang='lat' dir='ltr'>Mazar.</span> <span class='ocrx_word' id='word_1_270' title='bbox 369 1774 468 1804; x_wconf 75' lang='lat' dir='ltr'>Orion</span> <span class='ocrx_word' id='word_1_271' title='bbox 484 1773 578 1804; x_wconf 77' lang='lat' dir='ltr'>Med.</span> <span class='ocrx_word' id='word_1_272' title='bbox 595 1782 663 1804; x_wconf 81' lang='lat' dir='ltr'>sec.</span> <span class='ocrx_word' id='word_1_273' title='bbox 680 1782 724 1802; x_wconf 91' lang='lat' dir='ltr'>m.</span> <span class='ocrx_word' id='word_1_274' title='bbox 743 1781 792 1811; x_wconf 91' lang='lat' dir='ltr'>pr.</span> <span class='ocrx_word' id='word_1_275' title='bbox 807 1771 941 1801; x_wconf 76' lang='lat' dir='ltr'>Tliolos.</span> <span class='ocrx_word' id='word_1_276' title='bbox 959 1772 1079 1802; x_wconf 81' lang='lat' dir='ltr'>Petav.</span> <span class='ocrx_word' id='word_1_277' title='bbox 1097 1781 1165 1802; x_wconf 83' lang='lat' dir='ltr'>sec.</span> <span class='ocrx_word' id='word_1_278' title='bbox 1183 1771 1268 1805; x_wconf 75' lang='lat' dir='ltr'>Quas</span> <span class='ocrx_word' id='word_1_279' title='bbox 1283 1771 1382 1801; x_wconf 75' lang='lat' dir='ltr'>trahit</span> <span class='ocrx_word' id='word_1_280' title='bbox 1399 1771 1480 1801; x_wconf 77' lang='lat' dir='ltr'>haud</span> <span class='ocrx_word' id='word_1_281' title='bbox 1499 1781 1565 1801; x_wconf 84' lang='lat' dir='ltr'>um-</span> 
     </span>
     <span class='ocr_line' id='line_1_31' title="bbox 101 1813 1564 1857; baseline -0.002 -10"><span class='ocrx_word' id='word_1_282' title='bbox 101 1827 190 1856; x_wconf 86' lang='lat' dir='ltr'>quam</span> <span class='ocrx_word' id='word_1_283' title='bbox 205 1817 340 1857; x_wconf 83' lang='lat' dir='ltr'>palmum</span> <span class='ocrx_word' id='word_1_284' title='bbox 355 1816 524 1846; x_wconf 80' lang='lat' dir='ltr'>amissurus</span> <span class='ocrx_word' id='word_1_285' title='bbox 551 1815 650 1845; x_wconf 72' lang='lat' dir='ltr'>Arion</span> <span class='ocrx_word' id='word_1_286' title='bbox 675 1813 796 1844; x_wconf 85' lang='lat' dir='ltr'>Ambr.</span> <span class='ocrx_word' id='word_1_287' title='bbox 813 1815 1002 1844; x_wconf 54' lang='lat' dir='ltr'>tan—285</span> <span class='ocrx_word' id='word_1_288' title='bbox 1028 1813 1171 1843; x_wconf 80' lang='lat' dir='ltr'>Illustrat</span> <span class='ocrx_word' id='word_1_289' title='bbox 1188 1813 1316 1843; x_wconf 87' lang='lat' dir='ltr'>Moret.</span> <span class='ocrx_word' id='word_1_290' title='bbox 1343 1822 1410 1844; x_wconf 87' lang='lat' dir='ltr'>sec.</span> <span class='ocrx_word' id='word_1_291' title='bbox 1436 1813 1564 1844; x_wconf 82' lang='lat' dir='ltr'>Illuslra</span> 
     </span>
     <span class='ocr_line' id='line_1_32' title="bbox 100 1854 1569 1899; baseline -0.003 -9"><span class='ocrx_word' id='word_1_292' title='bbox 100 1859 182 1891; x_wconf 84' lang='lat' dir='ltr'>Jun.</span> <span class='ocrx_word' id='word_1_293' title='bbox 198 1870 250 1899; x_wconf 90' lang='lat' dir='ltr'>pr.</span> <span class='ocrx_word' id='word_1_294' title='bbox 274 1859 392 1898; x_wconf 82' lang='lat' dir='ltr'>sonipes</span> <span class='ocrx_word' id='word_1_295' title='bbox 405 1859 519 1888; x_wconf 78' lang='lat' dir='ltr'>circum</span> <span class='ocrx_word' id='word_1_296' title='bbox 540 1858 667 1887; x_wconf 84' lang='lat' dir='ltr'>Mazar.</span> <span class='ocrx_word' id='word_1_297' title='bbox 685 1865 879 1895; x_wconf 83' lang='lat' dir='ltr'>quoecumque</span> <span class='ocrx_word' id='word_1_298' title='bbox 895 1854 989 1885; x_wconf 81' lang='lat' dir='ltr'>Med.</span> <span class='ocrx_word' id='word_1_299' title='bbox 1009 1857 1197 1885; x_wconf 53' lang='lat' dir='ltr'>terh—286</span> <span class='ocrx_word' id='word_1_300' title='bbox 1217 1855 1395 1894; x_wconf 58' lang='lat' dir='ltr'>Per-strepet</span> <span class='ocrx_word' id='word_1_301' title='bbox 1412 1854 1569 1886; x_wconf 62' lang='lat' dir='ltr'>Florem:</span> 
     </span>
     <span class='ocr_line' id='line_1_33' title="bbox 103 1895 1562 1941; baseline -0.003 -9"><span class='ocrx_word' id='word_1_302' title='bbox 103 1902 225 1932; x_wconf 80' lang='lat' dir='ltr'>Petav.</span> <span class='ocrx_word' id='word_1_303' title='bbox 244 1911 295 1941; x_wconf 91' lang='lat' dir='ltr'>pr.</span> <span class='ocrx_word' id='word_1_304' title='bbox 321 1901 506 1940; x_wconf 79' lang='lat' dir='ltr'>Proestrepit</span> <span class='ocrx_word' id='word_1_305' title='bbox 525 1900 650 1930; x_wconf 86' lang='lat' dir='ltr'>Moret.</span> <span class='ocrx_word' id='word_1_306' title='bbox 668 1908 736 1928; x_wconf 87' lang='lat' dir='ltr'>sec.</span> <span class='ocrx_word' id='word_1_307' title='bbox 763 1897 912 1937; x_wconf 75' lang='lat' dir='ltr'>Instrepit</span> <span class='ocrx_word' id='word_1_308' title='bbox 928 1896 1009 1928; x_wconf 87' lang='lat' dir='ltr'>Jun.</span> <span class='ocrx_word' id='word_1_309' title='bbox 1029 1906 1080 1936; x_wconf 83' lang='lat' dir='ltr'>pr.</span> <span class='ocrx_word' id='word_1_310' title='bbox 1104 1896 1221 1927; x_wconf 77' lang='lat' dir='ltr'>Boetim</span> <span class='ocrx_word' id='word_1_311' title='bbox 1240 1897 1315 1926; x_wconf 74' lang='lat' dir='ltr'>Pal.</span> <span class='ocrx_word' id='word_1_312' title='bbox 1339 1895 1459 1926; x_wconf 76' lang='lat' dir='ltr'>Bethin</span> <span class='ocrx_word' id='word_1_313' title='bbox 1476 1897 1562 1929; x_wconf 78' lang='lat' dir='ltr'>Lov-</span> 
     </span>
     <span class='ocr_line' id='line_1_34' title="bbox 104 1938 1564 1979; baseline -0.003 -5"><span class='ocrx_word' id='word_1_314' title='bbox 104 1943 212 1975; x_wconf 78' lang='lat' dir='ltr'>Boetin</span> <span class='ocrx_word' id='word_1_315' title='bbox 228 1952 342 1974; x_wconf 69' lang='lat' dir='ltr'>omnes</span> <span class='ocrx_word' id='word_1_316' title='bbox 359 1943 455 1973; x_wconf 79' lang='lat' dir='ltr'>Vatt.</span> <span class='ocrx_word' id='word_1_317' title='bbox 472 1942 579 1973; x_wconf 76' lang='lat' dir='ltr'>Oisel.</span> <span class='ocrx_word' id='word_1_318' title='bbox 606 1947 674 1971; x_wconf 83' lang='lat' dir='ltr'>tres</span> <span class='ocrx_word' id='word_1_319' title='bbox 692 1939 788 1971; x_wconf 79' lang='lat' dir='ltr'>Med.</span> <span class='ocrx_word' id='word_1_320' title='bbox 817 1939 960 1970; x_wconf 83' lang='lat' dir='ltr'>totidem</span> <span class='ocrx_word' id='word_1_321' title='bbox 979 1939 1098 1969; x_wconf 84' lang='lat' dir='ltr'>Petav.</span> <span class='ocrx_word' id='word_1_322' title='bbox 1123 1939 1201 1970; x_wconf 90' lang='lat' dir='ltr'>Put.</span> <span class='ocrx_word' id='word_1_323' title='bbox 1230 1939 1315 1979; x_wconf 76' lang='lat' dir='ltr'>Reg.</span> <span class='ocrx_word' id='word_1_324' title='bbox 1344 1938 1472 1969; x_wconf 81' lang='lat' dir='ltr'>Thuan.</span> <span class='ocrx_word' id='word_1_325' title='bbox 1498 1939 1564 1970; x_wconf 88' lang='lat' dir='ltr'>Bo-</span> 
     </span>
     <span class='ocr_line' id='line_1_35' title="bbox 104 1981 1563 2024; baseline -0.004 -7"><span class='ocrx_word' id='word_1_326' title='bbox 104 1996 182 2017; x_wconf 87' lang='lat' dir='ltr'>non.</span> <span class='ocrx_word' id='word_1_327' title='bbox 202 1985 282 2017; x_wconf 82' lang='lat' dir='ltr'>Pat.</span> <span class='ocrx_word' id='word_1_328' title='bbox 297 1985 431 2016; x_wconf 85' lang='lat' dir='ltr'>Tholos.</span> <span class='ocrx_word' id='word_1_329' title='bbox 450 1984 569 2015; x_wconf 78' lang='lat' dir='ltr'>Ambr.</span> <span class='ocrx_word' id='word_1_330' title='bbox 592 1993 642 2024; x_wconf 89' lang='lat' dir='ltr'>pr.</span> <span class='ocrx_word' id='word_1_331' title='bbox 661 1984 727 2013; x_wconf 88' lang='lat' dir='ltr'>inc.</span> <span class='ocrx_word' id='word_1_332' title='bbox 745 1981 865 2013; x_wconf 85' lang='lat' dir='ltr'>Heius.</span> <span class='ocrx_word' id='word_1_333' title='bbox 883 1981 960 2012; x_wconf 73' lang='grc' dir='ltr'><strong>ΑΜ.</strong></span> <span class='ocrx_word' id='word_1_334' title='bbox 983 1984 1070 2021; x_wconf 81' lang='lat' dir='ltr'>potat</span> <span class='ocrx_word' id='word_1_335' title='bbox 1099 1982 1181 2012; x_wconf 87' lang='lat' dir='ltr'>Exc.</span> <span class='ocrx_word' id='word_1_336' title='bbox 1210 1982 1307 2012; x_wconf 76' lang='lat' dir='ltr'>Laeti.</span> <span class='ocrx_word' id='word_1_337' title='bbox 1338 1984 1441 2020; x_wconf 79' lang='lat' dir='ltr'>portat</span> <span class='ocrx_word' id='word_1_338' title='bbox 1465 1981 1563 2012; x_wconf 86' lang='lat' dir='ltr'>Leid.</span> 
     </span>
     <span class='ocr_line' id='line_1_36' title="bbox 105 2023 1564 2070; baseline -0.003 -11"><span class='ocrx_word' id='word_1_339' title='bbox 105 2038 153 2070; x_wconf 86' lang='lat' dir='ltr'>pr.</span> <span class='ocrx_word' id='word_1_340' title='bbox 171 2038 212 2059; x_wconf 87' lang='lat' dir='ltr'>m.</span> <span class='ocrx_word' id='word_1_341' title='bbox 226 2038 278 2070; x_wconf 91' lang='lat' dir='ltr'>pr.</span> <span class='ocrx_word' id='word_1_342' title='bbox 295 2028 374 2060; x_wconf 85' lang='lat' dir='ltr'>Jun.</span> <span class='ocrx_word' id='word_1_343' title='bbox 389 2038 441 2069; x_wconf 88' lang='lat' dir='ltr'>pr.</span> <span class='ocrx_word' id='word_1_344' title='bbox 456 2028 572 2059; x_wconf 81' lang='lat' dir='ltr'>Oxon.</span> <span class='ocrx_word' id='word_1_345' title='bbox 595 2036 664 2057; x_wconf 74' lang='lat' dir='ltr'>sec.</span> <span class='ocrx_word' id='word_1_346' title='bbox 689 2025 800 2056; x_wconf 78' lang='lat' dir='ltr'>Oisel.</span> <span class='ocrx_word' id='word_1_347' title='bbox 828 2024 981 2055; x_wconf 78' lang='lat' dir='ltr'>Florent.</span> <span class='ocrx_word' id='word_1_348' title='bbox 998 2024 1128 2054; x_wconf 89' lang='lat' dir='ltr'>Bonou.</span> <span class='ocrx_word' id='word_1_349' title='bbox 1143 2023 1262 2054; x_wconf 84' lang='lat' dir='ltr'>Ambr.</span> <span class='ocrx_word' id='word_1_350' title='bbox 1288 2033 1339 2064; x_wconf 85' lang='lat' dir='ltr'>pr.</span> <span class='ocrx_word' id='word_1_351' title='bbox 1356 2024 1434 2054; x_wconf 78' lang='lat' dir='ltr'>Vat.</span> <span class='ocrx_word' id='word_1_352' title='bbox 1453 2028 1564 2064; x_wconf 77' lang='lat' dir='ltr'>quart-</span> 
     </span>
    </p>
   </div>
   <div class='ocr_carea' id='block_1_10' title="bbox 770 2110 907 2142">
    <p class='ocr_par' dir='ltr' id='par_1_12' title="bbox 770 2110 907 2142">
     <span class='ocr_line' id='line_1_37' title="bbox 770 2110 907 2142; baseline -0.007 0"><span class='ocrx_word' id='word_1_353' title='bbox 770 2110 907 2142; x_wconf 70' lang='lat' dir='ltr'>NOTAE</span> 
     </span>
    </p>
   </div>
   <div class='ocr_carea' id='block_1_11' title="bbox 863 2172 1566 2366">
    <p class='ocr_par' dir='ltr' id='par_1_13' title="bbox 864 2172 1564 2210">
     <span class='ocr_line' id='line_1_38' title="bbox 864 2172 1564 2210; baseline -0.006 -4"><span class='ocrx_word' id='word_1_354' title='bbox 864 2175 961 2206; x_wconf 80' lang='lat' dir='ltr'>vaide</span> <span class='ocrx_word' id='word_1_355' title='bbox 993 2174 1092 2206; x_wconf 80' lang='lat' dir='ltr'>utiles</span> <span class='ocrx_word' id='word_1_356' title='bbox 1121 2173 1189 2204; x_wconf 88' lang='lat' dir='ltr'>sint</span> <span class='ocrx_word' id='word_1_357' title='bbox 1220 2172 1252 2204; x_wconf 90' lang='lat' dir='ltr'>in</span> <span class='ocrx_word' id='word_1_358' title='bbox 1281 2172 1472 2210; x_wconf 75' lang='lat' dir='ltr'>amorihus3</span> <span class='ocrx_word' id='word_1_359' title='bbox 1512 2173 1564 2203; x_wconf 80' lang='lat' dir='ltr'>vel</span> 
     </span>
    </p>

    <p class='ocr_par' dir='ltr' id='par_1_14' title="bbox 863 2222 1564 2306">
     <span class='ocr_line' id='line_1_39' title="bbox 863 2222 1564 2266; baseline -0.004 -10"><span class='ocrx_word' id='word_1_360' title='bbox 863 2225 975 2266; x_wconf 83' lang='lat' dir='ltr'>potius</span> <span class='ocrx_word' id='word_1_361' title='bbox 999 2224 1089 2266; x_wconf 89' lang='lat' dir='ltr'>quod</span> <span class='ocrx_word' id='word_1_362' title='bbox 1113 2223 1246 2255; x_wconf 86' lang='lat' dir='ltr'>Mallius</span> <span class='ocrx_word' id='word_1_363' title='bbox 1273 2223 1436 2254; x_wconf 82' lang='lat' dir='ltr'>amatoria</span> <span class='ocrx_word' id='word_1_364' title='bbox 1461 2222 1564 2264; x_wconf 81' lang='lat' dir='ltr'>scrip-</span> 
     </span>
     <span class='ocr_line' id='line_1_40' title="bbox 902 2275 954 2306; baseline 0 0"><span class='ocrx_word' id='word_1_365' title='bbox 902 2275 954 2306; x_wconf 83' lang='lat' dir='ltr'>rit.</span> 
     </span>
    </p>

    <p class='ocr_par' dir='ltr' id='par_1_15' title="bbox 863 2285 1566 2366">
     <span class='ocr_line' id='line_1_41' title="bbox 863 2285 1566 2366; baseline -0.006 -9"><span class='ocrx_word' id='word_1_366' title='bbox 863 2285 967 2357; x_wconf 70' lang='lat' dir='ltr'>se284</span> <span class='ocrx_word' id='word_1_367' title='bbox 992 2325 1108 2366; x_wconf 81' lang='lat' dir='ltr'>Arion]</span> <span class='ocrx_word' id='word_1_368' title='bbox 1148 2325 1262 2366; x_wconf 84' lang='lat' dir='ltr'>Equus</span> <span class='ocrx_word' id='word_1_369' title='bbox 1277 2324 1310 2355; x_wconf 87' lang='lat' dir='ltr'>in</span> <span class='ocrx_word' id='word_1_370' title='bbox 1324 2322 1445 2354; x_wconf 74' lang='lat' dir='ltr'>fabulis</span> <span class='ocrx_word' id='word_1_371' title='bbox 1462 2321 1566 2354; x_wconf 79' lang='lat' dir='ltr'>notis-</span> 
     </span>
    </p>
   </div>
   <div class='ocr_carea' id='block_1_12' title="bbox 146 2179 807 2220">
    <p class='ocr_par' dir='ltr' id='par_1_16' title="bbox 146 2179 807 2220">
     <span class='ocr_line' id='line_1_42' title="bbox 146 2179 807 2220; baseline -0.006 -9"><span class='ocrx_word' id='word_1_372' title='bbox 146 2183 210 2211; x_wconf 85' lang='grc'>280</span> <span class='ocrx_word' id='word_1_373' title='bbox 234 2180 405 2220; x_wconf 81' lang='lat' dir='ltr'>Miracula]</span> <span class='ocrx_word' id='word_1_374' title='bbox 439 2179 575 2210; x_wconf 80' lang='lat' dir='ltr'>Bestias</span> <span class='ocrx_word' id='word_1_375' title='bbox 593 2181 807 2219; x_wconf 81' lang='lat' dir='ltr'>portentosas</span> 
     </span>
    </p>
   </div>
   <div class='ocr_carea' id='block_1_13' title="bbox 104 2230 818 2371">
    <p class='ocr_par' dir='ltr' id='par_1_17' title="bbox 104 2230 818 2371">
     <span class='ocr_line' id='line_1_43' title="bbox 104 2230 440 2262; baseline -0.003 0"><span class='ocrx_word' id='word_1_376' title='bbox 104 2230 147 2262; x_wconf 84' lang='lat' dir='ltr'>ad</span> <span class='ocrx_word' id='word_1_377' title='bbox 165 2230 262 2262; x_wconf 89' lang='lat' dir='ltr'>ludos</span> <span class='ocrx_word' id='word_1_378' title='bbox 278 2230 440 2262; x_wconf 79' lang='lat' dir='ltr'>edendos.</span> 
     </span>
     <span class='ocr_line' id='line_1_44' title="bbox 147 2275 808 2320; baseline -0.008 -8"><span class='ocrx_word' id='word_1_379' title='bbox 147 2283 209 2312; x_wconf 79' lang='lat'>281</span> <span class='ocrx_word' id='word_1_380' title='bbox 238 2280 398 2320; x_wconf 75' lang='lat' dir='ltr'>Theatris]</span> <span class='ocrx_word' id='word_1_381' title='bbox 421 2278 569 2320; x_wconf 80' lang='grc' dir='ltr'>Θέατρον,</span> <span class='ocrx_word' id='word_1_382' title='bbox 594 2278 653 2309; x_wconf 80' lang='grc' dir='ltr'>ἀπὸ</span> <span class='ocrx_word' id='word_1_383' title='bbox 669 2275 725 2309; x_wconf 74' lang='grc' dir='ltr'>τοῦ</span> <span class='ocrx_word' id='word_1_384' title='bbox 740 2275 808 2308; x_wconf 74' lang='grc' dir='ltr'>θεά-</span> 
     </span>
     <span class='ocr_line' id='line_1_45' title="bbox 104 2327 818 2371; baseline -0.006 -9"><span class='ocrx_word' id='word_1_385' title='bbox 104 2333 203 2371; x_wconf 69' lang='grc' dir='ltr'>ισθαι,</span> <span class='ocrx_word' id='word_1_386' title='bbox 215 2334 372 2371; x_wconf 81' lang='lat' dir='ltr'>spectare;</span> <span class='ocrx_word' id='word_1_387' title='bbox 388 2334 442 2361; x_wconf 87' lang='lat' dir='ltr'>est</span> <span class='ocrx_word' id='word_1_388' title='bbox 458 2330 548 2360; x_wconf 86' lang='lat' dir='ltr'>enim</span> <span class='ocrx_word' id='word_1_389' title='bbox 565 2327 747 2370; x_wconf 78' lang='lat' dir='ltr'>spectandi</span> <span class='ocrx_word' id='word_1_390' title='bbox 761 2328 818 2359; x_wconf 66' lang='lat' dir='ltr'>lo·-</span> 
     </span>
    </p>
   </div>
   <div class='ocr_carea' id='block_1_14' title="bbox 103 2377 811 2826">
    <p class='ocr_par' dir='ltr' id='par_1_18' title="bbox 103 2377 807 2523">
     <span class='ocr_line' id='line_1_46' title="bbox 104 2377 807 2420; baseline -0.007 -7"><span class='ocrx_word' id='word_1_391' title='bbox 104 2391 174 2413; x_wconf 73' lang='lat' dir='ltr'>cuS.</span> <span class='ocrx_word' id='word_1_392' title='bbox 221 2381 305 2412; x_wconf 86' lang='lat' dir='ltr'>Ideo</span> <span class='ocrx_word' id='word_1_393' title='bbox 324 2386 438 2412; x_wconf 85' lang='lat' dir='ltr'>autem</span> <span class='ocrx_word' id='word_1_394' title='bbox 455 2380 585 2411; x_wconf 82' lang='lat' dir='ltr'>Uranie</span> <span class='ocrx_word' id='word_1_395' title='bbox 601 2379 749 2420; x_wconf 87' lang='lat' dir='ltr'>loquitur</span> <span class='ocrx_word' id='word_1_396' title='bbox 765 2377 807 2408; x_wconf 91' lang='lat' dir='ltr'>de</span> 
     </span>
     <span class='ocr_line' id='line_1_47' title="bbox 103 2431 806 2473; baseline -0.007 -9"><span class='ocrx_word' id='word_1_397' title='bbox 103 2432 257 2471; x_wconf 85' lang='lat' dir='ltr'>theatris,</span> <span class='ocrx_word' id='word_1_398' title='bbox 273 2432 364 2473; x_wconf 82' lang='lat' dir='ltr'>quod</span> <span class='ocrx_word' id='word_1_399' title='bbox 378 2432 450 2463; x_wconf 81' lang='lat' dir='ltr'>haec</span> <span class='ocrx_word' id='word_1_400' title='bbox 463 2431 596 2462; x_wconf 79' lang='lat' dir='ltr'>musicis</span> <span class='ocrx_word' id='word_1_401' title='bbox 607 2431 806 2460; x_wconf 86' lang='lat' dir='ltr'>iustrumen-</span> 
     </span>
     <span class='ocr_line' id='line_1_48' title="bbox 105 2482 403 2523; baseline -0.007 -9"><span class='ocrx_word' id='word_1_402' title='bbox 105 2482 149 2514; x_wconf 86' lang='lat' dir='ltr'>tis</span> <span class='ocrx_word' id='word_1_403' title='bbox 166 2486 403 2523; x_wconf 85' lang='lat' dir='ltr'>personarent.</span> 
     </span>
    </p>

    <p class='ocr_par' dir='ltr' id='par_1_19' title="bbox 104 2530 806 2626">
     <span class='ocr_line' id='line_1_49' title="bbox 147 2530 806 2575; baseline -0.008 -9"><span class='ocrx_word' id='word_1_404' title='bbox 147 2537 212 2565; x_wconf 87' lang='grc'>282</span> <span class='ocrx_word' id='word_1_405' title='bbox 240 2535 330 2566; x_wconf 75' lang='lat' dir='ltr'>Jovis</span> <span class='ocrx_word' id='word_1_406' title='bbox 355 2532 503 2574; x_wconf 68' lang='lat' dir='ltr'>(equor-ei]</span> <span class='ocrx_word' id='word_1_407' title='bbox 554 2531 732 2575; x_wconf 73' lang='lat' dir='ltr'>Neptuni:</span> <span class='ocrx_word' id='word_1_408' title='bbox 758 2530 806 2561; x_wconf 87' lang='lat' dir='ltr'>sic</span> 
     </span>
     <span class='ocr_line' id='line_1_50' title="bbox 104 2581 685 2626; baseline -0.009 -8"><span class='ocrx_word' id='word_1_409' title='bbox 104 2585 241 2626; x_wconf 82' lang='lat' dir='ltr'>Jupiter</span> <span class='ocrx_word' id='word_1_410' title='bbox 258 2584 409 2617; x_wconf 85' lang='lat' dir='ltr'>infernus</span> <span class='ocrx_word' id='word_1_411' title='bbox 426 2584 529 2615; x_wconf 89' lang='lat' dir='ltr'>Pluto</span> <span class='ocrx_word' id='word_1_412' title='bbox 546 2581 685 2614; x_wconf 86' lang='lat' dir='ltr'>dicitur.</span> 
     </span>
    </p>

    <p class='ocr_par' dir='ltr' id='par_1_20' title="bbox 106 2632 811 2826">
     <span class='ocr_line' id='line_1_51' title="bbox 146 2632 809 2675; baseline -0.006 -9"><span class='ocrx_word' id='word_1_413' title='bbox 146 2638 209 2666; x_wconf 79' lang='lat'>283</span> <span class='ocrx_word' id='word_1_414' title='bbox 238 2636 351 2675; x_wconf 84' lang='lat' dir='ltr'>Erato]</span> <span class='ocrx_word' id='word_1_415' title='bbox 385 2633 462 2664; x_wconf 79' lang='grc' dir='ltr'>Ἀπὸ</span> <span class='ocrx_word' id='word_1_416' title='bbox 489 2632 545 2664; x_wconf 80' lang='grc' dir='ltr'>τοῦ</span> <span class='ocrx_word' id='word_1_417' title='bbox 575 2633 658 2673; x_wconf 75' lang='grc' dir='ltr'><em>ἐρᾷν,</em></span> <span class='ocrx_word' id='word_1_418' title='bbox 693 2642 809 2663; x_wconf 84' lang='lat' dir='ltr'>amare.</span> 
     </span>
     <span class='ocr_line' id='line_1_52' title="bbox 106 2683 809 2722; baseline -0.004 -7"><span class='ocrx_word' id='word_1_419' title='bbox 106 2684 276 2715; x_wconf 84' lang='lat' dir='ltr'>Praesidet</span> <span class='ocrx_word' id='word_1_420' title='bbox 293 2684 482 2722; x_wconf 88' lang='lat' dir='ltr'>amoribus;</span> <span class='ocrx_word' id='word_1_421' title='bbox 505 2684 564 2715; x_wconf 83' lang='lat' dir='ltr'>sed</span> <span class='ocrx_word' id='word_1_422' title='bbox 581 2693 641 2716; x_wconf 90' lang='lat' dir='ltr'>cur</span> <span class='ocrx_word' id='word_1_423' title='bbox 658 2683 730 2713; x_wconf 77' lang='lat' dir='ltr'>haec</span> <span class='ocrx_word' id='word_1_424' title='bbox 758 2692 809 2712; x_wconf 92' lang='lat' dir='ltr'>ro-</span> 
     </span>
     <span class='ocr_line' id='line_1_53' title="bbox 107 2731 809 2775; baseline -0.007 -10"><span class='ocrx_word' id='word_1_425' title='bbox 107 2738 168 2775; x_wconf 81' lang='lat' dir='ltr'>gat</span> <span class='ocrx_word' id='word_1_426' title='bbox 207 2734 408 2774; x_wconf 81' lang='lat' dir='ltr'>Neptunum</span> <span class='ocrx_word' id='word_1_427' title='bbox 448 2734 578 2773; x_wconf 84' lang='lat' dir='ltr'>equos?</span> <span class='ocrx_word' id='word_1_428' title='bbox 617 2733 679 2762; x_wconf 82' lang='lat' dir='ltr'>nisi</span> <span class='ocrx_word' id='word_1_429' title='bbox 720 2731 809 2771; x_wconf 87' lang='lat' dir='ltr'>quod</span> 
     </span>
     <span class='ocr_line' id='line_1_54' title="bbox 106 2781 811 2826; baseline -0.007 -10"><span class='ocrx_word' id='word_1_430' title='bbox 106 2793 214 2826; x_wconf 85' lang='lat' dir='ltr'>equos</span> <span class='ocrx_word' id='word_1_431' title='bbox 230 2783 412 2826; x_wconf 85' lang='lat' dir='ltr'>Neptunus</span> <span class='ocrx_word' id='word_1_432' title='bbox 429 2781 645 2824; x_wconf 85' lang='lat' dir='ltr'>produxerit,</span> <span class='ocrx_word' id='word_1_433' title='bbox 673 2785 708 2812; x_wconf 92' lang='lat' dir='ltr'>et</span> <span class='ocrx_word' id='word_1_434' title='bbox 734 2781 811 2821; x_wconf 87' lang='lat' dir='ltr'>equi</span> 
     </span>
    </p>
   </div>
   <div class='ocr_carea' id='block_1_15' title="bbox 862 2388 1564 2820">
    <p class='ocr_par' dir='ltr' id='par_1_21' title="bbox 864 2388 981 2409">
     <span class='ocr_line' id='line_1_55' title="bbox 864 2388 981 2409; baseline -0.009 0"><span class='ocrx_word' id='word_1_435' title='bbox 864 2388 981 2409; x_wconf 76' lang='lat' dir='ltr'>simus.</span> 
     </span>
    </p>

    <p class='ocr_par' dir='ltr' id='par_1_22' title="bbox 862 2423 1563 2610">
     <span class='ocr_line' id='line_1_56' title="bbox 904 2423 1563 2466; baseline -0.009 -6"><span class='ocrx_word' id='word_1_436' title='bbox 904 2431 964 2460; x_wconf 86' lang='grc'>285</span> <span class='ocrx_word' id='word_1_437' title='bbox 993 2427 1117 2458; x_wconf 85' lang='lat' dir='ltr'>Circum</span> <span class='ocrx_word' id='word_1_438' title='bbox 1143 2426 1277 2466; x_wconf 73' lang='lat' dir='ltr'>sonipes]</span> <span class='ocrx_word' id='word_1_439' title='bbox 1311 2425 1429 2456; x_wconf 86' lang='lat' dir='ltr'>Circus</span> <span class='ocrx_word' id='word_1_440' title='bbox 1454 2423 1563 2454; x_wconf 79' lang='lat' dir='ltr'>Maxi·</span> 
     </span>
     <span class='ocr_line' id='line_1_57' title="bbox 862 2474 1562 2516; baseline -0.006 -6"><span class='ocrx_word' id='word_1_441' title='bbox 862 2489 934 2510; x_wconf 89' lang='lat' dir='ltr'>mus</span> <span class='ocrx_word' id='word_1_442' title='bbox 956 2478 1132 2509; x_wconf 77' lang='lat' dir='ltr'>dedicatus</span> <span class='ocrx_word' id='word_1_443' title='bbox 1163 2477 1337 2516; x_wconf 78' lang='lat' dir='ltr'>Neptuno,</span> <span class='ocrx_word' id='word_1_444' title='bbox 1360 2475 1415 2516; x_wconf 90' lang='lat' dir='ltr'>qui</span> <span class='ocrx_word' id='word_1_445' title='bbox 1436 2474 1562 2514; x_wconf 83' lang='lat' dir='ltr'>primus</span> 
     </span>
     <span class='ocr_line' id='line_1_58' title="bbox 862 2527 1562 2566; baseline -0.011 -5"><span class='ocrx_word' id='word_1_446' title='bbox 862 2540 880 2561; x_wconf 89' lang='lat' dir='ltr'>e</span> <span class='ocrx_word' id='word_1_447' title='bbox 897 2534 990 2561; x_wconf 82' lang='lat' dir='ltr'>terra</span> <span class='ocrx_word' id='word_1_448' title='bbox 1006 2528 1162 2560; x_wconf 87' lang='lat' dir='ltr'>tridentis</span> <span class='ocrx_word' id='word_1_449' title='bbox 1177 2527 1246 2557; x_wconf 84' lang='lat' dir='ltr'>ictu</span> <span class='ocrx_word' id='word_1_450' title='bbox 1263 2534 1426 2566; x_wconf 87' lang='lat' dir='ltr'>percussa</span> <span class='ocrx_word' id='word_1_451' title='bbox 1441 2532 1562 2564; x_wconf 81' lang='lat' dir='ltr'>equum</span> 
     </span>
     <span class='ocr_line' id='line_1_59' title="bbox 864 2578 1143 2610; baseline -0.007 0"><span class='ocrx_word' id='word_1_452' title='bbox 864 2579 992 2610; x_wconf 85' lang='lat' dir='ltr'>fudisse</span> <span class='ocrx_word' id='word_1_453' title='bbox 1009 2578 1143 2610; x_wconf 84' lang='lat' dir='ltr'>dicitur.</span> 
     </span>
    </p>

    <p class='ocr_par' dir='ltr' id='par_1_23' title="bbox 863 2619 1564 2820">
     <span class='ocr_line' id='line_1_60' title="bbox 906 2619 1564 2667; baseline -0.015 -6"><span class='ocrx_word' id='word_1_454' title='bbox 906 2632 970 2660; x_wconf 87' lang='grc'>286</span> <span class='ocrx_word' id='word_1_455' title='bbox 993 2628 1111 2667; x_wconf 76' lang='lat' dir='ltr'>Baetin,</span> <span class='ocrx_word' id='word_1_456' title='bbox 1144 2625 1239 2665; x_wconf 83' lang='lat' dir='ltr'>Tagi]</span> <span class='ocrx_word' id='word_1_457' title='bbox 1285 2623 1332 2654; x_wconf 86' lang='lat' dir='ltr'>Hi</span> <span class='ocrx_word' id='word_1_458' title='bbox 1362 2625 1439 2653; x_wconf 84' lang='lat' dir='ltr'>sunt</span> <span class='ocrx_word' id='word_1_459' title='bbox 1469 2619 1564 2652; x_wconf 84' lang='lat' dir='ltr'>fluvii</span> 
     </span>
     <span class='ocr_line' id='line_1_61' title="bbox 865 2671 1564 2720; baseline -0.013 -8"><span class='ocrx_word' id='word_1_460' title='bbox 865 2679 1051 2720; x_wconf 76' lang='lat' dir='ltr'>Hispaniae,</span> <span class='ocrx_word' id='word_1_461' title='bbox 1068 2678 1179 2717; x_wconf 79' lang='lat' dir='ltr'>vuigo,</span> <span class='ocrx_word' id='word_1_462' title='bbox 1209 2675 1283 2706; x_wconf 77' lang='lat' dir='ltr'>Taio</span> <span class='ocrx_word' id='word_1_463' title='bbox 1306 2678 1340 2703; x_wconf 85' lang='lat' dir='ltr'>et</span> <span class='ocrx_word' id='word_1_464' title='bbox 1370 2671 1564 2711; x_wconf 72' lang='lat' dir='ltr'>Guadalqui-</span> 
     </span>
     <span class='ocr_line' id='line_1_62' title="bbox 863 2721 1562 2770; baseline -0.013 -10"><span class='ocrx_word' id='word_1_465' title='bbox 863 2730 924 2765; x_wconf 73' lang='lat' dir='ltr'>vir,</span> <span class='ocrx_word' id='word_1_466' title='bbox 960 2729 1002 2759; x_wconf 76' lang='lat' dir='ltr'>ad</span> <span class='ocrx_word' id='word_1_467' title='bbox 1033 2736 1175 2770; x_wconf 86' lang='lat' dir='ltr'>quorum</span> <span class='ocrx_word' id='word_1_468' title='bbox 1205 2724 1293 2765; x_wconf 82' lang='lat' dir='ltr'>ripas</span> <span class='ocrx_word' id='word_1_469' title='bbox 1324 2723 1458 2755; x_wconf 84' lang='lat' dir='ltr'>aluntur</span> <span class='ocrx_word' id='word_1_470' title='bbox 1484 2721 1562 2763; x_wconf 86' lang='lat' dir='ltr'>equi</span> 
     </span>
     <span class='ocr_line' id='line_1_63' title="bbox 866 2778 994 2820; baseline -0.016 -9"><span class='ocrx_word' id='word_1_471' title='bbox 866 2778 994 2820; x_wconf 81' lang='lat' dir='ltr'>optimi.</span> 
     </span>
    </p>
   </div>
  </div>
 </body>
</html>
