1852 3193
238 213 324 254 374
710 219 784 250 cr..
818 215 1102 247 CLAUDIAM
1138 214 1225 245 xv.

242 317 319 359 Me
340 329 514 371 quoque
533 315 659 356 limes
680 317 796 365 agat.
857 309 1021 350 Melius
1039 309 1209 350 deserta
1223 309 1387 364 jacebo

239 385 444 427 Vomeris
463 383 714 436 impatiens.
775 377 925 419 Pulsis
949 377 1223 418 dominentur
1245 376 1402 418 aratris
1618 376 1704 418 150

241 453 483 507 Dipsades,
503 457 546 492 et
566 450 718 491 sitiens
741 447 915 488 attollat
931 446 1058 499 gleba
1080 449 1290 486 cerastas.

241 521 362 572 Quid
382 534 450 561 me
471 519 701 572 temperies
717 517 866 571 juvit?
898 515 1004 568 quid
1024 514 1173 554 mitior
1194 513 1364 554 aether‘?

241 589 423 630 Gildoni
439 587 647 630 foecunda
666 586 744 627 fui.
803 585 831 626 J
838 598 907 625 am
932 584 1048 624 Solis
1070 583 1254 623 habenae

241 657 321 698 Bis
340 670 469 697 senas
490 659 687 709 torquent
706 655 897 708 hyemes,
921 651 1168 692 cervicibus
1186 662 1244 689 ex
1266 662 1354 702 quo

243 724 400 766 Haeret
417 724 540 765 triste
557 723 736 777 jugum:
768 721 926 762 nostris
942 719 1037 773 jam
1058 718 1251 759 luctibus
1274 717 1346 758 ille
1620 716 1707 757 155

243 791 503 841 Consenuit‚
522 802 786 843 regnumque
808 788 891 830 sibi
914 791 980 828 tot
994 786 1192 828 vindicat
1213 798 1368 826 annos.

241 859 387 913 Atque
403 860 566 899 utinam
587 857 787 910 regnum!
819 856 993 910 privato
1008 854 1105 908 jure
1127 857 1307 902 tenetur,

242 926 406 979 Exigui
427 926 575 979 specie
594 924 731 973 fundi,
755 922 874 975 quod
896 921 1031 962 Nilus
1051 925 1095 962 et
1115 919 1245 961 Atlas

242 1046 364 1076 torrida
378 1047 548 1083 augeatur:
571 1043 682 1074 semita
697 1043 799 1073 media
818 1042 895 1072 Coecz·
915 1041 1055 1072 ardentis
1080 1041 1185 1080 rapiat
1211 1050 1260 1070 me
1278 1050 1406 1080 quoque.
1451 1039 1588 1071 Felicius
1602 1039 1712 1078 jacebo

243 1088 371 1124 sterilis,
393 1096 453 1117 men
476 1087 585 1124 ferens
607 1090 756 1116 aratrum.
802 1084 959 1124 Dipsades
988 1087 1131 1122 regnent,
1161 1083 1256 1122 spicis
1285 1084 1423 1119 remotis,
1450 1086 1536 1112 terra
1557 1083 1713 1113 siticulosa

239 1130 378 1170 proferat
395 1133 540 1160 cerastas.
587 1128 672 1163 Quid
696 1127 867 1158 salubritas
888 1126 1013 1167 profuit
1039 1123 1142 1156 mihi?
1168 1126 1254 1160 Quid
1276 1125 1330 1155 abr
1356 1123 1477 1156 lenior?
1517 1125 1646 1155 Fertilis
1659 1125 1715 1163 fui

244 1182 305 1212 pro
341 1172 485 1202 Gildone.
529 1173 603 1202 Jam
639 1170 693 1201 Sol
723 1180 799 1201 cum
830 1170 905 1200 loris
935 1170 1030 1200 volvit
1057 1170 1216 1199 duodecim
1243 1168 1377 1209 hyemes,
1401 1178 1441 1199 ex
1471 1177 1528 1207 quo
1555 1173 1712 1207 tempore

238 1215 340 1252 ferale
359 1215 472 1254 jugum
501 1215 685 1246 adhaerescit
710 1215 786 1243 collo
814 1222 909 1244 mco:
934 1212 987 1243 ille
1005 1212 1077 1250 jam
1103 1212 1205 1242 senior
1223 1210 1334 1249 fuctus
1364 1215 1409 1242 est
1439 1211 1528 1241 inter
1556 1210 1716 1241 calamita-

244 1263 291 1289 tes
320 1262 456 1296 nostrus,
486 1261 516 1289 et
555 1267 611 1298 per
641 1260 688 1287 tot
717 1266 813 1287 armos
841 1255 937 1286 sumit
966 1255 1027 1286 sibi
1056 1254 1232 1294 imperium.
1294 1255 1339 1285 Et
1369 1254 1493 1285 utinam
1522 1252 1715 1295 z'mpfflium!

243 1302 385 1341 quicquid
406 1305 451 1332 est
477 1301 568 1332 inter
592 1300 701 1331 Nilum
724 1303 754 1330 et
777 1300 951 1339 Atlantem,
964 1301 1131 1338 occupatur
1147 1297 1214 1337 lege
1233 1297 1372 1337 privata,
1398 1297 1486 1338 quasi
1502 1306 1627 1336 campus
1639 1306 1714 1337 par-

861 1382 1096 1394 eeeeeeeeeeee

247 1441 334 1480 Reg.
349 1440 470 1471 Petav.
494 1449 545 1480 pr.
562 1439 627 1470 inc.
652 1438 881 1470 Heius—149
906 1439 961 1469 Me
977 1448 1032 1478 quo
1050 1438 1179 1469 Borion.
1218 1438 1288 1476 agit
1305 1438 1386 1477 Reg.
1425 1436 1534 1467 melius
1547 1434 1643 1467 Leid.
1660 1445 1713 1475 pr.

248 1483 360 1514 Oxon.
379 1492 430 1523 pr.
466 1483 575 1513 melior
591 1483 644 1513 vel
658 1482 769 1513 melius
781 1481 861 1513 Vat.
878 1491 929 1521 pr.
960 1481 1099 1519 jacerem
1115 1481 1210 1512 Med.
1227 1483 1418 1512 tem—150
1441 1480 1618 1511 dominetur
1632 1479 1717 1509 Vat.

248 1535 299 1566 pr.
323 1526 441 1557 aratris
455 1526 535 1557 Vat.
548 1535 598 1565 pr.
615 1530 650 1556 et
663 1530 744 1556 tert.
763 1524 872 1556 Oisel.
888 1524 985 1555 Med.
1003 1529 1116 1565 quart.
1134 1524 1212 1555 Pat.
1231 1525 1361 1554 Mazar.
1378 1523 1462 1553 Exc.
1479 1522 1558 1553 Pat.
1572 1531 1642 1564 rec.
1659 1521 1717 1552 ed.

247 1569 363 1599 Vicet.
397 1568 505 1599 aristis
526 1569 718 1599 octodecim
742 1568 810 1607 aiii,
838 1568 922 1598 Exc.
950 1567 1096 1598 Gevart.
1112 1567 1194 1597 Var.
1212 1567 1280 1597 LL.
1299 1576 1317 1597 e
1333 1576 1439 1606 marg.
1456 1565 1572 1607 qum.
1590 1563 1716 1596 Sched.

248 1611 342 1642 Gud.
372 1611 489 1641 aratris
505 1611 558 1641 vel
571 1611 679 1641 aristis
694 1610 807 1642 Oxon.
825 1620 894 1640 sec.
913 1610 1035 1640 Petav.
1051 1613 1131 1640 tert.
1149 1610 1408 1640 Florent.———l5l
1433 1609 1551 1648 Dipsas
1565 1609 1646 1638 Vat.
1665 1616 1717 1646 pr.

249 1659 286 1685 et
300 1657 381 1684 tert.
405 1663 449 1684 m.
476 1663 526 1694 pr.
556 1653 706 1683 Florent.
732 1662 838 1692 marg.
865 1652 988 1691 Isingr.
1032 1652 1156 1691 Daspes
1170 1652 1264 1683 Med.
1281 1657 1393 1691 quart.
1438 1651 1574 1690 Aspides
1588 1650 1718 1681 Thuan.

253 1696 397 1727 Cerastes
413 1696 507 1726 Med.
525 1700 636 1736 quart.
655 1696 784 1726 Moret.
800 1697 976 1726 sec.—152
999 1693 1078 1724 rit-it
1096 1693 1190 1724 Leid.
1206 1704 1256 1734 pr,
1291 1693 1385 1723 inicit
1400 1693 1494 1723 Med.
1511 1702 1577 1723 sec.
1612 1691 1719 1722 mitior

250 1739 306 1769 abir
337 1739 430 1769 Prie.
469 1739 704 1769 Mazara—153
725 1737 864 1775 secunda
883 1735 964 1774 sui?
1001 1746 1077 1767 eum
1105 1742 1188 1766 nota
1222 1736 1513 1775 intei‘rogationi5‚
1541 1736 1719 1766 Maur.—

250 1785 311 1812 155
337 1781 445 1812 Haesa't
462 1782 542 1812 Vat.
557 1790 625 1812 sec.
649 1791 692 1811 m.
711 1790 760 1820 pr.
786 1781 898 1810 Haeret
915 1779 968 1810 vel
985 1779 1092 1809 Haesit
1110 1780 1302 1818 Regu—156
1328 1778 1496 1808 Consenm't
1516 1778 1567 1808 vel
1588 1778 1720 1808 Consue-

247 1825 296 1854 υἰέ
312 1825 392 1855 Vat.
416 1833 467 1864 pr.
502 1833 691 1863 regnumque
706 1824 755 1853 sui
775 1823 900 1853 Moret.
925 1832 973 1861 pr.
1011 1831 1140 1859 reguum
1161 1823 1241 1861 quod
1257 1824 1303 1851 tot
1320 1820 1379 1851 sibi
1394 1821 1472 1851 Vat.
1490 1830 1540 1860 pr.
1576 1820 1721 1851 vendicat

248 1867 376 1897 Moret.
394 1876 444 1906 pr.
461 1867 544 1897 Exc.
562 1866 703 1897 Gevart.
727 1875 823 1896 annos
848 1866 926 1895 Vat.
952 1874 1004 1905 pr.
1022 1864 1130 1894 Oisel.
1157 1874 1200 1894 m.
1225 1874 1274 1904 pr.
1295 1864 1372 1894 Vat.
1390 1862 1499 1893 Livin.
1533 1863 1623 1893 amzis
1638 1867 1718 1893 octo

249 1908 425 1940 alii.—157
446 1909 566 1949 privati
591 1909 722 1939 Thuan.
755 1908 876 1948 privati.
899 1907 951 1937 vel
977 1907 1098 1946 privato
1122 1905 1234 1937 Oxou.
1261 1916 1329 1937 sec.
1363 1915 1435 1936 rure
1450 1906 1592 1936 terremit
1609 1905 1719 1936 Oisel.

241 1952 316 1990 jure
341 1955 465 1982 tenetur
487 1952 564 1983 vat.
591 1962 640 1991 pr.
669 1956 705 1983 et
731 1956 811 1982 tert.
840 1951 919 1981 Pat.
940 1950 1060 1981 Petav.
1084 1959 1152 1979 see.
1172 1959 1214 1980 m.
1239 1959 1306 1980 sec.
1331 1949 1413 1979 Vat.
1437 1948 1545 1979 Livin.
1579 1951 1721 1979 tenemur

251 2000 321 2025 tres
349 1996 442 2026 Vatt.
476 1995 553 2026 Pal.
577 1995 677 2025 Fam.
701 1995 797 2025 Rott.
849 1997 985 2024 tenerem.
1012 1993 1140 2023 Mon-et.
1171 1994 1347 2023 see-158
1374 1991 1482 2022 Exilis
1511 1990 1566 2022 vel
1594 1991 1721 2030 Exigua·

249 2037 332 2069 l'ut.
364 2038 520 2068 Florent.
565 2038 665 2078 specie
691 2037 783 2076 regni
812 2037 894 2067 Vat.
926 2045 978 2076 pr.
1010 2045 1055 2066 m.
1088 2045 1140 2075 pr.
1178 2035 1277 2074 fundi
1302 2035 1402 2075 specie
1431 2034 1513 2065 Put.
1543 2034 1627 2064 Lov.
1656 2035 1721 2064 Pe-

250 2085 321 2111 tav.
348 2090 417 2121 see.
477 2080 609 2121 speciem
639 2080 768 2112 Moret.
797 2089 866 2110 sec.
918 2078 1018 2117 fundi
1049 2080 1101 2109 vel
1140 2078 1232 2118 regni
1260 2078 1339 2109 Vat.
1369 2082 1450 2109 tert.
1504 2086 1564 2117 qua
1599 2075 1720 2108 Ambr.

916 2165 1056 2197 NOTAE

296 2242 356 2272 151
380 2239 552 2280 Dipsades]
573 2239 660 2271 Sunt
677 2244 855 2281 serpentes
872 2240 957 2272 dicti
1011 2245 1077 2281 ret,
1093 2246 1129 2273 et
1158 2241 1236 2273 huic
1264 2251 1422 2283 parerem
1450 2240 1634 2278 libentins;
1660 2238 1721 2270 sed

251 2290 314 2322 ἀπὸ
335 2290 392 2321 τοῦ
417 2291 519 2331 διψᾷν,
530 2290 632 2330 sitire,
648 2290 728 2331 quia
753 2290 796 2321 ab
811 2291 862 2321 his
882 2300 958 2331 per·
1011 2292 1084 2332 quis
1111 2301 1178 2322 non
1207 2291 1322 2324 doleat
1345 2301 1382 2323 se
1409 2291 1540 2323 servire
1565 2288 1723 2331 praedoni

252 2342 351 2381 cnlsi,
368 2351 436 2383 quo
461 2342 537 2382 plus
568 2346 702 2382 potant,
727 2341 803 2382 plus
826 2340 958 2382 sitiunt,
1011 2340 1276 2373 immanissimo?

251 2392 375 2433 sitique
392 2396 553 2433 pereunt.
1055 2396 1117 2423 158
1143 2392 1388 2432 Exiguifundi]
1413 2390 1518 2424 Quasi
1545 2389 1650 2421 Gildo
1672 2388 1722 2419 vi·-

297 2443 461 2484 Cerastas]
485 2443 637 2475 Cerastae
658 2447 737 2475 sunt
765 2443 866 2475 etiam
891 2452 959 2474 ser·
1009 2443 1077 2473 lem
1093 2443 1147 2473 vel
1164 2452 1301 2483 parvam
1317 2441 1449 2473 Africae
1475 2439 1719 2482 possessionem

253 2499 389 2535 pentes,
416 2495 465 2525 sic
492 2493 589 2535 dicti,
613 2494 701 2536 quod
727 2504 854 2526 cornua
880 2503 959 2525 exe·
1012 2497 1162 2533 reputet.

251 2549 342 2585 rant,
355 2542 445 2584 κέρας
459 2554 561 2576 cor-nn.
1060 2543 1149 2578 Quod
1165 2543 1260 2574 Nilus
1273 2545 1304 2573 et
1320 2541 1428 2582 Atlas]
1465 2541 1637 2572 Immensa
1664 2541 1724 2572 ilia

296 2598 359 2626 156
385 2594 570 2636 Consenuit]
592 2595 660 2627 Alii
688 2596 817 2636 legunt,
838 2603 961 2625 consue-
1015 2592 1157 2622 vastitas
1185 2596 1301 2631 terrae,
1327 2601 1390 2632 per
1425 2601 1526 2632 quam
1557 2591 1656 2622 Nilus
1686 2595 1724 2622 et

252 2645 310 2686 vit,
327 2656 391 2677 nee
408 2647 519 2677 male:
545 2646 722 2677 consuevit
738 2645 897 2686 luctibus,
921 2655 961 2676 ac
1015 2641 1127 2682 Atlas,
1154 2643 1264 2673 Barce
1288 2646 1325 2673 et
1356 2640 1485 2680 Gades,
1509 2641 1649 2681 Ganges
1684 2645 1722 2671 et

255 2696 398 2737 proinde
412 2706 477 2727 non
495 2701 660 2727 movetur.
1014 2692 1185 2734 AEgyptus
1213 2693 1468 2734 disjunguntur,
1498 2690 1604 2723 servit
1635 2699 1723 2732 prae-

300 2750 360 2778 157
383 2750 488 2788 Atque
503 2748 623 2778 utinam
637 2745 781 2786 regnum]
812 2745 847 2776 Si
870 2745 961 2776 enim
1014 2743 1095 2776 doni
1109 2743 1262 2776 Gildoni.

257 2798 332 2830 Rex
348 2804 437 2830 esset
453 2798 570 2839 Gild0‚
585 2808 639 2830 me
655 2796 809 2830 blandius
825 2796 962 2838 excipe-
