1852 3193
235 196 320 237 488
683 212 756 242 ct..
789 211 1075 242 cLAuniAm
1110 213 1259 246 xviu.

236 301 498 356 Exsangues
519 318 692 346 onerare
714 310 814 359 toga
833 320 843 358 3
876 308 1114 363 cinctuque
1132 318 1355 365 gravatuS,

239 370 486 425 Indutoquc
508 385 645 413 senex
668 374 915 416 obscoenior
933 377 1013 417 iret
1034 379 1078 418 in
1100 381 1231 422 auro!

235 436 436 479 Humani
459 440 605 492 qualis
628 442 851 483 simulator
872 445 1022 486 simius
1042 448 1148 497 oris,

235 503 377 554 Quem
398 520 504 559 puer
525 508 715 548 arridens
737 510 929 563 pretioso
949 514 1133 554 stamine
1155 515 1311 558 Serum

233 571 277 612 V
280 573 428 622 elavit,
450 575 680 629 nudasque
701 582 825 619 nates
847 593 899 620 ac
922 585 1044 634 terga
1062 583 1255 637 reliquit,

232 638 492 682 Ludibrium
513 645 689 686 mensis.
753 646 909 689 Erecto
931 654 1108 702 pectore
1129 651 1254 693 dives

230 704 455 759 Ambulat,
479 715 524 751 et
545 712 662 754 claro
685 727 779 754 sese
798 715 1010 758 deformat
1032 720 1208 762 amictu.

232 773 434 817 Candida
454 778 651 830 pollutos
671 783 906 824 comitatur
927 783 1063 826 Curia
1081 786 1246 838 fasces,

232 840 435 884 Forsitan
457 850 502 885 et
524 846 768 890 Dominus:
800 853 971 903 praebet
990 853 1204 896 miracula
1223 856 1355 896 lictor

1614 591 1700 633 305

229 950 332 989 batur,
347 962 415 982 cum
430 957 593 985 conaretur
609 956 729 995 operire
745 960 827 987 reste
853 959 1024 989 consulari
1052 962 1186 993 membra
1211 973 1351 1006 exsucca,
1374 970 1404 997 et
1425 977 1584 1008 oppressus
1606 970 1698 1001 vesti-

228 997 342 1028 πιεηίο,
356 1005 390 1024 uc
406 997 526 1026 vetulus
540 998 665 1037 turpior
678 999 832 1030 incederet
847 1001 880 1031 in
898 1002 1051 1033 vestibus
1077 1005 1180 1034 aureis
1195 1005 1321 1038 indutis.
1368 1009 1458 1040 Sicut
1473 1011 1583 1042 simius
1594 1013 1698 1044 imita-

227 1038 277 1065 tor
288 1037 548 1077 vultushominis,
563 1051 651 1078 quem
674 1051 749 1080 puer
764 1043 895 1073 illudens
917 1045 999 1074 texit
1015 1050 1125 1077 ornatu
1140 1048 1239 1079 divite
1256 1050 1382 1088 Serum,
1396 1062 1432 1081 ac
1446 1054 1582 1084 deseruit
1596 1055 1699 1086 clunes

225 1080 358 1109 nudatos
373 1083 403 1109 et
415 1083 503 1120 terga
515 1083 682 1114 ludibrium
697 1083 846 1116 futurum
872 1087 1009 1118 convivis
1019 1099 1029 1119 .·
1052 1088 1168 1120 simius
1191 1091 1322 1132 locuples
1352 1093 1528 1133 ingreditur
1543 1096 1613 1127 sinu
1628 1098 1698 1128 sub-

223 1122 296 1159 zato,
322 1125 352 1152 et
376 1124 524 1164 deturpat
536 1135 567 1155 se
583 1129 666 1157 veste
682 1127 814 1166 insigni.
852 1128 986 1160 Senatus
1013 1131 1134 1162 albatus
1149 1135 1289 1174 sequitur
1297 1135 1401 1174 fasces
1414 1139 1639 1170 contaminatos
1652 1140 1695 1171 ab

228 1163 392 1196 Eunucho
407 1177 414 1196 :
439 1170 469 1197 et
487 1167 575 1205 sorte
591 1169 732 1199 dominus
754 1171 917 1212 sequitur.
956 1174 1065 1205 Lictor
1088 1176 1201 1207 clarior
1216 1180 1335 1209 consule
1352 1183 1503 1211 monstrat
1530 1183 1675 1224 prodigia
1687 1194 1698 1215 :

844 1257 1081 1270 eeeeeeeeeeee

225 1292 303 1323 Vat.
322 1303 370 1332 pr.
388 1293 453 1325 duo
468 1295 586 1328 Leidd.
615 1303 649 1328 et
677 1299 791 1331 Oxou.
828 1303 955 1342 pulcher
979 1303 1045 1335 duo
1070 1305 1166 1337 Vatt.
1187 1307 1288 1338 Farn.
1307 1307 1399 1338 Prie.
1418 1307 1540 1340 Petav.
1553 1319 1604 1350 pr.
1620 1309 1697 1341 Mo-

225 1340 288 1365 ret.
304 1345 372 1367 sec.
391 1336 508 1368 Ambr.
527 1344 607 1371 tert.
622 1342 754 1374 Thoios.
769 1344 835 1374 duo
852 1346 945 1377 Med.
978 1351 1105 1378 ornatus
1121 1349 1215 1380 Med.
1233 1354 1345 1391 quart.
1383 1352 1524 1383 tonderet
1538 1352 1617 1384 Jun.
1643 1363 1695 1393 pr.

223 1387 314 1408 arcus
328 1379 460 1412 Tholos.
478 1381 595 1414 Ambr.
621 1389 797 1417 sem—301
823 1392 969 1419 onerante
985 1390 1134 1422 Florent.
1152 1402 1193 1423 m.
1211 1403 1262 1433 pr.
1285 1393 1362 1425 Par.
1377 1395 1461 1425 Exc.
1479 1395 1623 1426 Lucens.
1641 1405 1695 1436 pr.

224 1426 352 1452 ornmite
381 1423 500 1455 Ambr.
532 1436 599 1458 sec.
628 1428 723 1459 Med.
756 1434 834 1462 tert.
872 1442 982 1463 ornare
1013 1433 1079 1465 duo
1112 1435 1230 1466 Leidd.
1254 1440 1288 1467 et
1311 1437 1503 1468 octodecim
1520 1438 1590 1477 alii,
1607 1439 1695 1470 Exc.

224 1462 368 1496 Gevart.
395 1467 476 1497 Var.
511 1468 580 1499 LL.
611 1471 665 1500 ed.
696 1471 801 1504 Antv.
839 1484 951 1506 ornare
974 1477 1026 1507 vei
1049 1487 1175 1508 onerare
1191 1478 1269 1510 Put.
1287 1479 1404 1511 Ambr.
1420 1490 1471 1520 pr.
1497 1480 1610 1512 Oxou.
1626 1491 1696 1513 sec.

224 1505 310 1537 Exc.
330 1508 427 1540 Lzeti.
468 1521 594 1542 onrrare
618 1514 670 1544 vel
687 1519 833 1546 onerante
849 1518 928 1549 Vat.
946 1528 996 1558 pr.
1037 1520 1214 1561 cinctusque
1232 1522 1350 1554 Petav.
1368 1528 1449 1554 tert.
1467 1533 1511 1554 m.
1528 1534 1575 1564 pr.
1614 1524 1696 1555 cinc-

223 1551 317 1589 tuque
336 1558 480 1591 quatuor
497 1555 593 1586 x'att.
612 1556 687 1587 Pal.
706 1558 804 1590 Farn.
829 1559 923 1592 Prie.
939 1562 1033 1593 Rott.
1052 1562 1158 1595 Oisel.
1175 1565 1259 1595 Exc.
1273 1565 1369 1596 Laeti.
1386 1566 1439 1597 ed.
1457 1566 1593 1607 Koenig.
1617 1568 1697 1597 cinc-

222 1593 347 1632 tumque
371 1594 451 1626 Jun.
483 1606 535 1636 pr.
574 1598 736 1639 cinctuque
766 1603 822 1632 vel
838 1603 1016 1644 cinctusque
1042 1606 1125 1646 Reg.
1157 1611 1311 1645 gravatur
1325 1609 1407 1639 Vat.
1426 1614 1507 1640 tert.
1542 1613 1696 1649 gravatus

221 1637 293 1664 tres
325 1637 422 1668 Vatt.
455 1639 530 1669 Pai.
560 1642 659 1673 Farn.
685 1643 777 1674 Prie.
806 1645 902 1677 Rott.
934 1647 1041 1678 Oisel.
1072 1649 1155 1680 Exc.
1175 1650 1271 1681 Laeti.
1305 1655 1460 1690 gravatur
1475 1653 1529 1682 vel
1543 1656 1695 1692 gravatus

224 1676 336 1708 Oxou.
355 1688 404 1717 pr.
442 1681 634 1722 cinctumque
647 1689 795 1722 gravatos
812 1687 918 1718 Gesn.
955 1690 1116 1729 cinctuque
1130 1695 1279 1729 grai-utos
1295 1694 1347 1723 ed.
1367 1695 1614 1734 ssipont.-302
1639 1695 1694 1725 In-

223 1720 373 1760 ducloque
389 1723 469 1753 Vat.
486 1733 553 1754 sec.
571 1730 605 1755 et
623 1730 703 1756 tert.
722 1737 763 1757 m.
780 1738 829 1767 pr.
847 1729 922 1760 Pal.
940 1731 1044 1762 Fam.
1063 1732 1154 1763 Prie.
1175 1734 1271 1764 Rott.
1290 1734 1396 1765 Oisei.
1436 1736 1609 1776 Imluloque
1626 1737 1693 1768 duo

223 1762 317 1793 Med.
334 1763 455 1795 Pet-av.
475 1775 524 1804 pr.
541 1766 672 1798 Tiiolos.
698 1768 817 1800 Ambr.
834 1778 902 1800 sec.
930 1773 1057 1803 Moret.
1075 1783 1144 1804 sec.
1159 1776 1238 1806 Vat.
1268 1777 1376 1806 Livin.
1394 1777 1457 1808 ine.
1474 1779 1593 1809 Heius.
1632 1780 1693 1811 iret

221 1804 377 1835 obscenior
396 1806 602 1839 Rom—303
626 1810 778 1841 similatur
802 1813 941 1844 Tholos.
978 1815 1120 1845 imitator
1147 1817 1226 1848 Jun.
1255 1822 1414 1857 pin—304
1437 1821 1583 1852 adridens
1610 1823 1692 1853 Vat.

221 1848 329 1886 quint.
365 1849 402 1878 ah
427 1851 533 1880 ridens
562 1851 658 1882 Rott.
695 1853 828 1884 irridens
856 1855 938 1895 legit
969 1856 1142 1890 Heinsius.
1179 1859 1328 1897 abridens¹
1339 1862 1436 1893 Med.
1459 1873 1527 1894 sec.
1558 1864 1693 1904 flumine

222 1890 307 1921 Exc.
332 1890 418 1921 Laeti
447 1902 490 1923 ni.
523 1903 572 1933 pr.
622 1899 741 1926 rectum
775 1907 835 1936 pro
862 1898 970 1929 Serum
986 1900 1080 1933 Med.
1098 1906 1285 1934 tem—305
1310 1906 1466 1945 nudasque
1478 1916 1575 1944 genas
1589 1907 1691 1939 Farn.

221 1941 265 1963 m.
283 1942 334 1972 pr.
358 1937 391 1964 at
404 1937 492 1974 terga
508 1936 603 1967 Rott.
627 1939 774 1979 relinquit
793 1940 898 1971 Oisel.
913 1942 1011 1973 Leid.
1030 1947 1190 1984 [ιη-307
1216 1946 1248 1976 in
1264 1950 1336 1977 actu
1348 1957 1399 1987 pr.
1415 1949 1532 1979 amictu
1547 1950 1625 1981 Jun.
1640 1960 1690 1990 pr.

220 1978 328 2006 —308
347 1977 551 2009 Candidavel
566 1980 690 2012 Callida
700 1983 828 2014 Moret.
847 1988 1006 2025 piu—309
1029 1987 1170 2018 dominus
1186 1987 1252 2020 duo
1265 1990 1360 2021 Vatt.
1380 1991 1452 2021 Pal.
1471 1992 1565 2023 nott.
1584 1992 1691 2025 Oisel.

889 2060 920 2091 N
927 2059 1028 2092 OTAE

222 2122 296 2145 sese
325 2115 358 2145 in
385 2116 550 2149 miracula
580 2130 704 2161 rerum,
738 2122 926 2165 Ignemque

219 2165 485 2209 horribilemque
504 2169 623 2210 feram,
656 2172 861 2215 fluviumque
889 2175 927 2206 li-

223 2217 408 2255 quentem.’

262 2269 323 2297 301
352 2268 525 2311 Grarutus]
542 2271 645 2303 Quasi
663 2273 711 2304 ita
722 2275 924 2307 macilentus

219 2321 322 2357 atque
338 2318 487 2350 infirmus
504 2320 607 2361 foret,
622 2327 714 2354 utne
726 2324 861 2365 quidem
876 2330 925 2357 to-

217 2376 293 2407 gam
311 2366 401 2399 ferre
417 2375 545 2410 posset.

253 2419 315 2448 302
335 2419 527 2460 obscaenior]
543 2421 698 2453 Obscenus
709 2422 832 2454 dicitur
843 2434 924 2464 qua-

218 2466 244 2496 si
260 2467 314 2498 obs
327 2478 428 2508 scena,
458 2471 547 2512 quod
562 2472 594 2502 in
607 2482 709 2504 scena
726 2478 760 2504 et
777 2473 811 2504 in
833 2475 925 2505 thea-

222 2521 276 2549 tro
305 2519 372 2550 dici
404 2530 471 2552 non
498 2522 615 2562 debet,
637 2525 715 2565 quia
732 2529 852 2565 turpe:
871 2525 925 2556 vel

220 2568 373 2600 obscoemis
389 2570 570 2604 deducitur
600 2574 641 2605 ab
668 2575 704 2605 ab
726 2580 761 2605 et
784 2585 926 2612 coenum;

220 2620 273 2650 vel
287 2620 329 2651 ab
345 2621 380 2651 ob
393 2627 427 2652 et
443 2633 528 2663 cono,
541 2624 602 2656 hoc
619 2630 681 2665 est,
696 2630 818 2657 contra
831 2636 926 2666 cano,

221 2670 311 2709 quod
323 2671 367 2701 sit
383 2673 522 2704 verbum
535 2676 611 2706 maii
626 2677 779 2717 auspicii.
825 2678 922 2708 Unde

222 2719 384 2760 Virgilius
401 2722 501 2764 dixit,
528 2728 536 2741 ‘
554 2726 742 2758 Obscoenas
754 2729 923 2769 volucres,

219 2768 481 2815 obscoenamque
494 2774 640 2809 famem!
689 2777 754 2810 Alii
771 2779 838 2810 alia
851 2788 924 2810 sen-

982 2124 1082 2157 tiunt.

1024 2181 1087 2209 304
1113 2178 1240 2220 Serum]
1278 2181 1324 2212 Hi
1348 2186 1425 2213 sunt
1443 2183 1560 2222 populi
1578 2187 1690 2213 extre-

980 2238 1044 2259 mae
1073 2229 1177 2269 Asia),
1205 2232 1290 2262 mira
1332 2233 1488 2263 arborum
1528 2233 1687 2273 lanugine

980 2278 1147 2319 celebres,
1178 2281 1229 2311 vel
1261 2282 1374 2322 potius
1403 2283 1566 2314 vermium
1586 2283 1618 2314 in
1638 2284 1689 2315 his

980 2329 1159 2361 arboribus
1187 2332 1432 2364 stabulantium
1457 2334 1588 2364 exuviis
1616 2344 1688 2374 pre-

981 2379 1076 2410 tiosis
1093 2379 1228 2413 divites.

1023 2432 1086 2460 307
1111 2431 1183 2462 Sese
1215 2432 1384 2473 deformat]
1434 2434 1589 2473 Optime,
1620 2443 1686 2474 quo

980 2480 1068 2510 enim
1087 2487 1182 2512 veste
1200 2483 1324 2514 lautior
1340 2490 1393 2514 est
1408 2483 1534 2522 simum,
1558 2493 1599 2514 eo
1617 2488 1688 2515 tur-

980 2529 1066 2568 pior.

1023 2582 1085 2610 308
1112 2581 1269 2621 Candido]
1322 2582 1458 2623 Albata,
1491 2593 1550 2614 seu
1589 2584 1684 2615 novis

982 2630 1132 2661 vestibus
1158 2632 1274 2663 induta
1305 2633 1338 2664 in
1367 2634 1528 2665 honorem
1556 2635 1684 2665 Consu-

978 2680 1029 2712 lis.

1021 2733 1084 2761 309
1109 2732 1276 2773 Dominus]
1301 2733 1433 2775 Aliquis
1451 2744 1493 2766 ex
1510 2734 1681 2767 veteribus

978 2781 1068 2813 servi
1084 2782 1242 2825 Eutropii
1260 2784 1415 2817 dominis.
