1852 3193
199 196 286 239 472
652 206 728 235 cr„
761 200 1042 234 CLAUDIAM
1077 198 1230 231 xviii.

199 300 313 351 Quis
333 313 417 341 non
438 299 670 351 ingemuit?
701 298 797 351 quis
819 309 906 336 non
926 295 1116 349 irrepere
1133 294 1276 336 sacris

201 368 441 420 Obsequiis
458 367 594 406 doluit
611 366 742 406 toties
763 364 919 404 venale
943 363 1168 404 cadaver?

201 435 298 488 Ipsi
321 435 427 487 quin
448 434 578 474 etiam
598 433 677 473 tali
700 434 903 472 consorte
925 430 1168 470 fremebant

201 501 396 554 Regales
415 500 583 549 famuli,
606 500 763 553 quibus
783 503 850 540 est
870 498 1076 539 illustrior
1097 496 1205 538 ordo

200 568 390 617 Servstii,
410 567 670 620 sociumque
692 567 776 608 sibi
799 578 1001 620 sprevere
1023 564 1219 617 superbi.
1574 558 1660 599 150

260 634 451 686 Gemite,
472 648 600 689 quem
621 634 763 675 Latiis
777 636 965 688 poscant
983 635 1213 672 annectere
1233 628 1393 671 fastis:

202 701 338 757 Cujus
359 708 403 744 et
423 703 648 755 eunuchos
670 703 840 756 puduit.
902 701 989 741 Sed
1009 699 1140 741 vilior
1162 703 1263 741 ante

203 769 421 811 Obscurae
444 772 573 812 latuit
588 784 694 825 pars
715 770 993 824 ignotissima
1013 769 1169 817 turbae,

203 838 359 879 Donec
378 838 636 881 Abundanti
656 839 783 880 furiis
804 838 902 892 (qui
918 839 1048 878 rebus
1072 836 1178 876 Eois

203 904 416 959 Exitium,
438 908 665 960 primoque
687 907 774 947 sibi
795 903 1031 958 produxit)
1051 905 1107 944 ab
1130 902 1231 944 imis
1576 895 1663 938 155

203 1013 267 1044 hoc
285 1014 378 1043 toties
403 1013 562 1044 venditum
588 1013 748 1044 insinuare
768 1023 799 1043 se
825 1012 981 1044 mandatis
1003 1010 1137 1042 sacratis
1162 1007 1388 1050 Imperatoris?
1426 1008 1586 1038 Praeterea
1610 1005 1672 1046 ipsi

201 1056 283 1086 servi
295 1056 500 1095 imperatorii,
522 1056 632 1095 quihus
655 1057 775 1094 gradus
796 1055 964 1086 ministerii
987 1058 1033 1085 est
1057 1053 1246 1091 honoratior,
1264 1051 1321 1082 tali
1341 1051 1422 1081 socio
1435 1058 1672 1080 commurmura-

204 1099 289 1137 bant,
312 1101 341 1128 et
368 1101 593 1129 contemserunt
609 1099 811 1136 arrogantius
839 1108 916 1128 eum
940 1098 1085 1128 sodalem.
1136 1096 1259 1134 Videte,
1280 1104 1367 1135 quem
1379 1095 1490 1133 petant
1503 1091 1672 1130 adjungere

203 1140 294 1171 fastis
311 1141 470 1180 Romanis,
483 1144 513 1171 et
529 1151 617 1181 quem
632 1141 693 1181 ipsi
711 1141 854 1172 Eunuchi
868 1140 1058 1171 erubescunt.
1104 1138 1149 1169 At
1171 1137 1262 1178 prius
1283 1138 1347 1168 iste
1372 1135 1520 1174 abjectior
1534 1133 1673 1172 delituit,

204 1193 267 1214 ceu
282 1193 358 1223 pars
372 1184 507 1214 maxime
531 1184 691 1223 incognita
717 1187 849 1215 catervae
875 1183 1029 1223 ignobilis,
1055 1182 1148 1212 donec
1163 1191 1182 1211 a
1196 1179 1346 1211 cubilibus
1372 1178 1488 1220 infimis
1511 1179 1674 1216 grassatus

204 1229 249 1256 est
266 1226 307 1256 ad
323 1226 496 1264 dignitates
509 1237 679 1267 supremas,
705 1228 805 1258 elatus
829 1227 952 1257 insania
977 1224 1188 1263 Αὸιιηιίιιηεὶί,
1213 1223 1264 1263 qui
1287 1222 1409 1263 peperit
1434 1219 1603 1261 perniciem
1618 1220 1676 1250 im·

200 1269 289 1310 perio
319 1269 471 1308 Orientis,
492 1273 522 1300 et
546 1270 637 1310 prius
661 1269 722 1301 sibi
737 1270 813 1311 ipsi.
861 1270 964 1305 Quam
985 1268 1141 1310 sapienter
1156 1266 1358 1298 constitutum
1374 1269 1427 1296 est-
1441 1264 1473 1295 in
1489 1262 1622 1303 Mundo,
1639 1263 1672 1293 ut

827 1354 1060 1367 eeeeeeeeeeee

206 1419 360 1451 Florent.
376 1420 472 1452 Med.
489 1425 601 1461 quart.
625 1421 754 1453 Mazar.
769 1420 851 1452 Jun.
869 1429 920 1460 pr.
935 1419 1065 1450 Moret.
1084 1428 1135 1459 pr.
1154 1418 1238 1449 Exc.
1253 1417 1401 1448 Lucens.
1419 1423 1487 1445 sec.
1503 1413 1587 1444 Var.
1605 1411 1674 1443 LL.

207 1472 226 1492 e
243 1472 347 1503 marg.
360 1463 475 1494 Parm.
492 1463 546 1495 ed.
563 1465 677 1496 Vicet.
694 1464 737 1494 de
761 1463 905 1494 trahendi
921 1462 1024 1493 verbo
1042 1462 1109 1492 vid.
1122 1461 1295 1492 Passerat.
1312 1459 1353 1490 ad
1372 1459 1535 1497 Propert.
1552 1466 1585 1496 p.
1602 1457 1675 1487 148.

206 1508 311 1535 texere
327 1509 397 1536 tres
413 1506 509 1537 Vatt.
544 1510 651 1538 texere
677 1507 731 1542 vel
758 1510 884 1537 traxere
906 1505 987 1536 Vat.
1013 1514 1063 1546 pr.
1077 1504 1203 1535 Moret.
1220 1513 1289 1534 sec.
1306 1502 1389 1533 Lov.
1407 1501 1493 1531 Exc.
1510 1499 1589 1529 Pat.
1607 1506 1676 1529 rec.

206 1550 314 1578 -146
340 1548 424 1583 Quos
438 1548 518 1580 Juu.
535 1559 587 1590 pr.
625 1550 761 1590 irrepere
783 1550 863 1580 Vat.
888 1558 938 1589 pr.
967 1549 1050 1579 Exc.
1079 1547 1169 1579 Laeti
1194 1552 1232 1578 et
1258 1547 1401 1578 Lucens.
1430 1552 1499 1574 sec.
1533 1541 1677 1581 obrepere

207 1590 286 1621 Vat.
302 1600 372 1622 sec.
389 1591 465 1623 Pal.
485 1591 538 1623 ed.
555 1592 670 1623 Vicet.
703 1593 874 1632 irrumpere
900 1591 1000 1622 Fam.
1028 1591 1154 1622 Moret.
1182 1599 1234 1630 pr.
1273 1588 1408 1628 irrepere
1436 1585 1489 1616 vel
1505 1584 1678 1631 irrumpere

207 1632 297 1672 Reg.
331 1633 467 1673 irrepere
482 1635 536 1664 vel
549 1635 690 1674 obrepere
705 1635 790 1665 Exc.
813 1635 892 1665 Pat.
915 1636 1092 1664 ree—148
1114 1631 1287 1663 tremebant
1300 1630 1508 1661 Farn.—-150
1531 1625 1679 1658 Servitizs

207 1674 304 1705 Med.
322 1685 374 1714 pr.
398 1675 549 1706 serviciis
562 1677 643 1707 Vat.
661 1686 730 1707 sec.
747 1676 821 1706 Pal.
845 1676 995 1706 Serviliis
1022 1676 1076 1706 vel
1098 1675 1231 1705 Servilii
1248 1674 1360 1703 Oxon.
1386 1681 1439 1711 pr.
1465 1668 1598 1701 Servitii
1623 1666 1678 1698 vel

209 1717 382 1748 Seri->ilium
399 1717 485 1758 Reg.
518 1718 579 1748 sibi
595 1718 663 1749 duo
686 1719 782 1749 Vatt.
808 1718 884 1748 Pal.
902 1718 1001 1748 Farn.
1014 1716 1110 1747 Med.
1127 1726 1177 1756 pr.
1194 1716 1324 1745 Tlinan.
1340 1714 1422 1743 Var.
1441 1713 1510 1742 LL.
1534 1720 1552 1742 e
1568 1719 1677 1750 marg.

211 1760 327 1791 Parin.
344 1759 399 1790 ed.
416 1761 532 1790 Vicet.
555 1761 610 1790 diu
634 1760 715 1791 Vat.
741 1760 850 1800 quint.
877 1760 971 1790 Prie.
998 1760 1092 1789 Rott.
1119 1758 1228 1789 oisel.
1258 1758 1343 1787 Exc.
1367 1755 1459 1785 Laeti
1478 1758 1515 1785 et
1531 1754 1678 1786 Lucens.

210 1811 281 1832 sec.
329 1802 388 1832 sibi
415 1802 469 1832 vel
499 1801 554 1832 diu
579 1801 660 1832 Vat.
689 1811 742 1841 pr.
774 1806 809 1832 et
838 1805 919 1833 tert.
948 1801 1207 1831 F¹01·ent.—151
1229 1801 1356 1838 poscant
1390 1796 1495 1828 Latiis
1522 1796 1677 1826 Florent.

208 1844 297 1875 Latii
320 1844 415 1875 Med.
440 1853 506 1876 sec.
530 1847 650 1875 certant
681 1845 759 1875 Vat.
783 1848 865 1874 tert.
892 1847 1013 1874 certant
1043 1843 1097 1873 vel
1124 1844 1254 1882 poscant
1282 1841 1411 1871 Moret.
1442 1849 1493 1879 pr.
1517 1837 1595 1875 sata
1624 1837 1679 1869 vel

209 1886 301 1918 fustis
340 1887 539 1918 Pric.-——l53
580 1887 740 1917 Obscurus
775 1887 871 1917 Med.
909 1891 992 1917 tert.
1030 1885 1166 1916 Obscure
1196 1884 1326 1915 Thuan.
1365 1881 1465 1913 {urbis
1503 1880 1680 1912 'rhum-

210 1932 272 1960 154
296 1929 494 1960 Abundantii
516 1930 584 1961 inc.
613 1930 735 1961 Heins.
774 1929 937 1961 Abundati
964 1929 1039 1960 Pal.
1061 1927 1157 1958 Med.
1185 1936 1237 1967 pr.
1266 1926 1348 1957 Put.
1378 1925 1463 1956 Lov.
1480 1924 1606 1955 Moret.
1624 1929 1679 1963 pr.

210 1971 352 2002 Abudati
376 1973 459 2004 Var.
486 1973 554 2004 LL.
582 1983 600 2003 e
617 1982 725 2013 marg.
748 1972 864 2004 Parin,
897 1971 1073 2003 Abundatii
1102 1971 1252 2001 Florent.
1281 1968 1348 1999 duo
1375 1965 1606 1999 Med.Ambr.
1626 1974 1680 2005 pr.

210 2014 387 2059 ,fibundacii
405 2015 502 2046 Leid.
518 2025 569 2055 pr.
586 2016 664 2047 Vat.
678 2015 786 2055 quint.
812 2016 908 2046 Rott.
936 2014 1043 2045 Oisel.
1065 2013 1145 2044 Vat.
1164 2017 1246 2044 tert.
1260 2022 1303 2042 m.
1320 2021 1387 2042 sec.
1402 2011 1531 2041 Thuan.
1547 2009 1679 2040 Mazan

212 2057 333 2088 Ambr.
349 2067 417 2089 sec.
443 2057 653 2089 Habundanti
676 2058 759 2089 Vat.
777 2067 845 2090 sec.
861 2059 963 2089 Farn.
979 2057 1075 2088 Prie.
1102 2055 1303 2087 Habundacii
1319 2054 1440 2085 Petav.
1457 2062 1523 2083 sec.
1548 2049 1681 2082 Habuit»

210 2100 291 2130 datii
318 2100 441 2136 Petav.
469 2110 521 2141 pr.
549 2101 646 2132 Leid.
672 2110 740 2132 see.
773 2100 933 2131 anhelanti
956 2105 1023 2131 vet.
1048 2100 1240 2139 Gyr.—l55
1272 2097 1467 2138 primumque
1495 2096 1572 2133 vat,
1598 2098 1679 2124 tert.

213 2142 321 2174 Oisel.
340 2142 453 2174 Oxon.
479 2153 531 2184 pr.
553 2143 674 2176 Ambr.
693 2153 759 2176 sec.
776 2144 907 2175 Mazar.
929 2142 1009 2175 Ald.
1025 2142 1150 2183 Isingr.
1167 2141 1281 2172 Pulm.
1301 2140 1386 2172 Exc.
1403 2138 1502 2170 Laeti.
1521 2137 1683 2179 primoque

878 2227 1019 2260 NOTAE

257 2301 319 2329 146
344 2297 500 2338 strepere]
535 2298 619 2330 Sese
644 2298 770 2329 leniter
793 2299 920 2330 insinu-

215 2359 271 2381 are
300 2349 344 2380 ad
372 2358 470 2380 sacra
499 2348 722 2389 Imperatoris
758 2349 921 2380 mandata

974 2298 1109 2330 Aulam.

1018 2351 1080 2380 154
1103 2344 1306 2386 Abundanti]
1343 2343 1585 2376 Abundantius
1601 2340 1682 2374 Dux

1847 238 1849 242 .
1841 171 1852 231 12—-2
1838 94 1848 163 ou..—

214 2400 428 2441 exeqnenda,
444 2409 539 2430 more
567 2399 690 2440 vulpis,
712 2409 788 2440 quae
806 2403 920 2430 astuta

215 2455 277 2481 est.
324 2450 464 2481 Persius
479 2460 487 2481 ε
513 2451 521 2468 ‘
537 2449 700 2482 Astutam
715 2450 837 2492 vapido
853 2459 921 2481 ser-

217 2511 275 2532 vas
292 2500 355 2531 sub
372 2505 514 2542 pectore
530 2501 692 2543 vulpem!

259 2555 319 2583 151
336 2551 477 2591 cernite,
489 2552 592 2593 quem]
616 2552 726 2585 Quem
741 2552 922 2591 hominem,

216 2601 307 2642 quod
336 2601 481 2632 hominis
519 2606 721 2642 monstrum,
759 2611 920 2643 proceres

216 2656 339 2692 petant
365 2651 553 2684 inscribere
576 2652 611 2683 in
627 2651 725 2684 fastis
742 2652 921 2684 consulum

218 2702 458 2734 Romanorum.

263 2755 324 2783 152
346 2752 446 2793 Ante]
480 2752 673 2796 Antequam
690 2752 861 2794 irreperet
886 2752 920 2784 iu

974 2397 1040 2429 fuit
1076 2396 1302 2433 clarissimus;
1342 2394 1468 2426 Consul
1509 2391 1577 2423 fuit
1603 2400 1682 2422 cum

975 2448 1183 2486 Theodosio,
1207 2444 1377 2487 promovit
1397 2442 1612 2482 Eutropium,
1626 2450 1683 2471 cu·

970 2499 1027 2540 jus
1044 2507 1144 2529 suasu
1169 2500 1292 2537 postea
1308 2494 1351 2526 ab
1370 2492 1520 2525 Arcadio
1535 2491 1684 2531 dignita

976 2549 1066 2580 tibus
1095 2547 1272 2588 spoliatus,
1298 2543 1388 2576 Aula
1422 2543 1563 2584 ejectus,
1593 2539 1685 2571 obiit

976 2599 1101 2631 Sidone
1127 2598 1163 2629 in
1192 2594 1378 2627 Phoenicia.
1434 2593 1557 2634 Sicque
1583 2595 1620 2622 et
1646 2599 1684 2622 se

976 2650 1141 2693 perdidit,
1157 2653 1193 2681 et
1216 2657 1269 2679 res
1292 2645 1469 2684 Orienti83
1505 2644 1585 2675 dum
1602 2640 1685 2674 effe·

977 2701 1039 2741 cit,
1065 2705 1106 2731 ut
1133 2698 1246 2732 omnia
1286 2695 1588 2730 committerentur
1624 2688 1684 2725 isti

976 2755 1140 2784 monstro.
