1857 3177
544 260 607 290 DE
642 260 706 290 lv.
739 256 878 291 CONS.
912 259 1096 290 IIONOR.

84 359 283 409 Munere,
306 359 402 400 sola
434 356 554 398 Deos
577 359 725 410 aequat
747 356 977 397 clementia
995 355 1143 396 nobis.

85 427 186 468 Neu
207 427 337 467 dubie
358 429 592 478 suspectus
613 437 742 477 agas:
775 437 857 464 neu
880 425 1019 464 falsus
1037 423 1211 473 amicis,

85 494 389 536 Rumorumve
411 492 587 533 avidus.
649 492 739 543 Qui
760 492 866 531 talia
886 495 1022 540 curat,
1045 491 1199 531 inanes

85 561 293 602 Horrebit
316 561 538 613 strepituS,
561 561 679 600 nulla
700 572 785 600 non
806 559 963 599 anxius
986 558 1107 599 hora.

84 628 189 670 Non
211 629 275 668 sic
298 628 524 676 excubiae,
547 640 633 667 non
655 626 984 667 circumstantia
1005 627 1114 678 pila,

84 694 232 746 Quam
256 700 420 736 tutatur
440 708 562 735 amor
581 708 590 735 ε
623 707 710 734 non
730 692 1016 745 extorquebis
1037 693 1193 735 amari.

84 763 187 804 Hoc
210 764 374 804 alterna
394 762 518 812 fides,
538 763 620 802 hoc
643 762 833 814 simplex
855 759 994 811 gratia
1015 759 1162 802 donat.

82 829 241 871 Nonne
263 831 402 880 vides,
425 842 607 882 operum
629 841 718 881 quo
740 840 787 867 se
809 827 1125 880 pulcherrimus
1145 826 1217 868 illc

79 959 146 982 cum
161 959 340 989 superemur·
365 958 384 979 a
408 948 483 979 Diis
508 950 539 979 in
562 949 644 979 omm'
662 948 865 986 rirtnte,unc1
881 948 1044 979 clementia
1060 957 1114 978 nos
1141 947 1296 978 assimilat
1324 947 1414 978 Diis.
1460 947 1548 979 Neve

79 993 152 1034 quid
169 991 276 1030 facias
302 992 412 1022 animo
439 991 530 1022 «lubio
559 995 589 1021 et
610 991 783 1031 suspicaci:
806 1001 878 1020 neve
905 991 948 1020 sis
976 992 1139 1021 simulator
1164 990 1394 1029 amicitioe,aut
1419 992 1547 1030 cupidas

80 1037 328 1067 rumusculorum.
380 1034 444 1070 Qui
468 1035 607 1074 sequitur
635 1035 706 1072 ista,
729 1033 851 1063 timebit
878 1043 957 1063 rana
992 1042 1165 1071 murmura,
1192 1033 1348 1072 inquietas
1382 1033 1547 1063 momentis

79 1077 227 1109 omnibus.
274 1078 346 1108 Non
367 1078 414 1108 ita
437 1077 596 1115 custodia»,
614 1087 670 1106 non
696 1077 743 1106 ita
758 1086 844 1106 arma
860 1076 1020 1114 cingentia
1042 1075 1210 1114 defendunt
1231 1075 1438 1114 Principem,
1455 1085 1547 1115 qnam

79 1130 165 1151 arnor·
196 1120 421 1151 subditorum.
469 1120 541 1149 Non
569 1129 657 1157 coges
680 1119 762 1148 alios
789 1118 831 1148 ad
862 1128 997 1148 amorem
1025 1118 1086 1148 tui.
1141 1118 1237 1148 Hunc
1266 1117 1410 1157 fidelitas
1437 1120 1546 1148 malua

76 1163 174 1204 parit,
188 1163 266 1194 hunc
281 1163 416 1193 sincerus
431 1164 554 1193 candor.
585 1164 636 1192 An
652 1171 710 1191 non
725 1160 850 1200 aspicis,
867 1170 924 1200 qua
940 1160 1099 1191 concordia
1116 1162 1247 1191 mundus
1264 1161 1315 1190 ille
1331 1159 1548 1190 amatissima&

697 1250 935 1262 eeeeeeeeeeee

80 1308 134 1340 Sic
149 1309 250 1340 Farn.
268 1312 303 1339 et
317 1309 383 1339 inc.
399 1309 517 1339 Heius.
533 1307 652 1344 infutis
669 1307 761 1338 Prie.
779 1308 865 1338 Exc.
882 1307 981 1337 Voss.
998 1305 1154 1345 imprimis
1173 1305 1294 1335 Heius.
1313 1304 1421 1335 Gesn.
1439 1310 1474 1334 et
1492 1303 1548 1334 ed.

80 1353 326 1392 Emona—278
354 1351 520 1381 Necdubz'e
537 1351 612 1380 Pal.
631 1350 726 1380 Med.
744 1359 793 1390 pr.
832 1349 882 1379 Ne
898 1349 978 1380 Jun.
997 1357 1047 1388 pr.
1072 1347 1166 1377 Leid.
1185 1357 1254 1377 sec.
1275 1347 1339 1377 inc.
1355 1346 1474 1376 Heius.
1513 1355 1550 1376 ne

71 1393 177 1432 salsus
193 1393 286 1424 Prie.
304 1394 385 1423 Lov.
401 1394 482 1425 Jun.
498 1392 593 1423 Leid.
611 1393 710 1423 Voss.
734 1392 854 1422 amicus
870 1392 1059 1421 Pan-279
1077 1389 1260 1420 munerisve
1280 1390 1362 1419 Vat.
1380 1398 1431 1428 pr.
1449 1388 1550 1418 currit

79 1436 132 1468 ed.
143 1436 364 1467 Viam—281
389 1436 504 1466 Necsic
515 1435 595 1465 Vat.
607 1444 673 1466 sec.
690 1434 762 1465 Pal.
778 1434 872 1465 Meu.
884 1444 934 1473 pr.
948 1438 983 1464 et
994 1437 1106 1474 quart.
1131 1442 1191 1462 non
1203 1431 1440 1462 circumstantia
1453 1430 1550 1461 sede-

80 1479 144 1510 cim
156 1478 288 1519 scripti,
304 1479 387 1509 Var.
403 1478 751 1517 LL.e1narg.Parm.
775 1487 830 1507 nec
844 1477 911 1507 dno
928 1477 1008 1506 Vat.
1026 1476 1102 1506 Pal.
1117 1475 1217 1506 Farn.
1241 1475 1306 1514 pila
1319 1474 1372 1504 vel
1386 1475 1447 1504 tela
1461 1474 1549 1512 Reg.

78 1524 185 1552 -282
209 1524 330 1552 tutetur
347 1522 426 1552 l'ut.
442 1521 636 1561 extorquebit
653 1520 748 1551 Med.
767 1522 987 1560 quarn—283
1016 1519 1094 1549 [hec
1108 1518 1230 1548 alterna
1248 1518 1326 1547 Vat.
1344 1526 1394 1556 pr.
1431 1519 1550 1546 (eterna

79 1564 289 1605 conjiciebat
306 1564 426 1595 Heius.
461 1565 591 1604 supplex
607 1564 733 1594 Moret.
752 1572 820 1593 sec.
856 1563 960 1601 gloria
980 1561 1076 1592 Med.
1100 1563 1275 1591 sest—281
1299 1569 1354 1600 qao
1370 1569 1402 1590 se
1417 1559 1549 1589 Tbuan.

80 1607 201 1638 Petav.
233 1611 313 1637 tert.
343 1607 436 1638 Med.
465 1612 577 1647 quart.
603 1610 639 1637 et
665 1607 712 1637 sic
740 1606 878 1645 legebat
905 1605 1027 1635 Heins.
1064 1603 1161 1644 quise
1177 1604 1259 1633 Vnt.
1276 1613 1329 1642 pr.
1348 1602 1447 1632 Farn.
1466 1601 1550 1632 Lov.

79 1650 160 1682 Jun.
178 1659 230 1689 pr.
248 1648 361 1679 Oxou.
379 1659 428 1689 pr.
467 1651 544 1689 quod
567 1659 599 1679 se
623 1649 678 1679 alii
697 1658 819 1687 magno
846 1657 999 1686 numero,
1026 1647 1112 1678 Exc.
1136 1646 1280 1677 Gevart.
1308 1646 1454 1675 Lucens.
1482 1652 1549 1674 sec.

80 1693 177 1724 Voss.
205 1692 271 1723 Ms.
299 1692 410 1722 Pnlnl.
426 1692 508 1723 Var.
527 1692 593 1722 LL.
610 1701 628 1721 e
645 1701 750 1729 marg.
768 1692 884 1722 Parm-
911 1696 947 1722 et
973 1690 1093 1721 Sched.
1111 1688 1202 1720 Gna.
1240 1689 1319 1728 qnod
1335 1697 1394 1717 non
1410 1686 1550 1717 Tholos.

76 1735 302 1778 pulcherrimus
326 1734 379 1766 ille
408 1734 504 1766 Med.
529 1738 640 1778 quart.
666 1735 746 1766 Put.
772 1734 900 1766 Moret.
927 1743 980 1776 pr.
1013 1734 1073 1764 iste
1097 1732 1177 1763 Pat.
1213 1733 1276 1772 ipse
1300 1730 1420 1761 decern
1437 1728 1551 1760 alii.—

747 1837 890 1869 NOTAE

122 1915 187 1945 276
212 1913 306 1955 Pius]
348 1913 536 1953 Gregorius
565 1912 789 1942 Thaumatur-

81 1975 142 2005 gns
156 1976 165 1996 ι
189 1965 349 2000 εὐσέβειαν
367 1964 485 2004 μητέρα
505 1963 582 2003 φασὶ
597 1965 657 1993 τῶν
673 1963 788 2003 ἀρετῶν

80 2014 172 2055 ὀρθῶς
185 2014 348 2053 λέγοντεςε
372 2015 525 2045 Pietatem
538 2017 666 2044 matrem
679 2014 787 2043 (licum

79 2067 244 2103 virtutum,
258 2067 308 2105 qni
325 2069 405 2095 recte
421 2064 539 2095 dicunt.

123 2119 186 2148 ’377
213 2115 400 2154 Clementia]
428 2117 436 2132 ‘
460 2116 594 2146 Pietate
619 2119 654 2144 et
683 2113 788 2145 Justi-

81 2166 128 2198 tia
144 2166 323 2206 Principes
343 2166 398 2195 Di·
425 2164 534 2194 fiunt!
579 2165 710 2194 Seneca
728 2172 788 2203 pro

80 2226 227 2258 persona
244 2215 403 2252 Augusti.
428 2218 436 2231 ⁴
454 2213 613 2244 Animum
642 2214 790 2250 vincere,

78 2267 291 2299 iracundiam
308 2266 482 2303 cohibere,
507 2269 573 2295 «sic.
622 2265 708 2295 Haec
732 2264 789 2305 qui

79 2317 200 2358 faciat,
211 2327 276 2348 non
291 2327 353 2357 ego
367 2327 442 2347 cum
457 2315 595 2346 summis
608 2315 688 2346 viris·
701 2324 789 2345 com-

81 2379 176 2411 paro,
207 2369 266 2399 sed
307 2368 511 2398 simillimum
539 2367 617 2404 Deo
643 2364 788 2406 judico!

82 2421 215 2453 Cicero.

124 2474 188 2503 278
211 2472 315 2503 Dubia
329 2468 501 2511 suspectus]
526 2470 555 2500 N
562 2478 580 2500 e
609 2467 788 2507 indulgeas

81 2524 331 2564 suspicionibus
359 2522 495 2559 dubiis;
521 2530 561 2551 ne
592 2519 713 2550 eredas
735 2528 787 2548 ca-

81 2573 228 2611 lumniis‚
255 2578 319 2604 &cn
367 2572 480 2613 Ipsam
514 2569 787 2601 maledicentiam

82 2631 243 2663 sprevere
283 2624 412 2661 Caesar,
448 2621 633 2662 Angustus,
663 2623 699 2650 et
730 2618 788 2649 alii

82 2673 193 2711 magni
208 2673 400 2714 Principes.

125 2722 237 2754 Falsus
248 2722 372 2762 amicis]
397 2723 449 2753 Ne
464 2722 600 2753 simules
618 2726 652 2752 te
664 2729 789 2759 amare,

82 2782 126 2805 ne
142 2772 295 2813 decipias
310 2773 442 2804 amicos.

124 2825 190 2858 280
212 2822 385 2863 AnximJ‘
404 2823 464 2856 Dii
487 2823 662 2864 Deaeque!
686 2830 788 2863 quam

843 1910 930 1941 male
967 1913 1021 1940 est
1055 1911 1154 1939 extra
1192 1907 1301 1946 legem
1336 1903 1525 1936 viventibus
1541 1904 1548 1935 2

843 1961 933 2003 quod
952 1961 1057 1991 semel
1070 1962 1266 1991 meruerunt
1281 1965 1413 1997 semper
1425 1965 1549 1996 expec-

844 2011 941 2042 tant!
980 2009 1174 2040 Petronius.

887 2065 949 2093 282
964 2061 1076 2100 Amor]
1095 2061 1103 2076 ‘
1118 2060 1223 2090 Amor
1234 2057 1459 2097 subditorum,
1476 2067 1548 2088 mn-

844 2123 899 2143 rns
922 2110 1094 2142 aheneus.’
1141 2109 1181 2140 111
1209 2109 1332 2149 sapius
1361 2108 1549 2148 usurpabat

845 2162 1038 2193 Ludovicns
1056 2169 1120 2190 ΧΠ.
1137 2159 1252 2199 populi
1272 2163 1382 2198 pater.

887 2215 948 2242 283
973 2207 1211 2249 Alter-uastam]
1236 2207 1341 2238 Amor
1358 2209 1496 2237 mutuus
1513 2210 1549 2237 et

845 2262 991 2293 fidelitas
1019 2261 1206 2300 reciproca.
1241 2259 1338 2297 ‘Ego
1367 2256 1429 2287 tibi
1456 2265 1549 2287 mon-

845 2313 961 2344 strabo
977 2311 1191 2347 amatofium,
1204 2309 1274 2339 sine
1289 2306 1550 2346 medicamenm,

820 2361 912 2393 'sine
938 2362 1055 2399 herba,
1081 2362 1150 2391 sine
1175 2359 1273 2390 ullius
1297 2355 1456 2387 veneficae
1473 2365 1549 2387 car-

843 2415 943 2445 mine.
989 2413 1022 2443 Si
1041 2413 1089 2442 vis
1108 2410 1225 2447 amari,
1238 2407 1336 2438 ama!
1361 2408 1503 2437 Seneca.

885 2464 1027 2504 Simplex
1040 2460 1163 2502 gratia]
1199 2457 1404 2498 Simplicitas
1421 2461 1457 2487 et
1470 2465 1547 2488 can-

843 2515 916 2553 dor,
939 2525 1014 2555 qua:
1039 2512 1224 2544 conciliant
1240 2517 1386 2540 amorem
1411 2511 1446 2538 et
1471 2516 1546 2547 gra-

843 2567 924 2597 tiam
942 2574 1101 2596 omnium.

883 2618 946 2647 284
966 2617 1073 2646 Nonne
1087 2613 1184 2652 rides]
1210 2611 1262 2642 Λιι
1281 2619 1345 2640 non
1360 2609 1454 2640 vides
1467 2617 1546 2649 qno-

842 2667 942 2699 modo
960 2665 1103 2696 mundus
1130 2664 1185 2694 ille
1210 2659 1454 2702 pulcherrimus
1471 2667 1547 2699 par-

844 2724 894 2750 tes
910 2727 1026 2748 omnes
1042 2725 1117 2746 snas
1142 2713 1326 2751 contineat,
1352 2710 1445 2740 velut
1468 2718 1547 2750 qno-

843 2769 920 2799 dam
937 2767 1060 2798 amoris
1075 2770 1111 2796 et
1127 2761 1318 2795 concordia:
1335 2760 1471 2792 vinculo
1495 2758 1546 2792 iu·

843 2822 897 2851 ter
913 2827 948 2850 se
965 2814 1192 2857 conjunctas?
