1842 3193
261 218 316 257 58
837 228 1146 259 ἰἘΒΤιΜοΝιΑ

434 323 533 375 Quo
557 325 649 365 Nili
670 326 845 365 alumna
863 326 924 365 nil
945 325 1169 365 venustius
1185 323 1340 376 jactat,

433 391 580 444 Lagea
601 392 746 441 tellus,
767 392 1011 443 civitasque
1035 388 1293 438 Alexandri,

432 460 535 500 Sive
559 472 679 499 arma
701 459 860 506 verbis,
883 461 1017 508 atque
1037 456 1222 495 adoreas
1245 456 1390 508 magni

433 526 596 566 Herois
618 530 781 578 aequat,
805 525 934 577 inque
956 523 1090 563 laude
1107 523 1278 563 virtutis

432 593 618 634 Pulchre
641 596 900 645 occupatus,
923 591 1034 631 tollit
1054 590 1249 630 indolem
1268 589 1473 644 Augusti,

433 660 623 701 Infantis
646 659 808 708 altam}
839 661 917 699 &Q

325 770 545 811 Gerardus
567 771 595 811 J
601 783 766 811 oannes
788 769 1000 818 Vossius,
1019 768 1073 809 de
1096 768 1255 809 Poe'tis
1278 768 1466 818 Latinis,
1489 781 1588 823 cap.
1610 769 1654 810 4.

319 861 330 878 ‘
352 858 623 899 Claudianus
644 857 783 898 Poeta
804 858 950 910 magni
972 858 1170 911 spiritus,
1193 859 1250 898 ab
1272 856 1467 898 Arcadio
1494 862 1536 898 et
1560 857 1721 899 Hono-

260 927 324 967 rio
347 930 538 967 statuam
559 927 714 966 meruit
735 928 778 966 in
797 926 917 966 Foro
943 925 1177 967 Romano?

261 1046 560 1088 Malherbaeus
602 1052 647 1086 et
686 1046 908 1095 Hallaeus,
955 1046 1140 1086 Cadomi
1177 1051 1223 1086 et
1254 1046 1481 1087 Literariae
1522 1045 1719 1099 Reipub.

762 1113 1009 1153 clarissima
1032 1114 1209 1152 lumina.

316 1201 641 1242 Malherbaeum
670 1200 795 1241 illum
828 1200 1085 1254 Lyricorum
1108 1200 1268 1242 Galliae
1291 1205 1454 1242 nostrae
1480 1201 1721 1244 Poetarum

256 1271 386 1311 facile
411 1269 655 1322 principem
678 1268 827 1308 dicere
849 1269 1025 1309 solitum
1043 1270 1318 1322 accepimus,
1339 1283 1385 1309 se
1410 1270 1567 1310 crebra
1588 1269 1721 1310 Clau-

257 1337 372 1378 diani
396 1337 588 1377 lectione
605 1336 838 1385 delectari,
862 1349 997 1390 seque
1026 1349 1082 1376 ex
1113 1337 1196 1377 hoc
1230 1336 1391 1386 Poeta,
1423 1341 1632 1390 tanquam
1662 1350 1721 1378 ex

256 1405 480 1445 uberrimo
510 1402 648 1451 fonte,
683 1415 857 1456 semper
877 1404 1045 1443 haurire
1081 1403 1248 1456 aliquid
1284 1405 1584 1454 consuevisse,
1603 1404 1721 1444 unde

256 1472 465 1525 praeclare
487 1469 697 1522 cogitatis
719 1470 827 1510 foret
842 1470 1106 1511 soecundior.
1169 1470 1223 1511 Id
1246 1484 1272 1511 a
1291 1471 1569 1511 nobilissimo
1603 1470 1720 1512 Mal-

255 1540 429 1580 herbaeo
451 1538 618 1590 saepius
652 1550 700 1577 se
729 1537 958 1577 audivisse
977 1537 1229 1587 dictitabat,
1253 1538 1456 1591 idemque
1477 1538 1718 1588 sentiebat,

257 1607 320 1646 vir
358 1606 632 1646 clarissimus
673 1604 894 1645 Antonius
927 1605 1150 1654 Hallaeus,
1189 1619 1390 1645 summus
1426 1609 1467 1645 et
1504 1605 1646 1646 Poeta
1675 1608 1720 1646 et

257 1673 430 1722 Orator,
450 1678 493 1713 et
520 1673 621 1712 dum
654 1673 835 1721 viveret,
864 1673 1003 1712 nostri
1036 1672 1115 1712 lux
1150 1673 1291 1725 prima
1325 1671 1476 1726 Lycei.
1538 1671 1718 1713 Talium

254 1741 447 1781 virorum
481 1741 647 1780 illustre
684 1740 979 1780 testimonium
1012 1753 1092 1793 pro
1114 1741 1321 1781 coronide
1344 1739 1621 1793 adjiciemus,
1653 1739 1734 1780 idm

255 1821 338 1862 que
362 1808 567 1848 omisisse
590 1809 814 1861 piaculum
838 1821 940 1848 esse
964 1808 1238 1848 duceremus.
1542 1844 1545 1848 .

312 1875 561 1929 Sequuntur
583 1876 895 1929 Inscriptiones
925 1876 1027 1916 duae
1061 1876 1215 1916 honori
1248 1875 1508 1915 Stilichonis
1537 1876 1715 1928 positae,

254 1956 436 1996 quarum
457 1945 499 1983 in
521 1944 682 1984 nostris
706 1942 1074 1984 Annotationibus
1095 1944 1256 1983 mentio
1277 1941 1398 1983 facta
1420 1953 1501 1984 est.

255 2052 407 2093 Prima
440 2052 681 2106 Inscriptio
715 2058 890 2105 reperta
919 2052 1079 2093 Romae
1112 2053 1157 2092 in
1191 2053 1292 2093 basi
1322 2066 1569 2094 marmorea
1602 2067 1721 2107 prae-

869 2120 1036 2171 grandi.

742 2196 812 2235 Fl.
836 2196 1079 2245 Stilichoni,
1102 2197 1159 2236 V.
1175 2196 1227 2236 C.

313 2278 325 2296 ‘
350 2275 418 2316 Fl.
443 2274 673 2316 Stilichoni
708 2274 1005 2315 illustrissimo
1029 2275 1137 2323 viro,
1163 2274 1383 2326 Magistro
1406 2278 1608 2329 equitum
1637 2291 1715 2331 pe-

255 2344 503 2396 ditumque,
537 2341 700 2383 Comiti
724 2342 1090 2391 Domesticorum,
1114 2342 1311 2383 Tribuno
1349 2343 1638 2395 Praetoriano,
1671 2349 1717 2387 et

252 2413 307 2452 ab
330 2411 505 2451 ineunte
528 2414 659 2450 aetate
680 2423 759 2463 per
777 2409 936 2462 gradus
964 2410 1225 2451 clarissimae
1243 2411 1410 2452 militiae
1431 2413 1483 2451 ad
1509 2412 1714 2453 columen

253 2479 403 2532 gloriae
443 2479 715 2531 sempiternae
739 2486 780 2518 ct
801 2478 957 2529 Regiae
992 2478 1214 2518 affinitatis
1249 2482 1418 2527 evecto,
1459 2480 1711 2531 i’rogenero

252 2548 359 2589 Divi
380 2546 635 2595 Theodosii,
653 2546 816 2586 Comiti
840 2546 944 2586 Divi
967 2546 1208 2586 Theodosii
1230 2546 1420 2598 Augusti
1443 2548 1483 2586 in
1508 2547 1712 2588 omnibus

250 2616 375 2657 bellis
407 2620 538 2668 atque
562 2615 770 2663 victoriis,
794 2620 836 2654 et
857 2616 912 2653 ab
941 2628 992 2653 eo
1014 2616 1054 2653 iu
1084 2613 1339 2654 affinitatem
1368 2614 1557 2667 Regiam
1577 2626 1712 2668 coop-

252 2687 363 2732 tato,
383 2683 573 2736 itemque
596 2694 748 2722 socero
782 2681 841 2722 D.
865 2681 924 2721 N.
960 2681 1148 2721 Honorii
1183 2679 1390 2733 Augusti,
1427 2680 1583 2722 Africa
1602 2693 1710 2723 con-

255 2750 368 2791 siliis
390 2751 487 2804 ejus
509 2754 553 2790 et
572 2749 826 2803 provisione
846 2749 1048 2798 liberata,
1070 2762 1129 2790 ex
1150 2747 1196 2790 S.
1217 2748 1281 2790 C.'
