1852 3193
275 206 361 250 386
744 215 818 246 CL.
851 211 1134 244 enAumANl
1170 210 1257 242 xv.

275 311 387 353 Post
406 315 575 365 patrem
596 309 860 361 fratremque
880 306 1044 359 paras?
1076 305 1156 346 sed
1175 319 1331 359 magna
1347 305 1565 360 rependit,

274 379 418 434 Inque
440 383 558 420 tuam
581 381 743 418 sortem
763 386 1018 414 numerosas
1038 373 1259 414 transtulit
1278 374 1429 414 urbes.

275 447 394 499 Ergo
417 447 485 487 sas
507 445 649 500 pretio
672 442 831 484 cedet?
864 441 1060 482 mercede
1082 441 1275 494 placebit

277 515 480 556 Seditio'?
512 517 654 562 taceo,
675 510 772 552 laesi
792 509 911 563 quod
933 508 1161 560 transfuga
1181 508 1345 558 fratris,

277 581 413 631 Quod
434 582 543 623 levis
566 580 754 633 ingenio.
813 576 1031 628 Quamvis
1054 575 1309 616 discrimine
1330 587 1501 616 summo

276 650 483 691 Proditor
506 651 711 703 apportet
730 658 947 699 suspensa
966 647 1107 685 morte
1129 644 1330 693 salutem,

278 717 512 771 Nusquam
535 721 681 770 gratus
704 715 798 756 erit.
858 714 1135 755 Damnamus
1164 712 1264 753 luce
1284 715 1459 765 reperta

1657 439 1744 481 260

273 834 417 883 portento
436 844 507 881 post
529 844 652 881 patrem
678 844 709 872 et
726 840 892 879 fratrem?
936 841 981 872 At
1008 850 1080 871 vero
1109 840 1212 871 Gildo
1234 839 1339 870 reddit
1366 848 1491 878 magna,
1518 840 1548 869 et
1574 836 1749 868 transmisit

276 886 373 915 multa
388 885 500 925 oppida
516 886 548 914 in
564 887 649 914 tuam
663 887 797 923 partem.
842 885 992 924 AEquitas
1018 885 1120 923 igitur
1145 883 1287 914 vincetur
1308 879 1472 912 mercede?
1516 880 1658 922 Perfidia
1680 881 1748 919 pla-

276 928 357 958 cebit
370 928 412 958 ob
428 936 554 957 munera
566 925 582 957 ,⁹
627 927 724 965 Sileo,
740 927 818 966 quod
833 926 892 957 iste
906 927 950 956 sit
976 928 1114 956 desertor
1130 926 1249 963 fratris
1274 925 1323 955 tui
1347 924 1472 966 offensi,
1489 925 1566 963 quod
1585 924 1630 954 sit
1645 923 1750 952 incon-

274 970 374 1000 stanti
386 970 498 999 indole.
546 969 684 999 Etiamsi
710 973 825 998 tamen
846 968 983 1009 perfidus
1009 969 1074 998 iste
1099 969 1222 1007 ingenti
1246 978 1322 998 cum
1347 967 1483 1007 periculo
1509 965 1625 1006 afferat
1651 965 1750 995 vitam

276 1011 528 1053 quaefluctuabat
544 1012 578 1041 in
593 1015 704 1050 morte,
717 1020 873 1051 nunquam
888 1010 1130 1048 eritjucundus:
1152 1010 1219 1040 rita
1234 1010 1380 1041 restituta
1396 1010 1631 1040 condemnamus
1642 1007 1750 1048 prodi-

900 1101 1094 1114 eeetaeeae‘ee
1100 1100 1137 1112 ee

275 1166 375 1197 calcat
399 1166 500 1196 Farn.
517 1165 616 1196 calcat
632 1165 687 1195 vel
703 1167 836 1205 temptat
853 1163 949 1195 Prie..
972 1164 1102 1194 reddere
1117 1162 1214 1193 Leid.
1231 1172 1282 1202 pr.
1307 1161 1365 1192 tali
1376 1161 1548 1200 subjudice
1562 1161 1751 1194 Pan-258

269 1209 407 1248 fratrem
420 1211 603 1248 patremque
627 1207 693 1239 duo
723 1207 816 1238 Med.
854 1210 1042 1246 matremque
1065 1206 1120 1236 vel
1139 1205 1337 1245 fratremque
1364 1205 1493 1236 Moret.
1521 1214 1575 1245 pr.
1611 1204 1755 1244 rependis

278 1251 372 1283 Med.
393 1253 583 1282 tem—259
606 1254 676 1281 tuas
690 1256 788 1281 sortes
804 1250 871 1280 duo
887 1250 984 1280 Vatt.
1011 1249 1099 1288 Reg.
1117 1249 1238 1280 Petav.
1267 1258 1317 1287 pr.
1354 1248 1475 1278 addicit
1499 1257 1563 1287 pro
1589 1246 1754 1278 transtulit

277 1295 359 1325 Vat.
376 1296 600 1334 quart.-·260
623 1304 708 1324 mens
725 1292 851 1334 prosas
867 1291 961 1323 Med.
983 1294 1205 1333 quarn—261
1231 1290 1352 1321 seditio
1368 1290 1434 1321 duo
1458 1290 1555 1321 Vatt.
1579 1289 1669 1330 Reg.
1686 1290 1753 1321 inc.

278 1337 400 1368 Heins.
417 1337 498 1366 Var.
513 1336 584 1367 LL.
599 1346 617 1366 e
632 1346 739 1376 marg.
753 1336 870 1366 Parm.
898 1335 1040 1365 Proditio
1058 1334 1176 1366 Heius.
1194 1334 1299 1365 Gesu.
1317 1338 1352 1364 et
1369 1333 1422 1365 ed.
1439 1333 1581 1373 Bipont.
1605 1332 1753 1363 Proditio

277 1380 333 1411 vel
349 1379 472 1410 Sedato
484 1380 564 1410 Vat.
582 1389 633 1419 pr.
652 1379 778 1410 Petav.
795 1389 847 1418 pr.
868 1378 970 1418 patris
998 1377 1095 1409 Leid.
1122 1387 1172 1418 pr.
1199 1377 1322 1407 Petav.
1341 1386 1409 1407 sec.
1429 1376 1524 1406 Med.
1543 1379 1621 1406 tert.
1639 1375 1754 1406 Oxou.

279 1432 331 1463 pr.
348 1421 468 1452 Ambr.
487 1426 568 1453 tert.
595 1423 681 1461 Reg.
709 1422 838 1452 Thuan.
861 1422 998 1451 Tholos.
1027 1425 1095 1451 tres
1122 1420 1219 1450 Vatt.
1245 1419 1365 1458 fratris
1391 1420 1445 1450 vel
1471 1419 1574 1458 patris
1595 1419 1675 1449 Vat.
1701 1427 1755 1458 pr.

278 1466 382 1496 Farn.
397 1465 491 1495 Prie.
509 1464 605 1496 Med.
635 1475 686 1505 pr.
705 1465 828 1495 Petav.
846 1474 895 1504 pr.
922 1465 1003 1495 Lov.
1022 1464 1103 1494 item
1131 1463 1258 1493 Moret.
1276 1464 1434 1502 ιιι-263
1458 1464 1586 1502 apparet
1601 1461 1682 1492 Vat.
1701 1469 1754 1501 pr.

278 1518 324 1539 ιιι.
339 1517 392 1548 pr.
410 1508 504 1539 Prie.
528 1517 673 1546 suspensa
690 1517 766 1538 cum
784 1508 908 1547 glossa,
933 1507 955 1538 i.
969 1516 995 1538 e.
1010 1507 1109 1537 dilata
1125 1506 1275 1536 Florent.
1294 1515 1369 1536 cum
1384 1505 1503 1536 decem
1519 1504 1606 1535 aliis.
1629 1513 1755 1543 suspen-

277 1560 344 1580 sum
360 1549 478 1581 Ambr.
495 1560 562 1582 sec.
585 1551 642 1591 qui
667 1554 703 1581 et
721 1551 828 1580 Marte
844 1560 906 1590 pro
922 1552 1019 1580 morte
1035 1549 1191 1580 exhibet.
1213 1550 1278 1579 luce
1298 1548 1353 1579 vel
1368 1551 1466 1578 morte
1478 1547 1608 1577 Thuan.
1631 1555 1755 1586 suspen-

278 1602 345 1622 sam
361 1592 485 1632 probat
504 1593 733 1623 Heius—264
760 1593 922 1632 Nusquam
938 1592 1035 1623 Leid.
1052 1602 1105 1632 pr.
1141 1593 1318 1631 Numquam
1347 1592 1465 1621 decem
1487 1590 1555 1621 alii.
1587 1590 1756 1629 Nunquam

281 1636 387 1666 Gesn·
404 1635 458 1665 ed.
475 1635 615 1675 Bipont.
632 1635 769 1674 Kcenig.
783 1635 889 1672 justus
911 1644 973 1674 pro
987 1638 1100 1673 gratus
1116 1635 1197 1664 Var.
1215 1634 1285 1664 LL.
1303 1633 1356 1664 ed.
1375 1633 1481 1664 Antv.
1503 1635 1628 1672 reperta
1645 1631 1757 1662 Oxou.

280 1687 334 1718 pr.
370 1680 493 1718 recepta
513 1681 584 1709 vet.
610 1677 697 1717 Gyr.
722 1677 820 1708 Med.
839 1681 921 1708 tert.
938 1677 1019 1708 Put.
1034 1676 1160 1707 Petav.
1186 1681 1266 1706 tert.
1304 1679 1430 1715 reperta
1446 1676 1499 1706 vel
1513 1677 1637 1705 retenta
1658 1673 1755 1707 Prie·

946 1800 1090 1832 NOTAE

282 1875 468 1915 Fufetium,
485 1875 494 1892 ί
511 1876 692 1917 religatum
709 1876 800 1907 inter
817 1876 902 1907 duos
918 1885 993 1907 cur-

281 1936 349 1967 rus,
376 1926 572 1967 pernicibus
596 1927 692 1967 equis
720 1926 901 1958 distraxit:
935 1927 994 1958 Al-

282 1977 428 2018 bamque
456 1976 575 2017 ipsam,
611 1978 765 2018 quamvis
802 1981 995 2018 parentem,

284 2027 440 2058 aemulam
454 2031 579 2068 tamen,
594 2028 721 2059 diruit?
738 2028 870 2059 Florus.
887 2030 895 2044 ⁶
907 2029 994 2069 Rap-

282 2077 446 2118 tabatque
474 2078 538 2108 viri
561 2079 733 2110 mendacis
759 2079 891 2110 viscera
914 2080 995 2110 Tul-

284 2128 336 2158 lus
366 2127 437 2158 Per
463 2128 606 2167 sylvam,
629 2134 663 2159 et
693 2130 802 2169 sparsi
831 2130 995 2161 rorabant

285 2176 448 2216 sanguine
465 2177 607 2216 vepres!
644 2179 820 2218 Virgilius.

280 2236 283 2238 ’
328 2228 393 2256 ‘258
416 2226 494 2256 Post
507 2229 629 2265 patrem
648 2226 861 2269 fratremque]
899 2231 993 2263 Quos

285 2275 389 2306 Gildo
401 2274 538 2314 fefellit,
553 2277 667 2307 elusit.

329 2325 391 2357 Sed
415 2325 545 2367 magna]
583 2327 769 2367 Objicitur‚
799 2330 859 2359 sed
893 2330 994 2361 Gildo

286 2377 400 2409 reddit
413 2376 564 2408 Arcadio
574 2387 714 2418 magnas
727 2378 840 2417 urbes,
856 2384 891 2410 et
902 2379 995 2411 Afri-

288 2438 364 2460 cam
391 2428 497 2469 ipsam
526 2428 681 2459 Honorio
708 2434 862 2469 ereptam
894 2436 996 2470 parat

287 2478 354 2519 ipsi
372 2478 518 2510 tradere.
564 2479 670 2511 Quasi
683 2488 765 2509 vero
789 2479 823 2509 id
840 2479 997 2519 proditor

288 2528 435 2560 faceret.

331 2582 395 2610 260
420 2579 586 2619 Ergofas]
611 2579 819 2620 Responsio:
845 2589 928 2620 ergo
945 2579 994 2611 fas

287 2640 348 2661 seu
376 2631 521 2671 aequitas
544 2631 700 2661 vincetur
721 2630 906 2661 mercede?
950 2632 996 2662 Et

288 2680 443 2721 placebit
459 2680 603 2721 perfidia
619 2681 661 2712 ob
677 2681 759 2713 talia
774 2683 937 2712 munera?

331 2733 393 2762 261
441 2731 587 2772 Fratris]
652 2732 820 2763 Deseruit
855 2732 998 2765 fratrem

290 2784 397 2824 tuum,
413 2781 508 2823 cujus
525 2786 600 2814 erat
620 2782 738 2814 cliens.

1091 1878 1154 1906 263
1169 1874 1333 1914 Salutem]
1368 1874 1443 1905 Etsi
1473 1873 1515 1904 de
1543 1874 1684 1914 honore,
1713 1873 1757 1905 de

1050 1925 1216 1966 Imperio,
1235 1925 1277 1956 de
1295 1925 1365 1956 vila
1380 1924 1626 1966 periclitemur,
1643 1928 1758 1955 tamen

1049 1986 1115 2007 non
1132 1976 1248 2016 placet
1263 1976 1367 2015 salus,
1386 1985 1484 2017 quam
1500 1975 1658 2006 attulerit
1681 1983 1761 2016 pro·

1050 2026 1150 2058 ditor.

1092 2078 1276 2118 Suspensum
1292 2076 1437 2116 salutem]
1469 2075 1568 2107 Salus
1592 2084 1670 2117 quae
1686 2083 1756 2105 sus-

1046 2138 1157 2169 pensa
1188 2128 1232 2159 sit
1264 2132 1300 2159 et
1333 2128 1478 2167 incerta,
1511 2137 1588 2168 quae
1619 2126 1759 2157 vacillat

1049 2179 1149 2210 modo
1166 2188 1286 2210 casura
1301 2182 1412 2209 morte
1439 2177 1674 2218 impendente,
1690 2185 1759 2207 non

1048 2229 1177 2269 placet,
1191 2229 1218 2259 si
1236 2228 1393 2269 proditor
1410 2238 1484 2258 eam
1501 2226 1630 2258 afferat.

1092 2282 1155 2310 264
1178 2278 1388 2318 Damnamus]
1412 2279 1482 2310 Nos
1497 2277 1661 2309 certiores
1676 2276 1760 2307 facti

1050 2329 1178 2367 salutis,
1196 2329 1239 2360 de
1257 2339 1324 2370 qua
1337 2328 1647 2370 desperaverimus,
1667 2327 1759 2357 dam-

1049 2383 1169 2410 namus
1187 2383 1301 2410 tamen
1329 2389 1418 2419 eum,
1444 2379 1501 2420 qui
1527 2388 1586 2409 nos
1615 2376 1761 2418 perfidia

1051 2430 1164 2470 aliqua
1194 2440 1213 2460 a
1241 2429 1396 2470 periculo
1428 2428 1607 2459 liberavit:
1642 2428 1760 2467 placet

1050 2480 1140 2509 enim
1165 2479 1346 2519 aliquando
1374 2477 1529 2518 perfidia,
1545 2486 1680 2517 semper
1697 2478 1762 2508 dis-

1050 2529 1156 2568 plicet
1172 2528 1335 2569 perfidus.
1381 2528 1556 2568 Augustus
1570 2528 1661 2568 apud
1680 2528 1761 2559 Plu-

1051 2579 1219 2618 tarchum,
1235 2579 1296 2618 ἐγὼ
1321 2578 1489 2619 προδοσίαν
1502 2580 1595 2619 φιλῶ,
1609 2578 1761 2619 προδότας

1052 2630 1105 2660 οὐκ
1121 2630 1233 2660 ἐπαινῶ
1248 2641 1255 2660 ;
1273 2640 1329 2669 ego
1342 2630 1549 2671 proditionem
1564 2640 1644 2670 amo,
1655 2630 1761 2670 prodi-

1051 2684 1132 2712 tores
1147 2691 1206 2712 non
1218 2682 1321 2712 laudo.
1366 2681 1547 2721 Philippus
1560 2680 1758 2723 prodituros

1052 2731 1200 2773 amabat,
1212 2741 1278 2763 non
1295 2731 1502 2774 proditores.
