1852 3193
236 183 318 226 164
747 189 821 219 ci..
854 185 1133 218 anuniAui
1168 186 1209 213 ve

234 289 414 332 Parcite
435 286 660 340 contiguo,
679 284 869 326 Rufinus
891 279 1110 337 praecipit,
1132 279 1265 320 hosti.

292 357 381 398 His
402 356 554 405 dictis,
571 367 722 396 omnes
746 365 832 392 una
853 351 1065 391 fremuere
1087 347 1273 400 manipli
1291 360 1301 388 ε

236 427 464 478 Quantum
484 437 572 465 non
594 422 711 463 Italo
733 431 942 473 percussa
963 417 1182 457 Ceraunia
1201 416 1337 456 fluctu
1357 428 1367 456 :

236 494 465 546 Quantum
485 504 574 532 non
593 487 779 530 madidis
799 487 908 527 elisa
931 484 1124 526 tonitrua
1145 483 1273 525 Coris
1293 498 1303 524 ε

234 562 502 613 Secernique
523 560 698 610 negant,
718 559 961 608 ereptaque
985 553 1142 607 praelia
1158 556 1380 606 poscunt3

235 629 544 682 Insignemque
566 625 723 666 ducem
745 623 939 677 populus
962 620 1156 662 defendit
1176 625 1380 674 uterque,

235 696 292 739 Et
312 696 397 737 sibi
420 695 608 749 quisque
631 692 775 733 trahit.
837 689 1005 742 Magno
1029 692 1224 730 certatur
1244 699 1408 736 amoro,

233 764 553 817 Alternamque
574 760 707 801 fidem
726 772 812 800 non
827 757 1044 800 illaudata
1064 756 1246 797 lacessit

235 832 420 882 Seditio,
442 831 609 883 talique
631 828 762 870 simul
779 826 971 869 clamore
992 828 1249 879 queruntur:

1608 344 1695 385 220

226 932 326 971 jubet.
356 931 442 962 Post
467 931 530 961 ha’c
546 929 637 960 verba
652 928 863 963 Stilichonis,
879 937 981 958 omnes
1000 929 1131 957 catervae
1155 925 1248 955 simul
1271 925 1551 962 murmuraverunt,
1568 924 1701 954 tantum

234 978 383 1015 quantum
402 973 556 1003 Ceraunia
572 980 653 1001 saxa
668 981 728 1002 non
741 971 907 1006 feriuntur
921 969 1014 1000 undis
1029 969 1128 999 maris
1144 967 1292 998 Ausonii.-
1315 970 1461 1007 quantum
1477 966 1618 1003 fulmina
1638 974 1699 995 non

234 1018 421 1048 emittuntur
439 1014 551 1044 Cauris
563 1013 690 1052 pluviis.
737 1013 781 1042 Et
797 1013 846 1042 hae
865 1017 1014 1042 catervae
1033 1012 1139 1040 nolant
1156 1010 1319 1050 separari:
1340 1020 1375 1039 uc
1395 1012 1537 1048 repetunt
1554 1007 1699 1038 faculta-

234 1064 305 1090 tem
320 1059 474 1088 ademtam
485 1065 610 1095 pugnae.
655 1056 759 1093 Atque
772 1055 899 1093 populus
925 1054 1067 1091 geminus
1084 1056 1201 1091 purgat
1217 1052 1339 1082 Ducem
1360 1051 1513 1081 illustrem
1542 1049 1700 1081 Stilicho·

234 1110 324 1138 uem,
340 1103 370 1130 et
384 1098 587 1138 unusquisque
614 1096 728 1126 tribuit
743 1096 815 1126 sibi.
864 1095 1020 1125 Certatim
1047 1094 1243 1124 contenditur
1267 1094 1476 1124 benevolentia
1498 1098 1636 1123 mutua:
1664 1102 1700 1122 ac

233 1143 383 1174 turnultus
408 1150 467 1172 non
492 1139 711 1180 vituperandus
734 1138 852 1169 excitat
869 1137 971 1179 fidem
997 1136 1169 1176 utriusque,
1195 1139 1369 1176 atquewza
1394 1139 1620 1176 conqueruntur
1642 1134 1701 1166 tali

851 1219 1084 1232 eeeeeeeeeeee

232 1283 312 1313 Vat.
328 1284 438 1322 quart.
457 1280 619 1312 Heinsius
635 1279 718 1319 legit
742 1278 1000 1309 cambota—219
1026 1276 1161 1307 Parcere
1178 1277 1263 1308 Exc.
1287 1277 1432 1308 Lucens.
1462 1285 1532 1306 sec.
1568 1273 1703 1317 Rufinus

232 1325 265 1355 id
281 1325 413 1364 imperat
428 1324 506 1354 Pat.
536 1328 571 1354 et
598 1321 677 1353 Ald.
712 1321 779 1352 orbi
807 1321 886 1351 Put.
913 1325 949 1350 et
976 1318 1096 1350 Ambr.
1122 1322 1298 1350 see—220
1320 1328 1445 1350 sonuere
1472 1319 1600 1350 Moret.
1629 1326 1700 1348 sec.

231 1366 420 1405 infremuere
450 1366 543 1397 Pric.
578 1365 713 1396 cecidere
741 1364 957 1395 Oisel.—221
982 1362 1066 1392 illisa
1093 1367 1239 1402 quatuor
1256 1362 1334 1393 Vat.
1352 1362 1448 1393 Rott.
1476 1361 1585 1392 Oisel.
1622 1360 1700 1392 elisa

231 1414 302 1441 vet.
317 1409 403 1449 Gyr.
421 1408 538 1440 Ambr.
556 1412 637 1439 tert.
655 1408 739 1438 Exc.
759 1407 901 1437 Lucens.
919 1407 1098 1435 see—222
1123 1405 1236 1436 Cauris
1256 1405 1341 1436 Exc.
1360 1405 1460 1435 Laeti.
1500 1402 1601 1434 choris
1616 1402 1698 1434 Var.

232 1453 301 1484 LL.
316 1452 370 1483 ed.
388 1451 493 1482 Antv.
519 1451 566 1491 [in
584 1450 660 1481 Pal.
677 1450 815 1480 Tholas.
833 1447 953 1479 Ambr.
971 1452 1051 1479 tert.
1069 1447 1164 1478 Med.
1178 1452 1291 1488 quart.
1309 1453 1345 1478 et
1361 1448 1439 1477 Vat.
1458 1447 1566 1487 quint.
1582 1455 1698 1477 versus

231 1498 308 1526 222.
331 1494 460 1534 legitur
479 1498 559 1524 ante
575 1492 772 1532 221.]—223
797 1491 1013 1530 Secretumque
1040 1500 1117 1520 cum
1144 1490 1268 1521 Glossa
1285 1491 1306 1520 i.
1329 1500 1359 1521 e.
1383 1498 1543 1520 recessum.
1568 1489 1698 1520 Moret.

233 1547 303 1569 sec.
326 1537 542 1576 Secretumque
557 1536 612 1566 vel
629 1535 815 1575 Secernique
828 1535 908 1565 Vat.
923 1537 1002 1564 tert.
1016 1533 1070 1564 hic
1087 1543 1165 1563 vero
1183 1542 1298 1563 versus
1316 1532 1414 1563 deest
1430 1532 1466 1562 in
1480 1531 1595 1562 Vicet.
1612 1530 1698 1562 edit.

232 1583 390 1620 erectaque
407 1589 469 1620 pro
494 1581 655 1619 ereptaque
683 1579 776 1609 Rott.
802 1577 919 1608 Ambr.
950 1585 1019 1607 sec.
1046 1577 1130 1607 Exc.
1160 1576 1414 1607 Gevart.—225
1437 1575 1518 1614 petit
1536 1583 1620 1604 unus
1635 1583 1700 1613 pro

234 1632 304 1654 var.
321 1623 401 1653 lect.
433 1631 537 1652 ainore
552 1621 619 1651 duo
638 1620 755 1652 Ambr.
783 1621 868 1650 Ezc.
898 1620 975 1650 Pat.
999 1628 1067 1650 rec.
1091 1629 1195 1649 umore
1216 1619 1268 1649 vel
1294 1619 1406 1649 honore
1429 1617 1496 1648 duo
1511 1617 1592 1647 Vat.
1611 1617 1699 1657 R‘eg.

232 1665 366 1697 Mazar.
382 1664 479 1696 Leid.
496 1674 548 1704 pr.
564 1664 676 1695 Oxon.
693 1673 761 1694 sec.
779 1664 861 1694 Lov.
879 1661 1001 1693 Petav.
1016 1671 1068 1701 pr.
1091 1661 1202 1692 honore
1219 1661 1385 1692 tredecim
1408 1660 1585 1691 alii.-226
1606 1660 1702 1690 alter-

230 1711 365 1747 nantque
389 1707 502 1739 Vicet.
528 1707 644 1737 l'arm.
661 1706 769 1737 Colin.
793 1705 971 1736 illaudanda
987 1704 1072 1745 legit
1087 1704 1257 1744 Heinsius,
1271 1704 1358 1744 quod
1373 1709 1425 1734 est
1441 1703 1475 1734 in
1491 1702 1611 1733 Ambr.
1628 1711 1699 1735 sec.

232 1750 354 1782 lacessit
381 1751 466 1782 Exc.
492 1750 592 1791 Laeti,
614 1749 738 1780 recessit
755 1748 855 1780 Rott.
891 1748 1021 1789 quiescit
1038 1746 1093 1779 ed.
1116 1747 1228 1779 Vicet.
1255 1747 1370 1778 Parm.
1387 1746 1606 1788 Coum—7227
1629 1754 1708 1786 que-

900 1821 1039 1854 NOTAE

229 1891 335 1922 redcat
366 1892 453 1922 miles
485 1892 592 1927 Eous,¹
637 1889 670 1921 id
703 1894 776 1929 est;
817 1888 939 1920 redeat

232 1941 328 1972 miles
344 1941 376 1971 in
394 1941 581 1980 mollitiam,
598 1941 703 1982 qualis
720 1945 772 1972 est
798 1940 938 1981 populo-

232 2000 306 2022 rum
325 1991 492 2021 Orientis.

274 2043 338 2071 219
362 2040 496 2082 R²ifim¹⁸
521 2040 683 2081 praecz'pil]
719 2040 813 2071 Nihil
842 2044 936 2071 certe

232 2090 275 2121 ad
292 2089 451 2120 invidiam
475 2090 597 2121 Rufino
614 2090 859 2122 conciliandam
878 2101 937 2131 po-

235 2141 380 2171 tentius:
419 2149 495 2170 cum
523 2140 623 2180 hujus
647 2141 802 2179 imperio,
831 2141 937 2171 etiam

232 2189 460 2230 pulcherrima
472 2189 620 2229 incoepta
634 2191 825 2231 relinquere
838 2200 936 2230 opor-

234 2244 318 2271 teat.

275 2292 334 2321 221
363 2290 521 2325 Quantum
546 2300 606 2321 non
635 2291 805 2331 Ceraunia]
841 2291 936 2321 Mur-

231 2340 438 2372 murantium
465 2344 680 2371 catervarum
703 2339 858 2371 fremitus
883 2350 935 2370 su-

230 2391 379 2433 perabat·
389 2390 567 2422 murmura
584 2389 741 2428 fluminis,
756 2396 792 2422 et
813 2389 935 2421 fluetu-

231 2451 286 2473 um
304 2441 474 2473 Ceraunia
499 2440 759 2472 verberantium.
807 2441 931 2471 Cerau-

230 2492 288 2523 nia
303 2496 416 2523 autem
431 2496 509 2522 suut
524 2501 604 2522 saxa
619 2491 713 2532 Epiri
731 2492 763 2521 in
781 2492 929 2531 Graecia,

230 2543 360 2575 crebris
396 2542 592 2574 fulminibus
633 2542 688 2584 ob·
713 2542 930 2574 altitudinem

230 2593 366 2633 percuti
394 2593 513 2624 solita:
554 2592 645 2624 unde
672 2593 844 2631 dicuntur,
871 2593 931 2624 ἀπὸ

230 2643 394 2683 Κεραυνοῦ,
409 2642 590 2681 asulmine:
618 2643 678 2674 sed
695 2648 731 2674 et
752 2644 931 2684 verberan-

231 2697 286 2724 tur
313 2693 474 2724 fluctibus
506 2693 607 2724 maris
643 2693 743 2734 Ionii,
777 2694 866 2734 quod
895 2697 932 2725 et

230 2742 416 2777 Ausonium
433 2748 469 2776 et
485 2745 610 2777 Italum
627 2744 836 2786 appellatur.

1036 1890 1100 1919 222
1126 1887 1232 1929 Coris]
1271 1888 1338 1919 Seu
1368 1887 1501 1928 Cauris,
1528 1887 1538 1905 ‘
1556 1887 1698 1928 Semper

992 1938 1120 1979 frigora
1134 1938 1365 1979 spirantibus:
1377 1949 1420 1970 ex
1434 1939 1594 1979 Virgilio.
1611 1940 1698 1971 Cau-

991 1999 1046 2020 rus
1073 1994 1187 2020 autem
1220 1989 1352 2021 Graecis
1391 1987 1546 2029 ἀργέστης
1572 1993 1698 2021 ventus

989 2045 1054 2079 est,
1068 2041 1125 2081 qui
1141 2040 1202 2071 flat
1216 2040 1257 2072 ab
1271 2041 1407 2072 Occasu
1421 2041 1610 2073 Solstitiali.

1031 2094 1094 2122 223
1118 2091 1260 2131 Set-erni]
1294 2092 1428 2123 Nolunt
1450 2092 1602 2133 separari
1618 2102 1638 2123 a
1660 2101 1696 2124 se

987 2142 1146 2182 invicem,
1189 2143 1250 2173 sed
1292 2147 1456 2182 repetunt
1495 2141 1695 2173 facultatem

989 2192 1176 2232 pugnandi,
1202 2191 1316 2222 Rufini
1346 2191 1465 2222 fraude
1500 2192 1565 2223 sibi
1597 2201 1697 2234 erep-

991 2246 1072 2272 tam.

1031 2293 1095 2322 224
1121 2292 1256 2332 Populus
1291 2292 1435 2332 uterque]
1470 2292 1622 2334 Populus
1651 2303 1694 2325 ex

989 2342 1140 2382 Imperio
1169 2344 1315 2382 gemino,
1340 2342 1482 2373 Arcadii
1509 2343 1643 2375 scilicet
1656 2347 1694 2377 et

988 2393 1330 2434 Honorii,conectus‚
1342 2397 1463 2424 contra
1477 2393 1592 2424 Rufini
1602 2393 1693 2433 frau-

990 2443 1049 2474 des
1064 2444 1214 2474 defendit
1231 2454 1289 2475 seu
1304 2448 1426 2484 purgat
1452 2445 1585 2476 Ducem
1600 2445 1694 2477 Stili-

990 2494 1144 2532 chonem,
1175 2500 1209 2525 et
1241 2494 1280 2525 ad
1306 2504 1380 2525 suas
1411 2494 1551 2535 quisque
1578 2500 1693 2535 partes

990 2553 1067 2574 eum
1099 2544 1212 2575 trahit.
1259 2545 1389 2584 Milites
1418 2545 1508 2575 enim
1537 2543 1691 2576 Orientis

991 2595 1168 2634 abeuntes,
1194 2605 1270 2626 eum
1300 2595 1443 2635 cupiunt
1467 2594 1592 2625 habere
1617 2595 1692 2626 Du-

986 2654 1059 2677 cem
1076 2656 1083 2676 ε
1109 2650 1228 2676 contra
1243 2645 1366 2677 milites
1392 2645 1593 2677 Occidentis
1604 2655 1689 2677 eum

987 2695 1052 2726 sibi
1070 2695 1237 2727 tribuunt.

1029 2746 1092 2776 227
1113 2744 1251 2786 Seditio]
1296 2745 1477 2779 Tumultus
1508 2746 1687 2780 laudabilis
