1852 3193
264 208 352 256 402

263 318 523 373 Avertitque
555 319 696 360 diem:
719 316 874 358 sceleri
896 314 974 355 sed
995 314 1187 356 reddidit
1205 313 1372 357 Atreus

266 386 455 433 Crimen,
480 391 523 427 et
544 386 747 426 infandas
769 386 956 424 excusat
976 383 1163 437 conjuge
1186 396 1381 425 mensas.

266 453 356 495 Hic
377 455 540 503 odium,
563 467 645 494 non
667 466 799 506 poena
819 451 916 493 fuit.
976 452 1041 492 Te
1062 452 1236 506 prodita
1251 453 1366 506 jura,

264 522 329 562 Te
351 530 475 575 pater
494 522 692 570 ultorem,
711 526 752 561 te
772 520 877 562 nudi
899 521 1081 574 pulvere
1108 520 1281 568 Manes,

264 588 329 629 Te
349 589 494 641 pietas
515 588 685 641 polluta
705 592 845 641 rogat.
907 588 956 628 Si
973 588 1181 629 fientibus
1203 600 1337 637 aram,

266 654 321 695 Et
342 655 566 708 proprium
586 655 760 696 miseris
781 669 941 696 numen
962 656 1195 704 statuistis,
1218 654 1409 696 Athenae
1429 668 1439 696 :

742 221 816 253 CL.
848 219 1131 252 CLAUDIANI
1165 217 1254 251 XV.

1642 650 1730 694 405

261 779 310 806 ast
321 776 436 807 Atreus
447 778 588 817 rependit
597 778 694 808 scelus
706 787 767 817 pro
779 778 901 817 scelere,
913 782 943 809 et
953 781 1070 818 purgat
1083 787 1200 808 mensas
1210 777 1350 807 crudeles
1359 775 1402 806 ob
1414 784 1542 806 uxorem
1554 772 1730 822 violatam.

264 818 331 849 Hic
352 818 448 856 surm·
468 820 548 857 suit,
578 830 636 850 non
665 821 857 860 supplicium.
902 821 1004 860 Leges
1024 821 1180 852 derelictoe
1206 821 1348 850 invocant
1374 822 1417 856 te,
1441 828 1460 848 ο
1477 817 1625 855 Honori,
1638 818 1730 865 pater:

263 861 435 892 Mascezel
452 866 519 892 orat
535 866 565 892 te
578 863 764 902 punitorem,
779 867 810 894 te
824 863 940 895 umbrae
960 865 1095 904 privutae
1121 865 1236 900 cinere,
1252 866 1282 893 te
1297 862 1398 903 pietus
1421 861 1537 891 violata
1559 864 1646 890 orat.
1667 901 1674 908 ⁶
1692 858 1731 890 St

263 905 454 943 decrevistis,
470 916 489 935 o
504 906 649 945 Athenae‚
661 907 776 937 altaria
791 908 975 946 lugentibus,
993 911 1022 938 et
1036 908 1118 938 Deos
1130 906 1272 947 proprios
1285 915 1345 946 pro
1359 904 1503 946 afflictis:
1518 903 1547 933 si
1567 902 1729 933 Inachides

897 986 1128 998 eeeeeeeeeeee

267 1030 486 1061 mser—400
508 1030 714 1070 Advertitque
731 1029 826 1061 Med.
845 1034 923 1061 tert.
938 1030 1062 1060 Petav.
1081 1040 1148 1060 sec.
1162 1030 1229 1061 ine.
1249 1031 1369 1061 Heius.
1405 1030 1529 1062 sceleris
1542 1029 1617 1060 Pal.
1633 1029 1733 1061 Rott.

265 1072 332 1103 duo
350 1072 445 1102 Med.
463 1073 528 1101 duo
547 1072 665 1102 Heius.
682 1073 823 1103 totidem
842 1072 955 1103 Oxou.
972 1077 1009 1102 et
1026 1072 1122 1102 Leid.
1141 1073 1271 1103 Bonon.
1286 1073 1419 1104 Tholos.
1433 1073 1634 1104 Ambr.sec.
1646 1072 1732 1104 Var-

266 1115 333 1145 LL.
351 1114 404 1145 ed.
422 1114 526 1144 Antv.
556 1115 637 1145 diem
651 1115 767 1146 sceleri.
784 1125 859 1146 cum
874 1114 982 1155 τελείᾳ
997 1116 1128 1155 στιγμῇ,
1142 1115 1243 1146 Fam.
1262 1115 1354 1146 Prie.
1372 1116 1524 1147 Florem.
1541 1115 1664 1145 Petav.
1680 1124 1731 1155 pr.

264 1157 347 1188 Var.
365 1157 431 1187 LL.
453 1167 471 1187 e
490 1167 594 1195 marg.
613 1157 726 1189 Parin.
745 1159 828 1189 Lov.
856 1156 969 1188 Wolff.
999 1157 1110 1189 vicet.
1130 1158 1241 1188 parm.
1261 1158 1340 1189 Ald.
1356 1158 1453 1190 Junt.
1474 1158 1597 1198 Isingr.
1622 1157 1734 1190 Colin.

266 1200 398 1241 Gryph.
417 1201 560 1240 Rapliel.
577 1201 696 1232 Barth.
714 1207 748 1232 et
766 1202 811 1232 al.
848 1202 943 1232 dz'em.
961 1201 1086 1231 sceleris
1101 1202 1153 1232 sed
1169 1201 1249 1232 Put.
1270 1202 1357 1242 Reg.
1373 1201 1509 1233 Tholos.
1527 1201 1594 1232 duo
1610 1200 1737 1232 Petav-

266 1243 349 1275 Lov.
373 1243 456 1273 Exc.
484 1244 626 1274 Gevart.
659 1244 749 1275 diem.
761 1245 869 1275 sceleri
885 1245 937 1275 sed
953 1244 1081 1275 Moret.
1099 1253 1166 1275 see.
1201 1245 1293 1276 diem.
1317 1244 1438 1275 sceleris
1459 1245 1504 1275 sic
1528 1244 1655 1275 Moret.
1678 1251 1733 1283 pr.

265 1286 500 1316 mazare-401
526 1289 674 1317 immanes
687 1288 739 1317 vel
756 1287 909 1325 infaustus
927 1288 1123 1327 Bega—402
1150 1286 1236 1318 Hinc
1251 1289 1355 1318 odium
1374 1288 1469 1318 Leid.
1486 1297 1534 1327 pr.
1548 1286 1616 1317 dno
1635 1285 1735 1318 Vatt.

266 1329 359 1359 Prie.
389 1328 497 1359 Oisel.
528 1330 678 1360 Florent.
711 1330 778 1360 duo
797 1330 890 1360 Med.
908 1331 992 1362 Exc.
1011 1330 1107 1360 Laeti.
1144 1330 1215 1361 Hoc
1233 1331 1311 1361 Vat.
1331 1340 1400 1362 ¹sec.
1427 1331 1501 1362 Pal.
1518 1330 1619 1360 Farn.
1636 1328 1735 1361 Rott.

266 1370 361 1403 Med.
376 1381 428 1411 pr.
448 1372 535 1409 Reg.
560 1372 683 1403 Petav.
702 1383 753 1413 pr.
771 1383 813 1404 m.
831 1383 883 1414 pr.
910 1374 992 1404 Lov.
1021 1374 1149 1404 Moret.
1181 1383 1249 1405 sec.
1274 1383 1360 1404 unus
1390 1374 1512 1404 Heius.
1548 1372 1636 1404 Huic
1650 1371 1734 1403 Vat-

265 1414 375 1454 quint.
404 1414 471 1444 duo
502 1414 620 1447 Ambr.
652 1414 732 1446 Ald.
763 1416 884 1447 Barth.
925 1416 992 1447 Hic
1007 1416 1087 1447 Put.
1103 1416 1232 1447 Thuan.
1250 1417 1338 1448 Bou.
1369 1418 1444 1448 Pat.
1460 1416 1600 1447 Tholas.
1617 1415 1733 1447 Oxon.

267 1466 336 1489 see.
356 1457 449 1487 Leid.
467 1467 535 1488 sec.
555 1457 648 1488 Med.
667 1463 749 1490 tert.
767 1459 821 1490 ed.
840 1459 954 1490 Parm.
972 1464 1006 1490 et
1019 1459 1134 1490 Vicet.
1153 1460 1238 1490 Exc.
1256 1459 1400 1491 Gevart.
1428 1462 1482 1491 sed
1493 1459 1621 1500 prodita
1638 1457 1734 1490 Prie.

267 1500 396 1530 Moret.
421 1509 489 1530 seo.
508 1505 609 1541 atque
628 1501 676 1532 ita
695 1501 858 1532 Heinsius
876 1503 971 1542 legit.
1007 1512 1063 1542 per
1090 1502 1216 1542 prodita
1240 1508 1387 1544 quatuor
1411 1503 1507 1534 Vatt.
1533 1502 1610 1532 Pal.
1627 1500 1737 1532 Oisel.

264 1543 331 1573 vita
358 1543 442 1573 Var.
460 1543 532 1574 LL.
551 1544 601 1573 ed.
619 1544 724 1576 Antv.
753 1545 830 1583 jura
847 1546 900 1576 vel
919 1545 984 1576 vitu
1006 1545 1125 1576 Ambr.
1143 1548 1318 1576 sea—404
1343 1546 1385 1576 Te
1399 1546 1516 1586 polluta
1532 1547 1624 1584 rogat
1635 1544 1737 1583 pietas

266 1584 394 1616 Moret.
423 1594 490 1616 sec.
515 1585 647 1625 fletibus
664 1588 744 1618 Vat.
762 1598 813 1628 pr.
831 1598 875 1618 in.
893 1598 963 1618 sec.
990 1588 1085 1618 Med.
1111 1591 1303 1620 terh—405
1328 1589 1366 1620 Sz·
1385 1589 1545 1629 proprium
1564 1588 1650 1627 Reg.
1668 1586 1735 1616 Pe-

266 1632 334 1656 tav.
365 1637 416 1667 pr.
444 1628 522 1658 Vat.
554 1630 663 1668 quint.
698 1629 735 1660 Si
762 1631 814 1661 vel
840 1631 885 1660 Et
909 1631 1068 1670 proprium
1083 1630 1197 1662 Oxon.
1214 1641 1281 1662 sec.
1317 1632 1476 1662 statuistis
1487 1641 1594 1661 nomen
1607 1630 1735 1660 Moret.

267 1679 335 1700 sec.
370 1679 480 1700 numen
497 1671 618 1710 viginti
634 1681 693 1702 sex
721 1672 828 1703 Codd.
853 1673 936 1703 item
952 1673 1020 1702 duo
1037 1672 1161 1703 Leidd.
1178 1673 1234 1704 ed.
1250 1674 1363 1705 Parni.
1381 1680 1417 1704 et
1432 1675 1545 1704 Vicet.
1561 1673 1650 1703 Exc.
1667 1671 1737 1702 Ge·

924 1761 956 1792 N
963 1762 1068 1793 OTAE

266 1823 440 1856 infamatos
471 1825 515 1855 ob
547 1826 615 1856 tale
646 1826 791 1865 facinus,
831 1827 901 1857 sive
931 1827 973 1858 ob,

267 1875 394 1906 caedem
434 1885 626 1915 puerorum,
664 1887 747 1918 quos
780 1877 906 1907 Atreus
930 1886 972 1907 ex

266 1936 372 1956 uxore
388 1926 509 1966 AErope
524 1936 543 1956 a
561 1927 709 1966 Thyeste
725 1926 829 1958 fratre
844 1926 972 1957 adulte-

265 1981 342 2007 rata
365 1982 542 2017 susceptos
567 1978 676 2008 eidem
699 1979 854 2017 OEhyestae
878 1977 973 2008 dedit

265 2026 463 2066 epulandos.
511 2028 609 2060 Quod
628 2027 760 2058 fucinus
776 2029 823 2058 ila
837 2028 891 2058 Sol
916 2037 972 2058 ex-

264 2076 435 2108 horruisse
453 2077 592 2117 dicitur,
619 2084 655 2109 ut
672 2083 835 2109 revocato
849 2078 890 2108 ad
917 2088 973 2109 au-

264 2137 375 2159 roram
392 2139 490 2160 cursu
516 2129 605 2160 diem
632 2130 809 2162 averterit.
856 2130 973 2161 Ovidi-

266 2188 327 2208 us:
354 2178 408 2209 ‘Si
425 2188 490 2209 non
505 2179 649 2220 AEropen
664 2179 772 2210 frater
786 2182 973 2211 sceleratus

267 2233 424 2268 amasset,
446 2228 594 2260 Aversos
629 2230 714 2261 Solis
747 2239 813 2261 non
843 2231 973 2271 legere-

266 2287 340 2309 mus
357 2278 485 2319 equos.’

309 2328 477 2369 Illycenas]
517 2330 677 2370 Mycena,
710 2330 764 2360 vel
800 2330 972 2371 Mycenae,

267 2378 346 2410 urbs
374 2380 617 2420 Peloponnesi,
643 2380 700 2411 ubi
738 2381 898 2421 regnavit
926 2381 973 2413 A·

269 2433 373 2461 treus.

307 2483 369 2511 401
398 2481 551 2522 Conjuge]
591 2481 715 2513 Atreus
732 2482 884 2513 reddidit
901 2493 972 2514 sce-

266 2529 318 2562 lus
331 2540 391 2571 pro
407 2533 549 2570 scelere,
575 2537 610 2563 et
634 2532 711 2562 ideo
725 2531 853 2563 factum
871 2542 972 2563 excu-

266 2584 333 2621 sat,
361 2581 449 2622 quod
472 2592 555 2612 uxor
581 2592 638 2613 sua
661 2593 680 2613 a
696 2583 847 2624 Thyeste
862 2582 972 2615 fratre

266 2637 491 2672 constuprata
511 2631 627 2663 fuerit.

308 2683 372 2713 402
397 2682 478 2722 Hic]
518 2682 626 2713 Atreo
638 2683 749 2714 odium
766 2683 829 2714 fuit
845 2684 972 2724 Thyes-

268 2734 331 2769 tes,
346 2741 412 2762 non
430 2742 528 2773 poena
546 2745 554 2765 :
584 2733 647 2765 hoc
673 2738 727 2765 est
743 2743 806 2775 pro
836 2735 970 2766 scelere

267 2781 418 2815 reddidit
446 2784 570 2826 scelus,
605 2784 696 2826 quod
730 2789 784 2817 est
819 2786 971 2826 impetus

1028 1825 1131 1856 animi
1148 1825 1427 1864 effervescentis3
1459 1836 1524 1858 non
1541 1837 1619 1859 vero
1638 1827 1735 1869 puni-

1028 1875 1077 1906 vit
1093 1875 1282 1917 Thyestcn‚
1299 1881 1336 1907 ut
1349 1875 1569 1917 fuitjustiriae
1584 1882 1619 1909 et
1631 1879 1734 1920 aequi-

1028 1926 1110 1957 tatis
1125 1938 1132 1965 ;
1165 1928 1228 1958 lioc
1258 1932 1321 1965 est,
1348 1927 1425 1958 odio
1455 1933 1658 1967 persecutus
1681 1934 1735 1960 est

1028 1976 1206 2017 Thyesten
1221 1988 1230 2014 3
1244 1986 1310 2007 non
1323 1986 1400 2008 eum
1412 1987 1513 2018 poena
1525 1978 1640 2009 mortis
1653 1977 1734 2010 affe-

1028 2028 1076 2058 cit
1092 2038 1099 2065 ;
1117 2027 1176 2058 sed
1194 2028 1226 2058 in
1241 2028 1354 2058 odium
1372 2028 1456 2068 ejus,
1472 2030 1636 2060 mactavit
1653 2039 1735 2070 pue·

1028 2087 1082 2108 ros
1099 2087 1140 2108 ex
1158 2077 1285 2118 AErope
1301 2082 1408 2109 natos.

1072 2127 1221 2168 Prodita]
1245 2129 1331 2161 Jura
1348 2136 1488 2168 naturae,
1503 2129 1736 2170 humanitatis,

1028 2177 1214 2217 sanguinis,
1237 2188 1314 2219 quae
1335 2178 1376 2209 ab
1400 2179 1556 2210 omnibus
1583 2179 1734 2211 fideliter

1027 2228 1157 2259 servari
1168 2229 1305 2269 debent,
1317 2239 1337 2260 a
1350 2229 1498 2261 Gildone
1510 2229 1662 2271 prodita,
1674 2239 1733 2261 ne-

1028 2279 1154 2319 glecta,
1169 2285 1367 2320 proculcata
1383 2286 1472 2312 sunt.

1069 2333 1132 2362 403
1157 2332 1271 2372 Pater]
1297 2332 1467 2363 Mascezel
1490 2336 1588 2372 pater
1607 2331 1733 2363 libero-

1027 2391 1098 2412 rum
1113 2392 1131 2413 ει
1144 2383 1291 2414 Gildone
1308 2382 1569 2414 interfectorum
1585 2387 1683 2424 rogat
1697 2387 1733 2414 te

1026 2430 1178 2463 futurum
1198 2434 1340 2464 ultorem
1359 2433 1471 2474 impiae
1485 2433 1602 2465 caedis.

1071 2482 1159 2512 Nudi
1170 2483 1310 2523 pulvere]
1343 2485 1463 2514 Manes
1493 2484 1614 2514 horum
1631 2484 1718 2525 juve

1026 2540 1119 2569 num,
1133 2533 1187 2572 qui
1202 2532 1321 2562 nudati
1338 2539 1428 2568 sum,
1439 2533 1564 2573 exiguo
1580 2533 1733 2574 pulvere,

1028 2582 1116 2613 velus
1159 2582 1358 2613 indumento
1392 2584 1587 2614 necessario
1624 2584 1733 2625 exuti,

1026 2632 1184 2663 destituti
1212 2638 1289 2663 sunt
1319 2643 1337 2663 a
1358 2633 1518 2672 Gildone,
1533 2633 1624 2675 quod
1641 2644 1730 2667 sum-

1025 2693 1090 2714 mae
1107 2689 1159 2715 est
1175 2684 1370 2724 impietatis.

1066 2736 1129 2765 404
1154 2734 1332 2774 Flentibus]
1382 2733 1454 2765 Ara
1480 2733 1728 2767 Misericordiae

1025 2788 1060 2816 et
1076 2784 1276 2816 Clementiae
1299 2784 1335 2816 in
1363 2783 1437 2816 foro
1467 2783 1731 2822 Atheniensium
