1852 3193
211 189 298 233 312
728 197 804 226 cn.
838 193 1118 225 CLAUDIAM
1155 193 1208 223 x.

213 292 437 342 Successi‚
459 289 644 332 sublime
662 290 795 331 decus
814 287 1020 328 torrentis
1044 284 1218 336 Hiberi,
1621 285 1678 325 40

212 361 359 413 Stirpe
381 372 518 407 soror,
539 359 701 410 pietate
720 367 895 409 parem,
917 354 998 394 tibi
1015 353 1208 395 creditus
1229 353 1390 403 infans,

211 426 356 481 Inque
376 430 450 468 tuo
470 425 588 466 crevi
609 423 789 477 gremio,
812 425 1037 475 partuque
1057 425 1225 463 remoto

210 495 281 536 Tu
301 495 446 549 potius
470 491 683 533 Flaccilla
704 490 824 531 mihi.
887 488 1009 538 Quid
1032 487 1193 529 dividis
1214 501 1316 541 ergo

213 562 436 616 Pignora?
469 559 574 613 quid
597 557 753 613 juveni
773 561 923 598 natam
940 569 1023 596 non
1043 556 1181 596 tradis
1200 555 1406 596 alumno?

213 626 463 681 optatusne
485 627 579 667 dies
602 625 773 667 aderit?
808 624 1035 665 dabiturne
1061 623 1226 677 jugalis
1622 619 1682 660 45

213 694 322 736 Nox
342 695 567 748 unquam?
599 694 678 735 tali
710 693 875 734 solatur
896 692 1080 732 vulnera
1102 695 1277 744 questu.

271 761 395 802 Risit
414 761 570 811 Amor,
592 760 878 815 placidaeque
902 759 1022 800 volat
1041 764 1160 800 trans
1180 770 1363 812 aequora
1386 755 1524 797 Matri

214 828 430 879 Nuntius,
453 834 493 870 et
510 833 624 870 totas
649 828 891 882 jactantior
913 827 1113 878 explicat
1135 825 1246 865 alas.

215 895 350 938 Mons
365 898 483 938 latus
505 896 680 937 Ionium
703 894 837 948 Cypri
858 898 1110 948 praeruptus
1132 892 1381 940 obumbrat,

214 1039 298 1069 altus
308 1038 403 1069 honor
424 1038 510 1069 Iberi
523 1037 641 1078 rapidi,
651 1036 746 1067 'soror
762 1040 868 1075 gente,
892 1037 945 1066 sed
960 1038 1060 1065 mater
1074 1033 1202 1074 affectu,
1220 1042 1282 1072 ego
1299 1031 1403 1069 infans
1418 1030 1596 1061 commissus
1610 1039 1683 1060 sum

214 1081 288 1119 tibi,
304 1084 334 1110 et
347 1082 429 1111 creti
439 1081 472 1110 in
488 1081 556 1110 sinu
569 1083 632 1117 tuo,
644 1083 674 1109 et
692 1082 789 1118 partu
805 1081 943 1117 excepto,
959 1077 1105 1116 lupetius
1121 1086 1155 1106 es
1168 1075 1245 1105 mihi
1259 1074 1418 1105 Flaccilla.
1448 1073 1513 1102 Cur
1528 1072 1629 1111 igitur
1638 1081 1683 1102 se-

210 1123 401 1163 ]›arasfilios
411 1123 507 1153 tuos?
527 1124 592 1151 Cur
603 1132 660 1151 non
673 1122 729 1151 das
741 1121 864 1150 alumno
879 1118 1166 1159 tuojuvenifiliam
1179 1117 1292 1148 tuam?
1309 1116 1361 1146 Αη
1371 1126 1430 1146 non
1441 1114 1507 1145 dies
1520 1118 1685 1154 exoptatus

213 1164 342 1196 veniet?
357 1175 397 1195 an
413 1175 470 1195 ηοη
487 1174 549 1194 nox
562 1164 711 1203 nuptialis
723 1159 1066 1201 concedet-urunquam?
1089 1160 1262 1191 Honorius
1272 1159 1381 1189 mulcet
1399 1158 1507 1188 vulnus
1520 1166 1616 1187 suum
1628 1157 1685 1187 hac

214 1208 348 1246 querela.
376 1207 498 1247 Cupido
510 1206 653 1243 subrisit,
664 1209 692 1236 et
708 1205 821 1236 statim
836 1206 932 1235 evolat
945 1205 1029 1234 ultra
1039 1203 1150 1241 maria,
1160 1202 1287 1232 nuntias
1297 1200 1433 1231 futurus
1444 1199 1540 1230 matri
1553 1198 1688 1238 blandoe,

214 1252 306 1290 utque
321 1249 631 1290 superbior-porrigit
643 1257 760 1289 pennas
775 1258 888 1278 ommes.
921 1248 1015 1278 Mons
1030 1248 1112 1277 altas
1128 1245 1208 1285 tegit
1226 1245 1307 1275 latus
1323 1244 1445 1274 Ioniam
1463 1241 1576 1283 Cypri,
1590 1250 1684 1272 mons

829 1358 1066 1369 eeeeeeeeeeee

214 1448 343 1478 germen
367 1439 467 1469 Farn.
495 1438 555 1468 tibi
585 1437 718 1469 nominis
749 1437 863 1468 Oxon.
894 1439 1027 1477 piu—41
1054 1435 1162 1475 Stirpe
1191 1438 1262 1465 sata
1287 1432 1419 1464 Thuan.
1443 1430 1551 1471 Stirpe
1575 1438 1688 1469 parens

213 1482 333 1521 pietate
347 1491 432 1511 soror
448 1481 576 1511 Moret.
595 1491 645 1521 pr.
669 1481 788 1521 pietate
802 1482 910 1520 potens
926 1480 1007 1511 Jun.
1034 1488 1085 1519 pr.
1109 1489 1152 1509 in.
1176 1488 1240 1508 sec.
1264 1485 1370 1507 carens
1384 1475 1513 1505 Tliuan.
1528 1472 1606 1503 mihi
1622 1481 1687 1503 cre-

215 1524 303 1555 ditur
326 1525 406 1554 Var.
435 1524 501 1554 LL.
519 1523 572 1555 ed.
597 1523 701 1554 Antv.
722 1524 858 1554 creditus
881 1522 998 1553 Ambr.
1017 1531 1068 1561 pr.
1110 1521 1250 1551 creditur
1266 1519 1379 1550 Oxon.
1398 1522 1433 1548 et
1450 1516 1520 1548 alii.
1549 1515 1689 1546 creditur

217 1567 271 1597 vel
288 1567 423 1597 creditus
445 1566 616 1597 Pan—42
639 1566 737 1597 crevit
755 1566 868 1597 Oxou.
893 1575 960 1596 sec.
974 1565 1110 1595 thalamo
1123 1565 1175 1594 vel
1190 1563 1312 1602 gremio
1323 1562 1403 1592 Vat.
1422 1560 1529 1600 quint.
1546 1561 1687 1598 partum-

217 1618 275 1649 que
299 1609 410 1640 Oxou.
438 1611 574 1648 pr.-—43
597 1609 700 1649 potior
716 1610 798 1639 Exc.
822 1608 964 1638 Schotti.
992 1608 1141 1637 Flaccilla
1160 1606 1275 1636 Ambr.
1293 1609 1370 1635 tert.
1386 1602 1537 1634 Placceua
1552 1600 1687 1631 Tliolos.

216 1651 349 1682 Placilla
364 1652 458 1681 Rott.
477 1651 595 1681 Facilla
606 1651 700 1681 Med.
716 1655 797 1681 tert.
813 1650 935 1681 Petav.
950 1654 1027 1680 tert.
1038 1650 1168 1679 Mazar.
1183 1648 1318 1678 Fascilla
1335 1647 1447 1677 Oxou.
1462 1654 1530 1674 sec.
1550 1643 1685 1673 Flacilla

216 1694 370 1725 Florent.
387 1694 452 1724 duo
464 1693 653 1724 Med.Exc.
669 1694 812 1724 Lucens.
825 1702 874 1732 pr.
892 1692 943 1723 ed.
956 1693 1069 1722 Vicet.
1085 1695 1121 1721 et
1136 1688 1421 1720 Parni.'Flascella
1434 1686 1586 1725 Med.pr.
1601 1684 1689 1715 FIoc-

216 1736 288 1767 cillo
300 1736 427 1767 Moret.
445 1745 513 1767 sec.
529 1736 649 1766 Fac-illa
672 1736 723 1766 vel
739 1736 876 1766 Placella
888 1736 972 1774 Reg.
991 1734 1128 1764 Plsscella
1140 1734 1192 1763 vel
1212 1733 1337 1763 Facella
1355 1730 1467 1761 Oxou.
1481 1729 1620 1768 pr.—-44
1636 1737 1689 1757 ηα-

216 1779 474 1817 tamjuwniinc.
491 1778 608 1809 Heins.
623 1778 740 1809 Ambr.
756 1788 826 1808 sec.
839 1778 945 1808 reddis
962 1777 1028 1807 duo
1042 1777 1139 1806 Vatt.
1155 1776 1229 1806 Pal.
1246 1775 1398 1805 Florent.
1408 1771 1505 1803 Med.
1523 1780 1574 1811 pr.
1592 1769 1690 1800 Leid.

220 1832 272 1861 pr.
288 1822 421 1852 Thuan.
438 1822 566 1851 Mazar.
595 1822 696 1851 tradis
719 1820 812 1851 Med.
837 1830 905 1850 sec.
930 1820 1031 1850 credis
1046 1819 1112 1849 inc.
1129 1818 1249 1848 Heius.
1266 1818 1350 1847 Exc.
1365 1814 1520 1851 Schotti3
1544 1812 1689 1843 Heinsio

217 1864 433 1904 improbatur
446 1863 519 1893 haec
534 1863 647 1901 lectio,
661 1863 823 1903 quiajam
843 1862 1019 1902 praecessit
1034 1861 1265 1891 creditus—45
1282 1858 1464 1897 dabiturque
1479 1857 1579 1886 Farn.
1598 1855 1689 1885 Prie.

219 1905 477 1946 Lov.,dabitur1‹e
495 1907 656 1936 Pan—47
678 1906 858 1945 placidoque
874 1905 951 1935 Vat.
969 1909 1079 1944 quart.
1091 1903 1290 1943 placidusque
1305 1901 1359 1931 vel
1370 1900 1559 1940 placidqeque
1575 1898 1690 1929 oxon.

220 1951 375 1980 sem—48
398 1949 488 1978 horas
504 1948 625 1979 Petav.
643 1952 723 1979 tert.
742 1949 823 1978 Lov.
837 1949 918 1978 Var.
944 1947 1012 1978 LL.
1033 1946 1085 1976 ed.
1103 1945 1207 1976 Antv.
1224 1945 1315 1975 horas
1332 1944 1385 1973 vel
1401 1944 1467 1973 alas
1483 1942 1603 1972 Petav.
1620 1949 1690 1971 sec.

219 1994 305 2022 -49
339 1991 468 2021 Jom'um
495 1991 617 2030 viginti
652 1990 760 2021 Codd.
788 1991 871 2021 Exc.
899 1990 1041 2020 Gevart.
1071 1989 1216 2019 Lucens.
1244 1996 1294 2027 pr.
1330 1987 1411 2017 Var.
1442 1984 1508 2015 LL.
1539 1993 1558 2013 e
1584 1991 1690 2022 marg.

220 2034 334 2065 Parm.
351 2034 431 2064 item
457 2033 510 2063 ed.
526 2034 630 2064 Antv.
647 2037 682 2064 et
708 2034 820 2064 Vicet.
838 2033 871 2063 in
898 2033 1023 2063 Moret.
1048 2040 1114 2062 sec.
1139 2031 1324 2071 ascriptum
1350 2032 1437 2066 erat,
1462 2027 1691 2058 Dssscnumo

220 2077 376 2108 PALATn
403 2077 580 2107 Vmerus.
626 2077 726 2106 Eoum
742 2077 822 2106 Vat.
841 2085 889 2115 pr.
906 2075 981 2105 Pal.
995 2075 1086 2105 Prie.
1104 2074 1211 2104 Oisel.
1239 2078 1274 2103 et
1291 2071 1343 2103 ed.
1358 2071 1465 2102 Gesu.
1489 2074 1525 2101 et
1546 2068 1689 2109 Bipont.

221 2119 325 2150 Eoum
347 2120 402 2149 vel
416 2119 545 2149 Jonz'um
560 2120 639 2150 Vat.
658 2123 735 2150 tert.
752 2119 905 2149 Florent.
929 2118 1013 2149 Lov.
1043 2117 1142 2157 Cypri
1155 2119 1334 2157 proeruptus
1349 2115 1481 2145 Bonon.
1507 2112 1587 2143 Pat.
1603 2111 1690 2142 Exc.

220 2161 352 2193 Schott.
380 2161 460 2192 Vat.
488 2161 610 2202 Isingr.
640 2161 752 2193 Pulm.
780 2162 876 2192 Delr.
904 2161 1036 2201 Cypreae
1058 2161 1146 2200 rupis
1173 2158 1340 2190 tredecim
1368 2157 1435 2188 alii.
1472 2155 1580 2196 ruppis
1605 2154 1689 2185 Var-

884 2256 1029 2287 NOTAE

265 2344 307 2373 40
332 2341 492 2372 Torrentis
508 2340 638 2381 Hiberi]
676 2340 787 2371 Fluvii
802 2340 926 2380 Hispa·
981 2341 1090 2371 minus
1108 2340 1254 2371 dicenda
1267 2343 1319 2370 est
1336 2343 1543 2378 mater‚quae
1560 2334 1690 2366 affectu

221 2392 303 2432 niae,
319 2392 377 2423 sed
393 2392 529 2432 ponitur
547 2402 606 2431 pro
624 2392 699 2431 ipsa
716 2391 894 2430 Hispania.
981 2396 1136 2421 materno
1153 2390 1325 2427 educavit,
1343 2398 1442 2430 quam
1466 2396 1542 2428 quae
1558 2384 1695 2426 genuin

265 2446 306 2474 41
331 2442 440 2483 Scir-pe
454 2442 555 2481 soror]
580 2442 665 2472 Nam
684 2443 810 2471 Serena
825 2440 927 2479 adop·
1025 2444 1066 2471 44
1093 2440 1248 2479 Pignora]
1283 2439 1374 2472 Quid
1390 2446 1528 2478 separas
1546 2435 1690 2466 Mariam

223 2497 298 2524 tata
319 2492 435 2523 fuerat
461 2502 480 2523 a
502 2491 692 2522 Theodosio
726 2494 824 2531 patre
857 2489 928 2520 Ho-
984 2495 1019 2521 et
1046 2490 1250 2527 Honorium,
1277 2498 1360 2529 quos
1384 2492 1443 2518 aut
1459 2489 1608 2526 specum,
1630 2488 1691 2514 aut

226 2542 325 2573 norii.
986 2545 1143 2581 spectare
1159 2539 1279 2577 debes,
1292 2543 1329 2568 ut
1341 2537 1496 2578 proprios
1508 2535 1649 2566 liberos.

266 2596 308 2624 42
333 2593 492 2633 Partaque
506 2591 634 2631 remoto]
671 2591 705 2622 Si
723 2594 857 2631 partum
875 2590 931 2620 de·
1027 2593 1069 2620 49
1092 2590 1191 2620 Latus
1209 2589 1329 2619 Ioniam
1348 2586 1463 2628 Cypri]
1495 2586 1630 2626 Cyprus
1643 2584 1692 2614 in-

226 2655 311 2684 mas,
326 2649 364 2676 tu
389 2645 502 2686 potius
527 2643 606 2673 mihi
633 2647 742 2673 mater
764 2651 814 2679 eS‚
832 2651 932 2682 quam
987 2642 1060 2672 sula
1075 2640 1176 2671 maris
1199 2637 1448 2670 Mediterranei
1476 2635 1610 2666 credita
1638 2639 1692 2665 est

226 2698 402 2729 Flaccilla.
447 2698 535 2728 Haec
548 2697 644 2736 obiit,
661 2696 816 2728 Honorio
827 2704 932 2736 puero
984 2691 1114 2723 Veneri
1128 2700 1223 2722 sacra
1238 2689 1350 2728 sedes,
1365 2687 1409 2719 ob
1438 2685 1694 2723 amoenitatem;

229 2747 411 2780 admodum
445 2748 581 2781 relicto.
639 2748 690 2779 Ea
726 2755 829 2788 porro
866 2755 933 2776 non
987 2750 1023 2776 et
1038 2742 1117 2785 quia
1128 2741 1170 2774 ad
1183 2751 1256 2774 eam
1269 2744 1351 2773 nata
1365 2743 1440 2779 est5
1464 2736 1586 2769 Ionium
1598 2736 1694 2777 latus,
