1857 3177
513 235 562 263 m
598 234 671 264 ci„
704 234 1058 265 ehAumANUM.
1457 230 1517 271 45

56 337 279 366 manorum
300 327 566 381 aliarumque
597 330 784 381 gentium
818 331 880 370 ita
905 335 1027 370 erant
1057 342 1109 370 ea
1130 332 1390 382 tempestate
1412 346 1514 373 con-

57 391 174 441 fusa,
197 398 243 433 ut
259 406 314 432 ex
338 395 410 433 illa
425 395 611 435 colluvie
626 410 737 435 nova
755 398 881 449 plane
902 411 1040 437 rerum
1060 397 1195 437 saeies
1210 402 1364 437 exorta
1385 404 1513 447 esset,

58 472 157 511 quae
180 474 325 500 rursus
357 462 539 501 subinde
562 464 694 503 variis
727 478 784 503 ex
817 466 966 504 causis
1000 465 1262 512 mutabatur,
1300 465 1518 517 aliamque

59 528 245 577 speeiem
283 528 476 580 quotidie
514 544 642 582 paene
681 532 902 573 induebat.
980 531 1032 571 In
1072 532 1136 571 his
1175 537 1214 571 et
1250 532 1442 583 publica:
1476 535 1518 571 ct

58 593 244 644 privata·
263 596 365 634 vita*
388 595 769 637 vicissitudinibus
798 603 961 637 tantum
985 598 1121 646 abest,
1156 603 1201 637 ut
1219 598 1395 638 definire
1416 610 1518 650 pos-

60 661 213 709 simus,
245 674 343 712 quae
367 664 524 715 cuique
546 665 725 716 tempori
751 664 905 703 fuerint
929 665 1122 716 propria,
1155 665 1342 717 quidque
1363 668 1518 717 postea

59 728 129 767 vel
150 728 340 768 demtum
364 729 430 768 vel
454 730 646 769 additum
670 732 736 770 vel
768 731 1040 770 immutatum
1062 732 1132 779 sit,
1166 735 1210 770 ut
1230 744 1283 771 ne
1304 744 1399 771 cam
1421 732 1519 785 qui-

61 794 159 834 dem
180 807 317 834 rerum
341 796 536 843 sormam,
570 798 716 848 qualis
739 796 971 836 Claudiani
1002 809 1100 836 aevo
1120 797 1261 846 suerit,
1297 798 1518 849 cognitam

61 866 422 913 perspectamque
444 862 694 902 habeamus.
759 863 826 903 lta
859 864 919 912 fit,
956 868 1005 902 ut
1038 864 1081 903 in
1119 864 1214 915 ejus
1253 865 1518 905 carminibus

61 940 193 967 voces
225 927 397 979 quidem
432 929 661 969 audiamus
695 934 736 969 et
770 930 967 981 legamus
1001 931 1041 969 in
1074 932 1266 982 priorum
1299 930 1518 983 po'e'tarum

61 995 349 1033 monumentis
371 995 479 1034 satis
494 995 664 1043 obvias,
680 1009 819 1035 rerum
843 1002 987 1037 autem
1003 998 1113 1037 ratio
1130 1010 1206 1050 per
1227 998 1326 1037 illas
1344 1011 1520 1050 expres-

62 1072 205 1101 sarum
235 1061 452 1100 interdum
480 1075 561 1102 nos
589 1063 743 1114 fugiat,
770 1064 942 1115 quando
970 1077 1026 1103 ex
1056 1064 1274 1117 adjunctis
1297 1065 1520 1115 cognosci-

62 1140 176 1176 mus,
208 1141 303 1167 eam
326 1128 381 1166 ab
412 1128 595 1180 antiqua
617 1128 693 1168 illa
714 1134 757 1168 et
778 1130 945 1179 vulgari
976 1131 1191 1170 diversam
1215 1132 1366 1171 t‘uisse.
1427 1130 1520 1171 Ad-

62 1194 276 1233 mirabilis
299 1207 427 1246 porro
449 1198 539 1234 erat
560 1207 727 1234 morum
749 1194 1047 1236 Romanorum
1070 1200 1112 1237 in
1134 1198 1304 1238 homine
1328 1198 1520 1239 Alexan-

64 1260 187 1300 drino
209 1262 416 1311 cognitio,
453 1274 599 1300 eorum
632 1263 890 1313 praesertim,
929 1264 1002 1315 qui
1038 1265 1185 1304 locum
1216 1265 1457 1304 habuerant
1477 1265 1520 1304 in

63 1325 196 1367 libera
215 1328 464 1378 republica3
496 1328 606 1367 hanc
627 1341 799 1380 quoque
833 1331 987 1380 quavis
1019 1332 1178 1382 pagina
1209 1335 1411 1378 ostentat,
1442 1343 1519 1370 ex-

63 1393 292 1445 emplaque
314 1398 357 1433 et
387 1394 737 1446 comparationes
771 1395 872 1435 inde
907 1397 1016 1436 alias
1053 1409 1184 1449 super
1219 1397 1328 1436 alias
1348 1396 1520 1450 repetit,

64 1460 192 1512 quasi
226 1459 270 1499 id
305 1461 450 1512 egerit,
489 1467 540 1501 ut
572 1461 845 1503 dominatum
881 1464 1085 1503 inanibus
1125 1465 1342 1504 libertatis
1375 1463 1520 1504 verbis

65 1527 406 1577 commendaret3
438 1542 515 1569 nec
535 1530 579 1568 in
599 1530 717 1569 omni
738 1531 915 1571 historia
938 1531 1143 1571 Romana
1162 1532 1239 1570 vix
1260 1530 1420 1572 factum
1441 1530 1521 1570 ali-

65 1592 181 1646 quod
203 1607 283 1635 seu
304 1608 373 1635 res
409 1597 571 1637 accidit
606 1603 844 1638 memoratu
878 1598 1020 1651 digna,
1058 1599 1184 1652 cujus
1216 1599 1288 1638 ille
1308 1598 1407 1638 loco
1428 1598 1520 1651 ple-

65 1672 244 1713 rumque
273 1666 377 1715 apto
397 1663 658 1703 mentionem
679 1676 764 1705 non
786 1665 936 1714 faeiat,
972 1666 1230 1719 passimque
1249 1665 1377 1705 rebus
1408 1677 1522 1718 prae-

67 1728 264 1769 sentibus
286 1729 506 1781 ingeniose
527 1733 848 1775 accommodet.

122 1795 343 1836 Praeterea
363 1797 536 1838 dicendi
553 1812 706 1851 genus,
738 1814 823 1854 quo
844 1801 1114 1842 Claudianus
1132 1816 1236 1843 usus
1258 1806 1335 1850 est,
1369 1801 1522 1842 simili-

66 1862 276 1911 tudinum,
298 1866 686 1916 comparationum,
706 1867 954 1918 figurarum,
977 1874 1201 1922 troporum
1222 1874 1287 1909 est
1309 1869 1523 1916 refertum,

67 1941 249 1981 quorum
270 1930 313 1969 in
334 1931 389 1970 iis
411 1932 689 1981 carminibus,
728 1947 826 1986 quae
864 1936 907 1974 in
940 1936 1116 1975 laudem
1146 1936 1216 1975 vel
1238 1936 1282 1974 in
1306 1935 1524 1986 vitupera·
1579 1957 1582 1960 ι

68 1995 229 2036 tionem
249 1996 430 2050 alicujus
467 1998 629 2051 scripta
651 2006 763 2048 sunt,
797 2001 852 2040 iis
885 2001 1138 2053 plerumque
1159 2000 1329 2051 gaudet,
1363 1999 1523 2051 quibus

69 2073 136 2100 res
171 2075 305 2114 supra
335 2063 511 2103 modum
542 2065 610 2104 vel
645 2071 853 2117 augentur
887 2067 954 2106 vel
991 2067 1306 2119 deprimuntur.
1368 2063 1524 2105 Oratio

68 2139 154 2167 non
174 2140 231 2167 ex
260 2130 415 2168 mentis
444 2131 692 2171 conditione
712 2138 866 2184 sponte
884 2138 1003 2181 nata,
1028 2134 1088 2173 ita
1107 2139 1156 2173 ut
1183 2146 1239 2172 ex
1257 2133 1354 2184 ejus
1376 2132 1523 2171 colore

69 2206 195 2234 suum
217 2195 401 2234 colorem
424 2195 622 2245 traheret,
660 2197 737 2236 sed
757 2203 847 2238 arte
867 2200 1057 2250 quaesita
1077 2203 1160 2248 est,
1194 2199 1447 2250 singulaque
1467 2195 1523 2237 ad

70 2262 386 2314 praeceptiones
409 2263 537 2314 quasi
559 2264 804 2316 composita
837 2268 948 2305 sunt.
1010 2264 1142 2305 Unde
1176 2265 1337 2305 factum
1360 2267 1441 2312 est,
1474 2267 1525 2303 ut

71 2327 147 2368 illa
163 2329 362 2380 imaginis
394 2329 450 2375 sit
470 2329 620 2379 instar,
655 2331 710 2371 ad
730 2332 911 2384 picturae
934 2332 1108 2385 quidem
1135 2333 1253 2384 leges
1275 2331 1522 2380 delineatae,

71 2395 302 2448 pigmentis
331 2409 417 2436 non
437 2397 727 2447 naturalibus,
762 2399 840 2441 sed
870 2401 1231 2453 exquisitissimis
1259 2399 1523 2452 quibusque,

71 2462 289 2513 obductae,
312 2463 445 2504 vitam
465 2465 621 2506 stolide
642 2466 845 2515 ludentis,
867 2480 952 2507 non
972 2468 1125 2511 oculos
1146 2468 1402 2518 animosque
1420 2476 1523 2505 con-⁷

71 2530 388 2582 templantium‚
421 2531 591 2584 sibique
623 2533 787 2586 imponi
818 2535 997 2575 libenter
1027 2535 1298 2589 patientium,
1334 2531 1523 2572 fascina-

72 2595 187 2636 tione
226 2598 494 2638 suavissima
526 2601 870 2652 perstringentis.
954 2601 1334 2652 Quemadmodum
1373 2609 1523 2638 omnes

74 2674 143 2702 res
163 2663 218 2704 ad
237 2665 573 2706 ostentationem
606 2673 877 2720 comparatae
909 2674 1008 2711 sunt
1038 2674 1080 2709 et
1109 2673 1342 2720 congestae‚
1372 2677 1457 2707 non
1477 2666 1524 2708 ut

76 2726 400 2771 admirationem
438 2737 660 2783 moveant,
710 2735 876 2788 quippe
914 2737 957 2777 in
996 2749 1084 2790 quo
1122 2735 1386 2776 declamator
1421 2742 1521 2773 raro
