1842 3193
292 210 349 250 12
825 216 1090 248 PROLEGOM
1107 214 1203 245 ENA

291 318 358 355 est
395 315 640 368 probabile,
671 327 770 356 cum
803 326 855 353 ea
891 315 1059 366 partem
1097 309 1355 363 eloquentiae
1391 307 1641 357 constituat,
1670 309 1749 349 aut

291 384 446 423 saltem
488 383 742 431 cognatione
777 380 1024 421 arctissime
1064 389 1159 416 eam
1196 376 1393 427 attingat.
1453 373 1569 424 Quae
1604 378 1749 416 tamen

291 463 360 491 res
383 464 486 490 suas
507 451 697 489 habebat
718 446 996 487 difficultates
1017 457 1101 484 non
1133 443 1257 484 facile
1291 441 1577 496 superandas.
1639 441 1750 482 Ora-

290 517 455 558 tionum
471 519 582 556 enim
606 521 757 555 natura
776 516 837 554 ita
859 515 1117 565 comparata
1137 516 1216 558 est,
1240 514 1287 550 ut
1308 511 1493 563 partium
1511 509 1750 564 descriptio

291 585 335 624 in
355 586 557 624 omnibus
593 583 681 624 sere
719 583 775 622 sit
809 580 975 629 eadem,
1008 585 1050 621 et
1083 584 1131 620 ut
1169 578 1414 626 diversitas,
1451 577 1489 617 si
1511 590 1601 630 qua
1621 581 1701 626 est,
1723 590 1752 617 a

291 655 546 704 temporum,
583 663 737 699 rerum,
763 660 1064 702 personarum,
1108 651 1151 687 et
1190 646 1387 686 locorum
1418 644 1584 685 ratione
1618 644 1749 685 facile

291 719 437 772 possit
456 719 606 771 repeti,
628 724 670 758 et
691 718 746 758 ad
770 720 911 758 certas
926 715 1110 768 regulas,
1133 713 1396 767 easdemque
1424 725 1607 767 paucas,
1628 724 1752 754 revo-

292 787 394 826 cari.
456 785 707 825 Car-minum
728 788 872 825 autem
887 795 1043 835 genera
1064 795 1150 822 non
1175 782 1317 821 solum
1336 780 1503 821 infinita
1524 778 1599 820 sed
1619 779 1751 820 etiam

290 857 442 893 natura
457 867 537 893 sna
554 860 642 894 tam
664 852 837 893 diversa
855 855 965 900 sunt,
982 855 1046 899 ut,
1070 850 1106 890 si
1119 849 1289 901 singula
1310 847 1514 902 quaedam
1535 846 1751 900 excipias,

291 921 558 973 compositio
594 933 742 960 eorum
784 920 838 960 ad
879 922 1105 972 praecepta
1144 916 1300 957 deduci
1340 921 1539 969 nequeat.
1602 915 1753 966 Longe

291 987 414 1027 aliter
435 994 579 1027 autem
613 1001 660 1027 se
689 1000 760 1027 res
796 987 947 1027 habuit
976 986 1018 1025 in
1047 986 1228 1032 ratione,
1252 996 1339 1037 qua
1360 996 1429 1023 res
1461 986 1505 1023 et
1526 982 1751 1022 sententiae

290 1054 518 1107 poetarum
558 1068 675 1094 more
715 1055 889 1106 possint
919 1053 1075 1100 efferri,
1111 1065 1190 1092 seu
1230 1053 1274 1091 in
1307 1049 1478 1091 dicendi
1514 1062 1669 1103 genere
1708 1054 1754 1089 et

291 1124 440 1160 ornatu
471 1120 616 1172 po'etis
651 1120 846 1172 proprio,
883 1131 983 1158 cum
1016 1119 1112 1169 ipse
1134 1130 1288 1166 sermo,
1311 1130 1439 1170 quem
1460 1117 1754 1170 antiquissimi

291 1185 592 1227 Romanorum
625 1185 770 1238 po'etae
806 1185 1106 1232 adhibuerant,
1141 1184 1416 1237 posterisque
1455 1183 1754 1237 adoptandum

289 1253 563 1305 reliquerant,
595 1266 652 1292 ex
674 1252 834 1292 Graeco
856 1252 972 1292 sonte
994 1251 1184 1300 fluxerit,
1221 1252 1264 1290 et
1296 1253 1527 1303 propterea
1556 1250 1754 1291 imitandi

292 1319 575 1369 consuetudo,
638 1319 911 1372 antiquitatis
971 1318 1230 1358 auctoritate
1281 1317 1595 1367 commendata,
1637 1317 1755 1372 apud

294 1386 521 1427 Romanos
551 1387 820 1427 inveteravit.
882 1384 954 1425 Ad
987 1398 1084 1425 eam
1118 1385 1245 1438 igitur
1278 1385 1416 1438 partis
1445 1384 1673 1425 rhetoricae
1695 1385 1753 1425 si-

290 1453 596 1503 militudinem,
633 1467 734 1507 quae
775 1454 829 1494 de
865 1454 1160 1494 enuntiatione
1201 1453 1302 1504 agit,
1346 1453 1566 1493 acutiores
1612 1452 1754 1505 magis

291 1533 423 1573 quam
443 1522 755 1574 ingeniosiores
787 1525 922 1561 totam
944 1520 1155 1560 sermonis
1173 1517 1339 1572 poetici
1361 1519 1583 1567 rationem,
1605 1529 1754 1559 omnes

292 1594 458 1641 tropos,
490 1589 663 1641 figuras,
686 1589 896 1641 imagines
923 1587 981 1628 ad
1015 1592 1131 1628 certa
1168 1599 1322 1640 genera
1354 1590 1395 1626 et
1429 1586 1597 1626 classes
1629 1599 1754 1627 revo-

291 1668 391 1696 care
413 1660 658 1709 coeperunt,
681 1660 729 1696 ut
746 1660 882 1696 totum
905 1659 1163 1710 apparatum
1186 1653 1408 1707 po'e'ticum
1427 1653 1613 1695 scientia
1633 1666 1754 1695 com-

291 1722 426 1775 plecti
448 1727 581 1775 atque
602 1723 646 1763 in
668 1727 842 1777 promtu
862 1723 1022 1763 habere
1059 1722 1362 1774 unusquisque
1391 1725 1545 1775 posset
1568 1721 1625 1762 ad
1660 1734 1755 1762 sen-

291 1790 449 1830 tentias
472 1803 771 1844 quascumque
804 1788 988 1843 poetica
1021 1792 1141 1830 veste
1174 1788 1432 1829 induendas.
1492 1788 1564 1830 Ita
1599 1802 1647 1830 se
1686 1801 1756 1829 res

290 1856 479 1898 habebat
499 1859 582 1898 sub
605 1859 843 1899 serioribus
874 1858 1233 1912 Imperatoribus,
1265 1857 1355 1905 ubi,
1389 1860 1437 1898 ut
1459 1859 1753 1906 monumenta,

291 1937 391 1976 quae
426 1929 598 1966 aetatem
631 1938 688 1966 ex
715 1926 792 1966 illo
827 1939 925 1968 aevo
947 1925 1098 1975 tulere,
1128 1924 1238 1965 satis
1260 1923 1430 1965 abunde
1449 1928 1675 1974 testantur,
1697 1936 1755 1964 ex

289 1992 574 2033 laceratorum
607 1997 651 2034 et
671 1994 1035 2034 comminutorum
1058 1993 1295 2033 carminum
1317 1992 1411 2046 ejus
1432 1993 1591 2041 aetatis,
1623 2004 1755 2046 quam

289 2064 448 2100 vocant
464 2073 659 2110 auream,
695 2061 947 2113 fragmentis
983 2061 1090 2101 satis
1125 2059 1312 2100 ridicule
1334 2058 1551 2099 interdum
1581 2059 1753 2110 comtis,

288 2139 405 2166 nova
424 2128 615 2166 carmina
638 2129 1025 2180 componebantur,
1043 2141 1120 2167 seu
1140 2127 1290 2179 potius
1312 2125 1539 2165 Musarum
1551 2125 1755 2168 ludibria.

290 2191 363 2232 Ex
396 2193 556 2246 quibus
591 2206 660 2241 ea,
699 2205 799 2244 quae
828 2193 996 2245 optima
1018 2196 1132 2241 sunt,
1167 2196 1391 2232 externam
1411 2195 1576 2232 tantum
1598 2192 1754 2233 carmi-

289 2272 392 2300 num
413 2260 606 2312 speciem
641 2258 883 2308 induerunt,
926 2271 1162 2312 eorumque
1196 2262 1399 2298 auctores
1427 2258 1472 2298 id
1500 2258 1631 2300 modo
1650 2272 1755 2301 con-

290 2326 429 2366 secuti
452 2329 562 2374 sunt,
591 2328 642 2365 ut
672 2324 816 2365 verbis
837 2324 1093 2365 sonantibus
1112 2336 1380 2377 numeroque
1399 2328 1441 2366 et
1462 2325 1754 2367 concinnitate

291 2405 493 2434 versuum
516 2392 691 2433 auribus
712 2392 964 2445 colligerent
997 2405 1140 2442 escas,
1177 2404 1361 2445 quarum
1383 2392 1588 2446 voluptas
1607 2396 1755 2434 tamen

290 2460 446 2500 mentis
487 2459 668 2500 fastidio
701 2460 769 2500 vel
811 2459 1020 2500 minuitur
1053 2460 1123 2500 vel
1160 2459 1337 2499 tollitur.
1400 2458 1452 2499 In
1490 2460 1606 2500 omni
1636 2460 1753 2501 enim

289 2527 494 2576 carmine,
527 2526 647 2580 quod
679 2540 762 2567 non
795 2527 961 2580 impetu
995 2526 1185 2580 quodam
1215 2531 1257 2566 et
1294 2525 1448 2567 ardore
1480 2526 1635 2568 mentis
1669 2539 1751 2569 seu

290 2595 649 2648 contemplatione
671 2608 748 2635 seu
771 2596 1035 2647 cogitatione
1056 2595 1245 2648 aliciijus
1258 2595 1317 2634 rei
1339 2598 1569 2634 commotae
1590 2593 1750 2644 fusum,

294 2661 371 2701 sed
392 2660 553 2713 frigida
575 2666 902 2715 praeceptorum
936 2662 1245 2703 observatione
1271 2666 1501 2702 consutum
1531 2664 1613 2711 est,
1633 2661 1753 2702 nulla

293 2725 445 2771 vivida
466 2729 532 2771 vis
567 2742 646 2770 seu
675 2729 825 2773 divina
853 2729 1061 2784 quaedam
1094 2741 1202 2772 aura
1233 2729 1421 2771 lectores
1457 2730 1500 2769 et
1530 2726 1749 2771 auditores
