1857 3177
557 213 619 243 DE
651 213 714 244 lv,
746 211 883 243 coNS.
916 211 1104 242 BONOR-

1468 201 1552 244 233

104 307 302 356 Restitit,
329 307 608 360 extinxitque
629 308 762 357 faces,
784 307 989 361 agrisque
1011 306 1192 346 colonos

102 374 329 423 Reddidit,
352 378 393 414 et
412 374 485 414 leti
506 375 650 427 rapuit
672 375 724 415 de
748 375 946 415 lancibus
966 374 1110 414 urbes.

102 441 243 482 Nulla.
263 443 412 482 relicta
439 441 544 482 soret
570 442 756 483 Romani
778 443 966 482 nominis
990 442 1155 489 umbra,

103 508 166 550 Ni
186 513 308 562 pater
327 509 401 549 ille
422 515 524 550 tuus
539 511 722 564 jamjam
745 511 911 550 ruitura
932 510 1122 549 subisset

103 576 318 626 Pondera,
342 579 648 630 turbatamque
672 582 832 626 ratem3

103 642 392 696 Naufragium
414 658 639 686 commune
660 657 804 684 mauu.

1502 506 1557 546 60

865 580 1066 628 certaque
1090 576 1280 615 levasset

866 642 1001 682 Velut
1021 643 1170 682 ordine
1192 647 1324 695 rupto

103 709 214 752 Cum
235 713 388 764 procul
410 713 577 753 insanae
600 712 814 752 traherent
835 709 1113 750 Phaethonta
1133 709 1371 762 quadrigae,

104 778 378 832 Saeviretque
399 781 508 829 dies,
535 786 783 832 terramque
805 783 848 819 et
869 782 1025 829 stagna
1046 777 1280 830 propinqui

103 845 340 887 Haurirent
358 848 485 896 radii,
508 848 635 887 solito
657 860 756 887 cum
776 858 991 886 murmure
1011 845 1150 886 torvis

1506 843 1563 884 65

105 912 182 953 Sol
203 915 393 954 occurrit
414 915 567 968 equis:
601 915 674 968 qui
696 918 931 967 postquam
954 925 1104 953 rursus
1126 912 1303 953 haeriles

101 1048 132 1076 et
147 1047 300 1086 oppressit
325 1047 431 1080 ta’das.
461 1050 491 1077 et
515 1047 654 1077 restituit
677 1055 798 1085 campos
823 1044 982 1083 agricolis,
1009 1046 1037 1073 et
1065 1043 1207 1073 liberarit
1234 1043 1346 1082 oppida
1373 1052 1413 1073 ex
1434 1042 1566 1082 gurgite

101 1088 208 1128 ipsius
230 1090 351 1119 mortis.

410 1089 505 1119 Nulla
531 1090 645 1128 species
670 1089 800 1128 Imperii
827 1087 960 1118 Romani
987 1087 1193 1123 remansisset,
1216 1085 1277 1115 uisi
1302 1085 1353 1115 ille
1379 1089 1451 1116 tuus
1474 1088 1566 1124 pater

101 1130 308 1162 Theodosius
324 1132 521 1162 sustinuisset
537 1142 611 1161 onus
628 1131 768 1170 Imperii
787 1140 857 1160 mox
870 1139 1020 1167 casurum,
1046 1131 1076 1158 et
1098 1128 1202 1157 navim
1217 1127 1449 1167 perturbatam‚·
1473 1132 1502 1157 et
1519 1137 1566 1157 re-

103 1174 247 1205 movisset
265 1174 349 1212 farti
364 1175 494 1204 dextera
512 1173 711 1212 naufragium
728 1173 913 1203 universum.
963 1171 1238 1207 Quemadmodum,
1265 1180 1355 1200 cursu
1381 1171 1568 1209 interrupto,

104 1225 173 1247 cum
197 1218 265 1256 equi
289 1217 466 1257 przecipites
492 1220 634 1256 raperent
661 1217 751 1254 longe
780 1215 1015 1252 Phaethontem,
1056 1216 1086 1243 ct
1110 1212 1344 1250 calorsurcraet‚
1380 1216 1409 1243 et
1427 1211 1568 1252 flammce

101 1259 255 1298 proximae
281 1260 435 1290 siccarent
460 1262 575 1289 terram
598 1263 626 1289 et
650 1267 757 1298 aarum,
781 1258 834 1287 Sal
856 1267 912 1296 pro
929 1265 1011 1286 more
1038 1255 1212 1294 increpans,
1237 1256 1356 1285 ulwiam
1380 1255 1465 1285 venit
1482 1254 1568 1294 equis

716 1337 952 1350 eeeeeeeeeee

104 1395 188 1428 fares
203 1405 278 1427 cum
298 1397 408 1437 glossa
425 1396 446 1428 i.
463 1407 493 1428 e.
515 1397 642 1436 populos
665 1394 772 1427 Oisel.
805 1393 950 1433 agrisque
975 1393 1093 1423 colonos
1110 1391 1243 1432 plurimi
1261 1390 1369 1422 Codd.
1393 1391 1479 1422 Exc.
1503 1391 1571 1422 Ge-

106 1444 193 1471 vart.
210 1439 353 1471 Lucens.
371 1449 438 1471 sec.
455 1440 535 1470 Var.
557 1440 624 1470 LL.
643 1448 660 1469 e
679 1447 784 1477 marg.
803 1437 918 1466 Parm.
952 1445 1102 1474 agrosque
1119 1436 1236 1465 colonos
1252 1435 1306 1464 vel
1332 1434 1476 1474 agrisque
1492 1435 1569 1464 colo-

106 1481 156 1512 nis
181 1481 296 1513 Oxou.
324 1485 461 1523 pr.——5S
485 1482 554 1512 letis
580 1482 661 1512 Vat.
690 1485 771 1511 tert.
799 1489 842 1509 m.
861 1489 914 1519 pr.
951 1479 1025 1509 tecti
1051 1479 1134 1508 Yar.
1154 1477 1224 1508 LL.
1252 1477 1305 1508 ed.
1332 1477 1436 1507 Antv.
1456 1487 1500 1507 m.
1518 1485 1570 1515 pr.

99 1523 242 1562 fascibus
258 1535 317 1565 pro
326 1524 475 1563 faucibus
492 1525 571 1554 Put.
588 1524 808 1555 nouom-60
829 1521 975 1562 peritura
990 1521 1109 1551 Ambr.
1124 1529 1174 1559 pr.
1189 1519 1313 1551 Sched.
1329 1520 1356 1549 G
1365 1519 1420 1550 nd.
1455 1519 1572 1549 subiret

108 1566 188 1599 Vat.
206 1568 316 1608 quint.
339 1567 455 1598 subiret
474 1568 526 1598 vel
543 1566 676 1598 subisset
692 1566 820 1597 Moret.
839 1567 976 1604 pin—62
993 1565 1059 1594 vult
1076 1563 1184 1593 ordine
1199 1563 1279 1593 Vat.
1299 1564 1465 1593 tert.—63
1492 1562 1572 1591 Cum

106 1610 214 1649 procul
230 1611 361 1641 Thuan.
393 1613 519 1641 ruerent
534 1610 614 1642 Juu.
633 1618 683 1649 pr.
710 1608 866 1639 Phetonta
889 1607 987 1637 ambo
1003 1607 1218 1637 Dioren—64
1241 1605 1437 1643 Serriretque
1452 1603 1573 1634 Ambr.

109 1657 193 1684 tert.
217 1656 375 1693 terrasque
393 1653 479 1693 Reg.
501 1653 630 1683 Morct.
648 1662 715 1683 sec.
733 1650 813 1682 Ald.
840 1650 922 1680 Exc.
940 1650 1039 1680 Voss
1064 1648 1176 1680 Oxou.
1211 1652 1312 1679 terras
1329 1647 1418 1678 Prie.
1435 1646 1572 1677 Tholos.

108 1694 193 1726 Exc.
211 1695 356 1727 Gevart.
394 1699 495 1726 terras
513 1699 542 1725 et
566 1694 660 1726 Med.
679 1699 790 1735 quart.
810 1693 904 1724 Leid.
922 1702 988 1723 sec.
1027 1696 1057 1722 et
1082 1696 1199 1722 terram
1223 1691 1303 1721 Vat.
1329 1699 1379 1731 pr.
1414 1689 1447 1719 in
1462 1692 1574 1727 stagna

108 1737 188 1770 Vat.
204 1743 284 1770 lert.
302 1738 400 1769 Rott.
414 1737 508 1768 Med.
525 1747 592 1768 sec.
605 1737 754 1778 profundi
768 1737 851 1767 ΕΜ.
873 1736 1013 1766 Gevart.
1032 1734 1211 1765 Leid.—65
1235 1733 1336 1763 subito
1354 1733 1430 1763 Pat.
1448 1741 1491 1761 m.
1506 1739 1573 1761 see.

107 1781 253 1822 solitoque
268 1782 301 1812 in
317 1781 412 1812 Med.
425 1789 492 1812 sec.
505 1781 602 1811 torvis
613 1780 680 1810 duo
693 1780 772 1810 Vat.
789 1779 856 1809 duo
870 1777 965 1809 Med.
976 1778 1104 1808 Tlnran.
1119 1777 1246 1807 Moret.
1260 1775 1573 1806 sec.Exc.L11cens.

109 1831 177 1856 sec.
225 1827 330 1855 torvus
358 1830 426 1855 tres
442 1824 522 1855 Vat.
539 1824 638 1854 Farn.
655 1822 748 1854 Prie.
766 1822 862 1853 Rott.
882 1821 989 1852 Oisel.
1035 1823 1139 1850 torvus
1154 1819 1208 1849 vel
1225 1818 1322 1849 torvis
1338 1817 1449 1848 Oxon.
1463 1826 1573 1847 sec.—

767 1927 912 1960 NOTAE

152 2006 194 2034 5⁷
219 2003 333 2043 Faces]
371 2003 537 2036 lucendio
565 2008 602 2034 et
632 2002 813 2033 vastationi

112 2058 264 2094 paratas.

154 2106 196 2134 58
221 2103 293 2134 Leti
307 2102 514 2143 desaucz'bus]
539 2103 590 2134 Ex
607 2103 681 2143 ipso
698 2102 814 2134 interi-

112 2160 162 2194 tu,
187 2159 223 2185 et
249 2155 345 2185 ruina
361 2154 638 2194 praesentissima,
661 2154 756 2184 velut
772 2162 814 2183 ex

111 2203 267 2235 faucibus
287 2204 448 2234 inhiantis
485 2203 622 2241 belluae,
657 2203 815 2234 liberavit

110 2253 309 2295 Imperium.
356 2254 499 2285 Cicero:
523 2254 532 2269 ‘
548 2253 675 2284 Urbem
692 2262 736 2284 ex
749 2262 817 2283 om-

110 2304 146 2336 ni
161 2304 293 2345 impetu
309 2305 468 2340 hostium,
485 2313 524 2334 ac
541 2303 646 2334 totius
662 2302 741 2333 belli
757 2311 816 2333 ore

111 2364 152 2387 ae
167 2354 324 2386 faucibus
345 2359 499 2394 ereptam
523 2363 598 2385 esse
622 2357 726 2394 atque
748 2361 817 2383 ser-

110 2404 250 2437 vatam.’

155 2458 196 2487 61
220 2455 450 2496 Turbatamque
462 2454 578 2495 ratem]
603 2453 727 2486 Navim
740 2453 819 2484 Rei-

111 2505 194 2547 pub.
222 2504 414 2538 fluitantem
437 2505 471 2536 in
499 2506 582 2544 alto,
607 2505 820 2546 tempestati-

114 2556 178 2588 bus
207 2556 389 2595 bellorum,
418 2567 495 2598 quae
537 2556 696 2596 Barbari,
725 2556 820 2587 velut

116 2605 347 2650 Archipiratae
363 2613 485 2640 contra
500 2608 672 2639 Romanos
693 2606 819 2638 excita—

120 2656 213 2691 bant.

161 2711 203 2740 62
239 2709 469 2750 Naufragium]
508 2709 586 2742 Nisi
612 2708 821 2740 Theodosius

121 2768 182 2791 sua
203 2758 332 2791 virtute
346 2760 531 2792 relevasset
546 2759 657 2791 navim
675 2768 821 2791 commn-

869 2010 960 2039 nem,
990 2008 1066 2030 mox
1096 1989 1295 2037 naufragam
1326 1994 1486 2034 futuram,
1515 2005 1574 2026 seu

869 2049 1080 2089 naufragium
1109 2057 1300 2088 passuram.
1359 2047 1413 2077 Sic
1444 2046 1574 2084 naufra-

867 2102 955 2140 gium
982 2099 1123 2140 ponitur
1144 2109 1206 2139 pro
1235 2098 1311 2128 navi
1338 2096 1513 2137 naufraga,
1536 2099 1574 2128 ut

871 2151 962 2191 apud
980 2151 1180 2182 Ciceronem
1192 2149 1303 2179 scelus
1318 2157 1377 2188 pro
1395 2147 1573 2186 scelerato,

872 2200 1135 2241 Metouymicffis.

914 2251 1032 2280 Ordine
1044 2248 1150 2290 rupto]
1176 2249 1431 2279 Elementorum
1448 2257 1573 2278 rernm-

871 2310 935 2342 que
952 2300 1100 2331 omnium
1118 2308 1217 2330 cursu
1236 2298 1390 2338 abrupto.

913 2353 954 2382 63
978 2348 1195 2388 Phaethonta]
1233 2347 1355 2378 Phoebi
1379 2350 1414 2377 et
1441 2346 1576 2386 Clyme-

872 2410 932 2432 nes
948 2399 1068 2439 fllium,
1085 2400 1140 2430 cui
1164 2397 1367 2437 efflagitanti
1390 2397 1421 2427 in
1440 2397 1577 2437 paterni

874 2452 996 2482 amoris
1007 2451 1141 2492 pignus,
1153 2448 1300 2480 Phoebns
1312 2447 1459 2478 dederat
1472 2457 1576 2488 equos

874 2502 1043 2543 regendos
1058 2513 1066 2540 3
1092 2506 1127 2532 at
1143 2501 1220 2541 equi
1245 2499 1321 2530 mali
1339 2499 1484 2529 rectoris
1500 2507 1576 2530 con-

875 2554 950 2594 scii,
967 2562 1044 2584 enm
1062 2561 1122 2592 per
1138 2550 1236 2582 devia
1253 2553 1452 2589 rapuerunt,
1468 2553 1504 2580 et
1524 2558 1576 2580 or-

876 2604 951 2635 bem
967 2603 1203 2634 incenderunt.
1247 2599 1425 2630 Phaethon
1443 2599 1579 2639 dicitur,

877 2654 937 2686 ἀπὸ
949 2655 1005 2685 τοῦ
1021 2652 1155 2693 φαέθειι,
1169 2653 1279 2690 lucere,
1297 2650 1417 2681 ardere.

920 2708 962 2737 64
987 2703 1125 2744 Stagna]
1149 2702 1276 2744 Aquas,
1292 2709 1369 2742 pars
1387 2709 1447 2742 pro
1466 2703 1548 2732 toto.
