1857 3177
689 208 1022 240 FESCENNlNA.
1066 236 1068 238 ,
1499 195 1585 238 343

353 308 503 362 Eques
524 306 705 348 Gelonis
727 306 1016 359 imperiosior,

354 377 469 428 Quae
493 376 624 428 digna
645 376 801 416 mentis
822 375 920 414 laus
940 374 1021 414 erit
1043 372 1222 414 arduae'l

354 443 470 494 Quae
490 443 618 496 digna
637 443 785 483 sormae
807 442 902 480 laus
925 441 1005 480 erit
1025 442 1160 493 igneae
1174 441 1193 480 'l
1557 451 1584 479 υ

354 511 420 551 Te
441 510 562 550 Leda
582 510 741 558 mallet,
763 520 893 561 quam
916 507 1019 548 darc
1043 508 1269 549 Castorem
1287 521 1297 548 :

354 578 538 619 Praefert
559 577 725 618 Achilli
746 581 788 617 te
811 575 993 628 proprio
1016 575 1167 616 Thetis
1186 589 1196 616 :

355 645 537 686 Victum
561 646 718 686 fatetur
740 642 881 684 Delos
903 640 1152 694 Apollinem
1171 656 1181 682 ε

354 713 503 754 Credit
523 713 732 752 minorem
754 709 898 763 Lydia
919 708 1142 749 Liberum.

353 781 422 821 Tu
443 793 539 820 cum
562 792 638 832 per
657 779 772 818 altas
794 777 983 830 impiger
1003 777 1128 817 ilices
1372 784 1378 796 ³
1530 775 1586 815 10

354 846 512 887 Praedo
535 846 719 885 citatum
740 842 1018 897 cornipedem
1037 844 1168 895 regis,

355 913 615 966 Luduntque
642 912 783 955 ventis
805 911 1037 952 instabiles
1059 924 1216 960 comae,

123 1014 189 1045 einr
220 1013 361 1053 Gelonis,
389 1014 469 1053 quod
500 1015 646 1044 meritum
676 1013 736 1044 erit
767 1012 902 1052 elogium
939 1011 1036 1043 animi
1067 1011 1115 1042 tui
1148 1007 1289 1042 excelsi?
1326 1009 1405 1049 quod
1442 1007 1588 1039 meritum

124 1059 186 1087 erit
201 1057 334 1095 elogium
357 1056 600 1095 pulchritudiuis
625 1062 692 1087 tuae
717 1053 899 1086 radiantis?
921 1054 1006 1084 Leda
1031 1054 1136 1084 mallet
1157 1053 1310 1093 peperisse
1331 1057 1373 1091 te,
1399 1061 1490 1091 quum
1514 1052 1590 1082 Cus-

124 1104 239 1130 torem:
272 1099 378 1130 Thetis
400 1102 595 1139 anteponeret
623 1103 653 1129 te
680 1098 796 1129 Achilli
819 1108 873 1128 suo
898 1096 980 1128 filio.
1016 1097 1113 1128 Delos
1134 1095 1317 1137 confiteatur
1336 1095 1484 1125 Phoebum
1498 1104 1587 1134 supe-

123 1146 226 1174 ratum
250 1152 270 1173 a
287 1148 332 1174 tc.
377 1141 480 1183 Lydia
502 1145 594 1182 putat
623 1141 780 1172 Bacchum
809 1140 1000 1178 inferiorem.
1049 1140 1095 1170 Tu
1118 1149 1186 1170 cum
1217 1142 1342 1170 venator
1367 1138 1499 1177 diligens
1528 1138 1586 1167 im-

736 1228 753 1239 e
759 1226 870 1238 “00‘ae
876 1226 972 1237 eecce

124 1285 199 1314 uina
210 1284 247 1314 de
266 1284 397 1323 Nuptiis
412 1284 549 1314 Honorii
571 1284 646 1321 Aug.
665 1283 820 1314 Fescennu
835 1286 888 1312 est
913 1281 946 1311 in
962 1281 1095 1311 Bonon.
1117 1279 1261 1309 Lucens.
1279 1287 1331 1317 pr.
1349 1276 1488 1307 exhibet
1507 1276 1588 1307 Inci-

121 1327 171 1366 pit
187 1327 376 1357 fescennina
395 1327 432 1356 de
449 1327 580 1366 Nuptiis
598 1326 733 1356 Honorii
747 1324 896 1363 Augusti.
943 1323 1051 1353 Aldus
1071 1321 1318 1362 Epithalamium
1333 1319 1500 1349 inscribit.
1547 1319 1588 1349 In

126 1368 207 1399 Var.
226 1370 294 1400 LL.
313 1379 330 1400 c
348 1379 456 1409 marg.
482 1370 594 1399 Parm.
612 1368 768 1399 similiter
784 1368 910 1407 legitur
924 1365 1170 1406 Epithalamium
1185 1373 1274 1404 super
1291 1362 1425 1402 Nuptias
1443 1361 1588 1392 Honorii.

124 1411 328 1443 Fescennina.
345 1412 379 1443 in
398 1413 478 1443 Lov.
497 1412 578 1443 Exc.
595 1412 727 1442 Schott.
745 1415 780 1441 et
797 1409 920 1441 Sched.
943 1409 1036 1440 Gud.
1054 1406 1223 1439 Fescenina
1240 1410 1394 1436 vocatur.
1427 1402 1589 1435 Heinsius

124 1455 331 1495 ascripserat
355 1455 431 1486 loca
444 1455 565 1486 Senec.
587 1454 680 1485 Med.
700 1464 733 1494 p.
750 1456 824 1484 223.
849 1452 995 1484 Casaub.
1013 1451 1057 1482 de
1072 1451 1184 1490 Satyr.
1203 1448 1305 1480 Poe'si
1322 1458 1355 1489 p.
1373 1450 1449 1479 235.
1464 1446 1588 1479 Horat.

124 1497 235 1538 Epist.
252 1498 293 1528 ad
313 1497 402 1538 Aug.
421 1503 456 1529 et
470 1498 582 1529 Schol.
601 1508 633 1538 p.
650 1500 724 1528 694.

170 1543 186 1570 1
210 1541 326 1571 clarior
341 1542 421 1571 Vat.
449 1545 531 1572 tert.
557 1550 601 1571 m.
631 1550 682 1580 pr.
705 1540 787 1570 Var.
814 1539 883 1570 LL.
911 1548 930 1569 e
957 1547 1062 1579 marg.
1082 1537 1197 1567 Parm.
1221 1534 1336 1566 clarior
1352 1533 1405 1563 vel
1428 1532 1590 1573 pulchrior

125 1583 320 1615 Mazara—2
343 1584 472 1623 sagittis
488 1584 539 1614 vel
555 1583 691 1622 sagittas
706 1583 786 1613 Vat.
812 1586 894 1613 tert.
917 1582 1043 1612 mittere
1067 1580 1144 1611 Pal.
1170 1577 1264 1609 Med.
1282 1587 1333 1617 pr.
1350 1576 1474 1607 tendere
1487 1579 1540 1605 est
1556 1574 1589 1604 in

124 1626 286 1666 vulgatiS.
323 1626 486 1657 Heinsius
502 1627 710 1666 ascripserat
734 1634 829 1665 seqq.
843 1626 853 1642 ‘
868 1623 1065 1655 Videndum
1082 1632 1125 1653 an
1152 1623 1274 1652 tendere
1287 1620 1420 1658 sagittas
1435 1618 1480 1648 sit
1496 1617 1592 1648 Lati-

123 1678 214 1700 num.
242 1669 377 1700 Tendere
391 1679 497 1700 arcum
513 1669 651 1699 dicitur.
674 1669 834 1699 intendere
848 1667 968 1706 spicula
993 1665 1145 1706 Epithal.
1158 1663 1289 1694 Pallad.
1303 1665 1355 1693 20.
1370 1672 1377 1692 :
1398 1660 1517 1691 Mollia
1528 1660 1590 1690 las-

125 1711 209 1742 civis
233 1711 417 1743 intendunt
432 1712 565 1752 spicula
580 1711 714 1742 Faunis.
730 1709 898 1752 quomodo
916 1714 950 1740 et
966 1709 1053 1739 Bell.
1071 1707 1167 1739 Gild.
1185 1712 1219 1737 et
1237 1707 1386 1736 intentos
1403 1704 1510 1744 capiti
1526 1703 1591 1733 cir-

123 1754 436 1795 cumspicitenses!
458 1754 578 1786 doctior
593 1755 671 1785 Vat.
687 1763 739 1794 pr.
752 1754 836 1784 Exc.
854 1753 935 1784 Put.
950 1751 1032 1783 Var.
1046 1751 1113 1782 LL.
1131 1760 1148 1781 e
1166 1759 1272 1789 marg.
1290 1748 1472 1778 Parm.—-3
1490 1745 1592 1786 Equis

124 1798 258 1828 Tliolos.
306 1798 410 1838 Eques
433 1798 486 1830 vel
501 1799 600 1838 Equis
614 1797 693 1827 Vat.
720 1801 800 1827 tert.
826 1796 946 1826 Heius.
969 1794 1176 1834 ascripserat
1198 1791 1328 1822 Auson.
1343 1791 1409 1830 Ep.
1427 1798 1504 1821 xm.
1518 1789 1592 1820 init.

124 1843 189 1872 -6
210 1840 294 1872 Lede
310 1841 388 1872 Vat.
403 1851 453 1881 pr.
476 1842 569 1872 malet
587 1841 776 1870 Mazar.—7
803 1837 931 1877 Profert
943 1837 1055 1868 Oxon.
1072 1845 1123 1877 pr.
1143 1835 1269 1875 propior
1288 1833 1394 1863 Thetis
1409 1833 1492 1863 Exc.
1507 1831 1593 1863 Cod.

126 1883 310 1915 Rheon—9
335 1884 444 1915 Credit
461 1884 515 1914 vel
535 1883 649 1914 Condit
666 1883 848 1913 Rott.—1o
873 1881 919 1911 Τιι
929 1890 1021 1920 quum
1034 1879 1186 1910 Florent.
1203 1884 1272 1908 tres
1283 1875 1378 1906 Med.
1395 1874 1513 1905 Ambr.
1539 1883 1590 1913 pr.

125 1926 259 1958 Tholos.
276 1927 361 1958 Exc.
384 1927 528 1957 Lucens.
544 1936 593 1966 pr.
634 1925 712 1956 Tum
729 1934 821 1965 quum
837 1923 913 1955 edd.
931 1923 1044 1954 Vicet.
1061 1922 1175 1952 Parm.
1191 1920 1314 1961 Isingr.
1332 1918 1440 1949 Colin.
1457 1916 1590 1956 Gryph.

131 1969 214 2000 Tunc
226 1979 319 2008 quum
332 1969 424 2000 Med.
442 1969 678 2010 quart.Ursin.
691 1967 776 1998 Cod.
814 1968 893 1997 Cum
905 1970 939 1997 tu
951 1966 1015 1996 inc.
1033 1964 1153 1995 Heins.
1176 1963 1197 1993 Ι
1210 1972 1288 1993 nunc
1298 1961 1463 1992 Lov.—ll
1480 1959 1593 1990 Praedo

127 2012 205 2042 Vnt.
223 2021 272 2051 pr.
289 2015 357 2042 vet.
375 2012 458 2051 Gyr.
474 2012 573 2042 Farn.
590 2015 624 2042 et
642 2011 724 2041 Exc.
748 2011 892 2040 Lucens.
911 2018 978 2039 sec.
995 2007 1153 2047 apposito
1174 2005 1210 2040 -l-
1229 2005 1334 2045 signo.
1377 2003 1494 2033 Praedu
1509 2001 1592 2032 Κω-

127 2054 195 2093 nig.
213 2054 317 2085 Gesn.
335 2057 370 2085 et
385 2053 437 2084 ed.
451 2053 590 2094 Bipont.
624 2053 733 2083 Rhoda
747 2053 798 2082 vel
814 2052 912 2082 Freno
928 2051 1125 2092 conjecerat
1142 2047 1314 2084 Heinsius,
1331 2045 1389 2076 sed
1409 2044 1517 2076 Rheda
1532 2044 1592 2075 de-

127 2097 268 2128 leverat.
312 2097 398 2137 regis
423 2097 502 2128 Vat.
519 2097 626 2137 quint.
644 2096 739 2127 Rott.
767 2095 888 2126 Petav.
917 2104 984 2125 sec.
1024 2102 1112 2132 reges
1129 2096 1275 2132 quatuor
1288 2089 1384 2120 vatt.
1401 2088 1475 2119 Pal.
1492 2087 1590 2118 Farn.

129 2139 220 2171 Prie.
238 2140 344 2171 Oisel.
362 2140 472 2170 Vicet.
488 2140 602 2170 Parin.
621 2137 698 2169 Ald.
717 2138 862 2178 Raphel.
878 2136 1000 2177 Isiugr.
1040 2145 1132 2174 regas
1150 2133 1243 2165 Leid.
1261 2141 1312 2173 pr.
1329 2131 1441 2163 Oxou.
1457 2139 1507 2171 pr.
1527 2130 1591 2160 Lu-

128 2192 218 2214 cens.
233 2188 301 2213 vet.
318 2182 400 2222 Gyr.
420 2183 500 2222 Reg.
513 2192 555 2212 m.
571 2192 620 2222 pr.
637 2181 728 2212 Med.
743 2185 822 2212 tert.
836 2180 1044 2211 Heius—12
1068 2178 1254 2216 Luduntque
1271 2176 1364 2206 Rott.
1378 2174 1462 2213 Reg.
1479 2172 1591 2204 Oxou.

128 2235 178 2266 pr.
202 2226 386 2266 Luduntque
402 2230 480 2257 octo
496 2225 565 2265 alii,
579 2225 660 2255 item
676 2224 761 2264 Gyr.
778 2224 862 2255 Exc.
879 2224 1023 2254 Lucens.
1037 2230 1104 2253 sec.
1120 2224 1156 2252 et
1172 2219 1291 2251 Heius.
1322 2217 1507 2257 Ludentque
1523 2225 1592 2247 om-

785 2315 818 2347 N
823 2312 926 2347 OTAE

173 2381 313 2422 Certior]
351 2380 462 2421 Adeo,
488 2385 526 2412 ut
551 2380 664 2412 nullus
698 2380 786 2412 ictus
815 2390 835 2411 a
888 2378 998 2417 lestis,
1014 2377 1152 2409 diviuae.

128 2441 232 2472 scopo
249 2431 433 2463 aberraret.
931 2432 951 2461 G
975 2429 1073 2469 Leda]
1096 2429 1191 2459 Uxor
1201 2423 1352 2466 Tyndari
1366 2422 1511 2455 OEbaliae
1525 2420 1593 2452 Re-

171 2485 191 2513 3
217 2481 360 2522 Gelonis]
384 2481 430 2513 Hi
447 2485 525 2512 sunt
538 2481 689 2522 Scytliiae
706 2480 836 2522 populi,
890 2482 953 2523 giS,
968 2485 1079 2512 mater
1095 2476 1245 2510 Pollucis
1260 2479 1297 2506 et
1312 2473 1474 2505 Castoris.

127 2531 303 2572 equitandi
325 2532 536 2572 peritissimi.
934 2534 974 2564 10
1001 2531 1063 2562 Per
1076 2530 1157 2561 ultas
1171 2525 1270 2566 ilices]
1307 2525 1376 2556 Per
1390 2524 1503 2564 sylvas
1521 2521 1593 2552 aliis

171 2581 390 2622 Imperiosior]
413 2581 511 2613 Adeo
527 2586 565 2614 ut
582 2591 706 2624 equum
722 2585 836 2613 vertat
887 2581 1006 2613 invias.

131 2641 345 2674 quocumque
359 2633 517 2664 voluerit.
932 2635 970 2663 11
1004 2628 1133 2669 Proedo]
1177 2625 1358 2659 Praedator
1383 2626 1591 2663 venatorque

173 2684 193 2713 4
211 2683 330 2714 Mentis
343 2683 464 2723 arduoe]
490 2684 604 2715 Rebus
614 2683 764 2715 'excelsis
780 2692 834 2714 oc·
887 2682 1049 2714 ferarum.
1093 2678 1162 2710 Alii
1179 2678 1311 2718 legunt,
1327 2675 1435 2715 praeda
1449 2673 1592 2711 citatum,

131 2736 280 2773 cupatae,
295 2735 348 2764 vel
365 2735 466 2765 animi
482 2734 646 2766 sublimis.
888 2733 983 2774 quasi
998 2732 1072 2773 ipse
1094 2738 1199 2771 equus
1226 2725 1452 2758 inflammatus
1474 2722 1593 2765 praeda

174 2787 191 2814 5
216 2783 468 2824 1⁴'01·moeigneoe]
515 2784 740 2826 Excellentis,
767 2794 834 2816 coe-
888 2783 992 2814 volet.
