1857 3177
565 246 628 275 nr.
664 245 818 276 senno
850 247 1138 278 GiLnoch.
1493 238 1579 283 403

121 336 171 379 Si
194 337 468 380 Pandionias
490 340 671 393 planctu
693 346 871 382 traxere
893 342 1135 396 phalanges

126 407 375 455 Inachides,
399 408 606 462 belloque
627 422 760 459 rogos
782 423 975 451 meruere
997 412 1164 452 maritis
1187 426 1196 453 :

124 474 173 515 Si
194 480 370 515 moestae
391 476 595 529 squalore
612 491 766 527 comae,
789 478 1081 532 lacrymisque
1105 479 1315 522 Senatum

123 541 178 582 In
202 541 419 582 Numidas
437 544 593 595 pulsus
616 547 727 586 solio
748 546 984 585 commovit
1013 546 1264 588 Adherbal:

126 608 260 649 Hunc
284 623 456 662 quoque
475 625 586 653 nunc
610 612 791 662 Gildon,
814 616 935 653 tanto
958 627 1085 666 quem
1108 615 1254 655 funere
1275 616 1437 667 mersit,
1495 617 1581 659 410

125 674 260 717 Hunc
283 677 432 718 doleat
452 680 623 720 venisse
641 680 809 728 ducem,
828 692 1011 732 seseque
1031 681 1238 722 minorem

123 742 412 797 Supplicibus
438 747 551 786 sciat
574 760 673 789 esse
696 749 799 788 tuis.
861 746 1005 796 Quem
1027 748 1130 788 sede
1153 749 1336 801 fugavit,

126 810 260 851 Hunc
282 825 486 866 praeceps
507 813 669 865 fugiat:
707 814 837 866 fregit
859 827 989 867 quem
1011 815 1150 864 clade,
1172 817 1398 857 tremiscat
1416 831 1427 869 ;

126 911 295 947 rapuerunt
302 907 385 946 fletu
396 912 536 939 catervas
550 910 760 949 Athenienses,
774 914 804 942 et
819 912 996 950 promerita>
1017 916 1089 943 sunt
1103 923 1209 953 pugna
1225 923 1285 944 sua
1295 924 1391 955 pyras
1408 924 1468 955 pro
1483 916 1586 955 conjn-

122 950 215 988 gibus
231 950 298 979 suis
313 961 320 980 :
346 951 372 980 si
389 951 544 982 Adherbal
556 954 700 983 detrusus
713 964 752 984 ex
768 955 842 984 solio
855 964 914 984 sno
929 955 1066 985 incendit
1083 955 1224 987 sordibus
1239 958 1420 995 capillorum
1446 959 1588 990 tristium

123 995 153 1023 et
167 991 299 1032 fletibus
314 992 461 1024 Senatum
477 999 584 1025 contra
611 996 763 1027 Numidas
776 1008 785 1026 :
810 997 904 1027 Gildo
918 998 1038 1037 pariter
1054 998 1192 1028 moerebie
1209 999 1250 1029 ob
1263 1000 1341 1030 hunc
1359 1000 1587 1032 Mascezeiem

125 1044 215 1074 quem
242 1035 360 1076 afflixit
376 1037 473 1067 tantis
502 1037 661 1074 mortibus,
685 1039 840 1070 moerebit
866 1050 945 1070 nunc
970 1041 1074 1071 adesse
1099 1041 1178 1071 hunc
1198 1042 1369 1080 ductorem,
1385 1047 1413 1073 et
1429 1047 1589 1081 cognoscet

123 1076 306 1116 inferiorem
320 1089 353 1109 se
379 1089 452 1110 esse
475 1080 638 1111 clientibus
651 1081 723 1112 cuis.
771 1082 832 1113 Ille
851 1082 954 1113 Gildo
970 1082 1104 1123 effugiat
1121 1085 1197 1114 celer
1214 1094 1293 1122 eum,
1308 1095 1396 1124 quem
1411 1087 1532 1125 expulit
1545 1096 1587 1118 ex

739 1165 974 1176 eeeeeeeeeeee

126 1214 214 1241 vart.
240 1211 323 1241 Var.
357 1212 423 1243 LL.
452 1213 506 1243 ed.
540 1212 751 1246 Auum—406
778 1216 819 1246 Et
837 1216 1029 1247 Pandionias
1053 1216 1134 1248 Vat.
1152 1217 1258 1258 quint.
1274 1218 1409 1249 Titulos.
1451 1218 1589 1250 Inachiae

126 1253 208 1284 vat.
227 1263 295 1285 sec.
328 1254 485 1286 Inachidae
499 1256 633 1287 T‘liolos.
661 1257 753 1288 Med.
780 1263 860 1289 tert.
877 1259 944 1289 duo
963 1259 1076 1290 Oxon.
1091 1260 1170 1291 Var.
1189 1261 1255 1291 LL.
1273 1261 1327 1290 ed.
1354 1260 1456 1291 Antv.
1484 1261 1591 1291 mariti

128 1296 254 1327 Moret.
269 1306 321 1336 pr.
337 1297 452 1328 Oxou.
470 1307 537 1329 sev.
556 1309 598 1329 m.
614 1309 681 1330 sec.
716 1301 845 1331 maritos
871 1301 954 1341 legit
982 1302 1208 1333 Heius-408
1233 1307 1337 1333 moesto
1352 1304 1502 1343 squallore
1523 1302 1589 1333 duo

129 1338 251 1369 Leidd.
269 1346 303 1369 et
335 1340 453 1380 viginti
478 1346 609 1380 septem
636 1343 706 1381 alii,
728 1344 813 1374 Exc.
828 1344 927 1380 Laeti,
944 1344 1086 1376 Gevart.
1103 1344 1182 1375 Ald.
1199 1351 1234 1375 et
1252 1346 1332 1375 Var.
1355 1346 1422 1376 LL.
1444 1356 1462 1375 e
1486 1355 1592 1385 marg.

128 1380 244 1411 Parm.
280 1386 403 1413 moestus
413 1394 456 1423 sq.
472 1394 565 1414 cmnoe
582 1385 666 1416 Exc.
684 1385 767 1417 Cod.
786 1386 904 1417 Rliem.
942 1391 1057 1418 moestae
1084 1388 1223 1428 squalore
1246 1397 1339 1418 coma>
1356 1388 1438 1419 Exc.
1459 1387 1591 1419 Rubeu.

128 1432 245 1464 sparsa·
271 1435 364 1455 comoe
382 1426 460 1457 Put.
479 1427 567 1457 unde
591 1427 751 1459 Heinsius
776 1438 876 1469 passae
899 1429 992 1469 legit.
1031 1434 1152 1460 moestas
1167 1440 1267 1460 comus
1282 1431 1336 1461 ed.
1354 1431 1465 1461 Vicet.
1498 1441 1591 1462 comae

128 1467 196 1497 duo
213 1466 330 1498 Leidd.
358 1469 498 1500 totidem
527 1470 642 1501 Oxou.
660 1476 695 1502 et
714 1472 832 1502 Heins-
848 1471 946 1502 ambo
965 1473 1090 1504 Moret.
1108 1478 1178 1503 tres
1197 1473 1311 1503 Ambr.
1337 1479 1483 1514 quatuor
1502 1473 1591 1504 Med.

129 1509 283 1541 Florent.
315 1511 444 1542 Bonon.
476 1512 553 1543 Pat.
582 1513 714 1544 Tholos.
751 1515 830 1546 Lov.
857 1515 938 1545 vat.
971 1515 1080 1546 Livin.
1111 1515 1188 1547 ΑΜ.
1219 1521 1255 1546 et
1287 1516 1372 1546 Exc.
1405 1516 1594 1547 Gevart.—

128 1553 194 1583 409
215 1553 290 1583 solio
305 1555 412 1593 pulsus
424 1555 545 1585 petav.
564 1565 632 1586 sec.
668 1558 761 1587 socios
780 1556 876 1588 Leid.
890 1567 939 1597 pr.
954 1567 996 1588 m.
1015 1568 1064 1598 pr.
1084 1558 1189 1589 Oisel.
1208 1559 1356 1589 Fron-ent.
1373 1568 1415 1589 m.
1432 1568 1481 1598 pr.
1517 1558 1593 1588 solio

130 1595 294 1625 vel-socios
312 1596 391 1627 Put.
429 1598 597 1628 commissit
627 1598 701 1629 Pal.
726 1600 819 1630 Med.
851 1609 902 1639 pr.
942 1601 1098 1631 Adherbal
1114 1601 1191 1631 Vat.
1209 1601 1316 1641 quint.
1353 1601 1503 1631 Atherbal
1519 1601 1594 1631 Flo-

130 1641 217 1668 rent.
253 1638 416 1669 Adher-bas
445 1641 534 1671 l'ric.
560 1646 627 1671 tres
647 1641 742 1672 Med.
766 1641 883 1672 Ambr.
911 1652 961 1682 pr.
989 1643 1151 1673 Adherbas
1167 1644 1219 1672 vel
1240 1643 1376 1673 Hiarbas
1392 1643 1595 1674 Petav.sec.

130 1682 238 1711 —410
263 1680 336 1710 Huc
358 1692 473 1721 qaoque
497 1683 625 1713 Mazar.
666 1684 757 1713 Nunc
783 1694 896 1723 qaoque
925 1684 992 1713 duo
1023 1686 1118 1716 Van.
1152 1685 1251 1715 Fau-n.
1282 1685 1388 1715 Oisel.
1419 1684 1512 1716 Leia.
1542 1694 1593 1725 pr.

132 1722 247 1753 Oxon.
266 1732 334 1754 sec.
359 1724 486 1755 Moret.
511 1734 581 1755 sec.
606 1726 691 1756 Exc.
709 1726 810 1764 Laeti,
828 1726 970 1757 Gevart.
988 1727 1040 1757 ed.
1058 1728 1171 1758 Vicet.
1213 1727 1305 1758 Hunc
1321 1727 1510 1758 octodecim
1526 1727 1595 1766 alii,

133 1764 211 1796 Ald.
239 1765 318 1796 Var.
342 1767 412 1797 LL.
443 1776 461 1797 e
491 1777 599 1807 marg.
632 1768 746 1798 Parm.
776 1774 810 1799 et
836 1769 892 1799 ed.
919 1768 1023 1800 Antv.
1062 1771 1105 1800 nil
1123 1770 1218 1800 Gildo
1245 1771 1338 1800 Rott.
1376 1770 1491 1799 Gildaem
1513 1771 1595 1801 Exc-

133 1807 229 1838 Laeti.
245 1818 332 1848 quem
342 1811 431 1838 tanto
447 1809 524 1840 Vat.
543 1811 651 1848 quint.
670 1811 763 1840 Med.
777 1817 887 1851 quart.
907 1812 990 1850 Reg.
1019 1812 1137 1843 Petav.
1164 1822 1212 1851 pr.
1231 1812 1473 1842 'tholos—411
1502 1812 1595 1842 Hunc

128 1851 231 1881 doleat
263 1850 328 1880 duo
352 1850 473 1880 Leidd.
509 1861 584 1881 cum
614 1852 759 1881 sedet-im
788 1853 872 1891 aliis,
908 1853 994 1882 Exc.
1020 1854 1118 1892 Laui,
1144 1854 1283 1884 Gevart.
1311 1853 1387 1883 Ald.
1421 1854 1499 1884 Var.
1524 1854 1594 1886 LL'.

130 1902 151 1923 e
171 1902 275 1933 marg.
296 1892 409 1923 Parm.
427 1898 461 1923 et
480 1893 558 1925 var.
582 1894 648 1924 LL.
674 1893 728 1924 ed.
754 1893 860 1925 Antv.
897 1895 966 1925 Huc
997 1895 1124 1926 Bonon.
1153 1896 1245 1926 Nunc
1270 1895 1346 1926 Pat.
1370 1896 1506 1926 Tholas.
1525 1900 1595 1927 tres

134 1934 252 1965 Ambr.
278 1934 332 1965 ed.
363 1935 473 1966 Vicet.
511 1936 628 1966 venisse
658 1936 710 1966 vel
741 1937 871 1967 crevisse
905 1937 999 1967 Med.
1027 1947 1095 1969 sec.
1132 1938 1276 1977 sibipro
1300 1939 1406 1968 dacem
1421 1938 1595 1968 Thuan.—

134 1980 196 2008 412
212 1977 411 2017 Supplicibus
427 1978 510 2008 Exc.
532 1978 630 2010 Laeti.
667 1979 828 2018 suppliciis
842 1980 934 2010 Med.
953 1989 1020 2010 sec.
1038 1990 1078 2010 m.
1096 1990 1146 2020 pr.
1168 1980 1380 2010 l’at.Moret.
1397 1989 1465 2010 sec.
1481 1980 1595 2012 Vicet.

131 2019 196 2050 sais
226 2020 291 2050 inc.
318 2020 440 2050 Heim.
477 2022 559 2050 ccede
585 2020 679 2051 Med.
704 2024 879 2052 seta—413
905 2022 998 2052 Hunc
1029 2023 1161 2062 plurimi
1191 2022 1299 2053 Codd.
1334 2023 1418 2053 Exe.
1451 2023 1595 2054 Gevart.

135 2062 223 2093 Laeti
248 2067 283 2092 et
311 2062 442 2094 Ruben.
474 2062 552 2094 Ald.
580 2062 658 2094 item
684 2064 764 2093 Var.
791 2064 857 2095 LL.
890 2065 942 2096 ed.
967 2064 1072 2096 Antv.
1108 2065 1251 2105 princeps
1274 2065 1353 2095 Vat.
1369 2065 1477 2106 quint.
1496 2066 1594 2097 Farn.

794 2147 937 2178 NOTAE

133 2219 338 2260 constituta,
366 2219 498 2252 miseris
524 2225 560 2252 et
589 2220 724 2253 afflictis
751 2220 841 2253 futu-

134 2280 208 2302 rum
222 2269 429 2312 perfugium.

176 2324 242 2354 406
264 2323 471 2364 Pandionias]
483 2323 708 2356 Athenienses
721 2334 740 2355 a
754 2324 842 2356 Pana

135 2371 236 2403 dione
256 2372 364 2413 Rege.

178 2424 241 2453 407
267 2422 444 2463 Inachides]
491 2423 627 2463 Argiva».
670 2424 842 2464 mulieres,

135 2471 243 2504 dictae
266 2471 310 2503 ab
337 2473 464 2505 Inacho
489 2473 594 2506 fluvio
617 2474 730 2516 Argos
760 2476 843 2506 allu-

136 2526 228 2554 ente.

180 2575 330 2615 Bellaque
358 2575 466 2616 rogos]
510 2576 621 2607 Creon
651 2575 842 2607 Thebarum

138 2624 216 2656 Rex
232 2624 377 2666 Argivos
391 2627 518 2659 occisos
537 2626 674 2658 vetabat
692 2627 844 2667 sepeliri,

140 2676 345 2718 volebatque
361 2688 437 2710 esse
459 2679 612 2719 praedam
628 2688 761 2717 canum,
776 2678 845 2709 avi-

140 2735 288 2767 umque:
316 2732 352 2758 at
387 2728 547 2760 mulieres
581 2729 758 2767 Inachides,
786 2738 845 2759 seu

140 2775 294 2818 Argivae,
318 2777 387 2809 suis
409 2776 548 2810 fletibus
572 2787 613 2810 eo
637 2777 846 2819 impulerunt

895 2221 1134 2261 Athenienses,
1157 2227 1194 2253 ut
1210 2221 1334 2253 bellum
1350 2227 1507 2262 gererent
1521 2230 1598 2254 con·

895 2276 950 2303 tra
988 2273 1195 2303 Creontem:
1229 2282 1296 2313 quo
1331 2272 1503 2311 implicato
1536 2273 1598 2303 hac

896 2331 1021 2362 pugna,
1047 2322 1114 2352 illae
1139 2326 1338 2353 meruerunt
1365 2322 1426 2352 hac
1454 2326 1540 2361 arte,
1561 2325 1599 2352 ut

896 2371 958 2403 sibi
973 2372 1112 2402 maritos
1126 2381 1202 2401 suos
1216 2371 1360 2410 sepelire
1372 2371 1503 2402 liceret.

939 2425 1003 2453 409
1025 2420 1197 2460 Adherbal]
1222 2420 1402 2451 Africanus
1425 2421 1546 2460 vietus,
1563 2425 1600 2452 ct

899 2473 1014 2514 pulsus
1042 2484 1060 2502 a
1086 2471 1270 2512 jugurtha,
1305 2471 1458 2511 supplice
1482 2470 1599 2501 habitu

898 2523 1079 2555 commovit
1124 2523 1289 2552 Romanos
1327 2521 1359 2551 in
1396 2521 1599 2561 ,Iugurtham

903 2574 1071 2605 Numana>
1093 2573 1231 2608 Regem.

942 2627 1005 2655 410
1032 2623 1158 2663 Mersit]
1175 2622 1276 2652 Velut
1294 2621 1325 2650 in
1343 2621 1505 2651 malorum
1521 2629 1600 2660 gur-

900 2676 982 2716 gite.
1027 2674 1211 2716 Virgilius:
1233 2674 1243 2688 ‘
1261 2672 1324 2704 His
1353 2681 1502 2703 mersere
1531 2681 1601 2702 ma·

900 2725 962 2757 lis?

941 2778 1004 2808 413
1031 2774 1142 2816 Clade]
1167 2773 1327 2806 Filiorum
1343 2781 1491 2805 suorum.
