1842 3193
257 210 314 253 ‘24
790 218 1174 252 *PROLEGOMENA

257 327 349 357 rere
367 314 604 357 videantur.
665 313 936 367 Compositio
960 319 1089 367 atque
1112 310 1390 353 adumbratio
1421 310 1600 364 poetam
1620 324 1722 365 pro-

261 384 352 434 dit3
386 395 642 436 quanquam
663 382 709 421 in
732 382 911 432 singulis
930 382 1129 432 partibus
1146 379 1420 431 expoliendis
1443 381 1722 432 popularium

254 451 394 504 magis
406 450 642 503 judicium,
658 461 788 501 qumn
812 452 976 486 natura:
996 448 1222 486 veritatem
1243 452 1374 498 atque
1395 446 1721 498 simplicitatem

255 521 428 558 secutus
449 518 520 566 sit,
535 529 672 569 neque
695 516 871 555 omnino
894 515 1003 553 liber
1027 514 1154 553 fuerit
1178 514 1233 553 ab
1256 515 1309 553 iis
1331 514 1467 563 vitiis,
1491 527 1590 567 quae
1612 519 1722 555 tem-

253 598 414 638 porum
447 590 491 625 et
523 597 690 623 morum
726 582 967 635 corruptela
1002 582 1043 621 in
1075 586 1214 622 artem
1241 581 1462 634 poeticam
1484 583 1721 624 invexerat.

255 652 309 693 In
332 654 523 693 carmine
547 664 597 692 x.
622 651 744 703 fingit
767 649 898 703 po'cta
921 649 1169 689 Honorium
1199 650 1359 689 amoris
1383 649 1602 690 desiderio
1625 663 1722 691 cor-

255 723 422 773 reptum
447 720 500 760 de
522 720 779 773 nuptiarum
806 717 1020 757 dilatione
1043 717 1177 769 queri.
1240 715 1430 768 Cupido,
1454 723 1608 757 auctor
1627 718 1721 758 vul-

252 788 384 837 neris,
419 794 558 838 astat3
595 792 638 828 et
670 786 745 826 ubi
780 785 894 825 vidit
924 783 1115 824 Honorii
1147 785 1304 836 pectus
1349 782 1439 822 telo
1473 783 1613 824 misso
1657 784 1721 824 in-

252 855 544 905 flammatum,
585 855 739 895 statim
773 853 831 893 ad
875 858 1056 892 matrem
1088 851 1239 891 avolat
1278 854 1444 890 tantam
1485 851 1721 892 victoriam

250 923 532 963 nuntiaturus
562 924 638 977 (X.
673 919 867 974 1—48.).
930 920 1086 960 Mores
1109 920 1287 973 quidem
1307 918 1418 972 ejus,
1451 920 1542 972 qui,
1574 921 1719 973 primo

251 1003 399 1031 amore
421 1003 651 1038 accensus,
676 989 869 1030 omnium
905 1001 1064 1037 rerum,
1098 988 1256 1041 quibus
1281 991 1382 1026 aute
1412 986 1720 1037 delectaretur,

252 1057 391 1098 taedio
415 1057 602 1098 afficitur
628 1058 860 1108 animoque
897 1055 1047 1107 nequit
1067 1055 1322 1103 consistere,
1346 1054 1393 1093 in
1415 1053 1621 1095 Honorio
1641 1068 1721 1096 na-

252 1126 363 1164 turae
398 1124 732 1165 accommodate
756 1128 858 1163 sunt
879 1124 1107 1175 expressi;
1131 1122 1211 1162 sed
1230 1123 1275 1162 in
1297 1123 1596 1175 querimoniis,
1617 1135 1719 1176 quae

249 1190 314 1232 illi
337 1192 600 1241 tribuuntur,
629 1192 759 1245 plura
780 1195 882 1231 sunt
909 1192 1103 1239 intexta,
1127 1204 1227 1243 quae
1254 1192 1414 1231 abesse
1434 1191 1580 1240 malis,
1603 1203 1719 1244 prae-

251 1258 381 1311 cipue
403 1259 630 1310 dignitatis
653 1258 953 1310 imperatoriae
990 1258 1258 1297 mentionem
1282 1259 1337 1298 ab
1361 1259 1526 1299 amoris
1549 1258 1720 1312 simpli-

252 1326 389 1366 citate
411 1337 597 1378 prorsus
628 1325 834 1365 alienam.
897 1324 1000 1364 Hoc
1026 1329 1174 1365 tamen
1207 1325 1498 1378 Imperatoris
1519 1338 1721 1366 reveren-

250 1394 325 1433 tiae
346 1392 482 1445 poeta
507 1392 700 1434 dandum
723 1392 921 1446 putavit3
961 1406 1043 1433 nec
1079 1392 1264 1433 Stilicho
1287 1396 1464 1446 poterat
1480 1395 1526 1433 in
1557 1393 1721 1434 malam

250 1464 423 1514 partem
449 1461 666 1513 accipere,
699 1462 866 1515 quippe
901 1461 991 1514 qui,
1028 1473 1118 1514 quo
1139 1462 1279 1501 tutius
1306 1462 1405 1514 ipse
1442 1461 1719 1502 dominatum

250 1533 487 1577 exerceret,
511 1529 703 1581 speciem
735 1528 980 1581 majestatis
1003 1528 1210 1568 Honorio
1239 1528 1575 1581 relinquendam
1599 1530 1720 1570 exis-

252 1596 438 1636 timaret.
502 1596 644 1635 Sedes
666 1595 854 1637 Veneris
874 1596 917 1635 in
938 1595 1087 1636 insula
1109 1594 1259 1649 Cypro
1281 1596 1348 1635 ita
1368 1595 1645 1645 describitur,
1667 1602 1720 1638 ut

251 1676 487 1716 agnoscas,
525 1663 821 1704 Claudianum
858 1665 1031 1717 ingenio
1054 1678 1142 1705 non
1176 1664 1319 1704 fuisse
1343 1664 1621 1715 destitutum,
1639 1665 1719 1706 sed

250 1732 337 1771 aevi
358 1731 495 1780 vitiis,
520 1732 682 1784 quibus
713 1745 853 1773 rerum
881 1733 1210 1785 magnificentia
1232 1733 1333 1785 plus
1369 1745 1500 1786 quam
1520 1733 1725 1786 simplex*

248 1800 390 1852 gratia
422 1799 650 1852 placebat,
687 1801 799 1840 illud
831 1801 971 1842 fuisse
1006 1801 1302 1854 inquinatum.
1366 1800 1475 1840 Inde
1511 1803 1613 1841 nata
1649 1805 1721 1841 est

250 1866 344 1906 auri
369 1870 412 1906 et
433 1867 600 1918 argenti
624 1868 756 1921 copia
777 1881 1135 1922 gemmarumque
1158 1868 1586 1922 pretiosissimarum
1606 1868 1721 1909 mul-

249 1933 405 1982 titudo,
446 1934 609 1986 quibus
635 1935 783 1974 omnia
815 1940 1053 1976 exstructa
1087 1940 1220 1989 atque
1242 1937 1449 1977 distincta
1482 1940 1718 1977 narrantur.

249 1998 340 2040 Sed
377 2001 475 2041 haec
510 2005 853 2055 compensantur
885 2005 1067 2056 pulchro
1094 2005 1212 2053 loco,
1231 2017 1320 2057 quo
1350 2004 1506 2044 Venus
1527 2004 1573 2042 in
1595 2004 1718 2045 cultu

248 2069 451 2121 corporis
483 2073 707 2122 occupata
736 2069 996 2123 Gratiaeque
1034 2072 1099 2111 illi
1120 2072 1421 2112 ministrantes
1452 2072 1719 2112 inducuntur

248 2136 314 2185 (v.
335 2133 598 2187 97—109.);
631 2141 677 2175 ct
697 2136 775 2177 illo
793 2150 883 2177 non
915 2138 1061 2178 minus
1083 2143 1283 2188 venusto,
1324 2152 1414 2191 quo
1451 2139 1603 2178 Venus
1629 2138 1718 2178 Cu-

246 2201 403 2255 pidini,
422 2213 555 2254 quem
590 2202 779 2241 victoria
815 2204 1160 2255 superbientem,
1197 2217 1372 2257 remque
1395 2208 1565 2256 gestam
1595 2205 1719 2246 festi-

248 2272 401 2309 nanter
422 2272 468 2308 et
489 2269 666 2309 concise
698 2273 948 2309 narrantem
971 2271 1136 2322 gremio
1160 2275 1412 2323 exceperat,
1434 2285 1527 2325 prae
1553 2273 1717 2324 gaudio

247 2335 359 2376 nihil
376 2336 628 2389 respondet,
651 2337 733 2377 sed
766 2338 928 2387 statim,
952 2343 1108 2379 ornatu
1129 2339 1330 2391 corporis
1353 2340 1602 2381 accelerato
1624 2353 1717 2382 ces-

248 2406 386 2457 toque
411 2408 602 2457 arrepto,
627 2404 683 2445 ad
697 2405 825 2446 littus
848 2409 1074 2459 properat,
1097 2405 1374 2460 Amoresque
1396 2407 1484 2447 alio
1502 2408 1638 2448 alium
1659 2408 1718 2449 ad

248 2469 473 2512 Tritonem
492 2473 803 2513 arcessendum
821 2474 1007 2527 praemio
1021 2475 1255 2528 proposito
1274 2475 1468 2516 dimittit.
1521 2475 1716 2530 Pulchra

249 2553 428 2594 quoque
462 2545 530 2580 est
551 2541 627 2581 illa
660 2554 807 2591 scena,
850 2555 983 2595 quam
1006 2541 1139 2595 poeta
1173 2543 1377 2582 carminis
1408 2553 1562 2583 xxxi.
1594 2543 1713 2596 prin-

251 2607 370 2660 cipio
397 2608 542 2649 oculis
578 2609 797 2662 proponit.
858 2609 1015 2651 Venus
1049 2610 1094 2649 in
1114 2609 1370 2649 umbraculo
1405 2609 1573 2649 vitibus
1609 2621 1714 2650 con-

249 2678 371 2715 texto
393 2688 525 2730 super
544 2675 677 2717 fiores
695 2676 890 2717 molliter
920 2676 1137 2717 reclinata
1160 2688 1356 2716 somnum
1373 2677 1496 2728 capit
1511 2675 1569 2716 ad
1601 2676 1712 2717 solis

254 2746 412 2784 aestum
431 2742 671 2791 vitandum.
732 2742 955 2798 Nymphae
976 2747 1017 2786 et
1035 2743 1205 2786 Gratiae
1238 2742 1322 2784 sub
1352 2742 1518 2796 ingenti
1547 2756 1713 2796 quercu
