1852 3193
275 209 361 252 290
727 223 800 254 οι..
833 223 1114 255 CLAUDIAM
1149 224 1256 255 vm.

277 315 383 370 Ipse
404 317 527 358 labor
547 317 782 372 pulvisque
802 318 967 366 decent,
991 317 1262 372 confusaque
1283 323 1405 362 motu

276 383 494 426 Caesaries
513 399 522 426 :
554 386 693 426 vestis
713 385 887 425 radiato
908 385 1075 426 murice
1098 385 1246 428 Solem

275 450 524 493 Combibit:
555 453 726 506 ingesto
747 452 962 505 crispatur
983 466 1179 506 purpura
1198 458 1341 495 vento.

275 520 324 560 Si
344 519 549 561 dominus
570 520 780 573 legeretur
800 520 940 573 equis,
964 524 1038 560 tua
1053 527 1258 574 posceret
1277 521 1392 562 ultro

271 586 484 638 Verbera,
507 587 746 629 Nereidum
768 587 954 628 stabulis
973 588 1180 639 nutritus,
1201 587 1344 630 Arion
1363 602 1372 630 :
1652 591 1739 632 555

274 653 556 710 Serviretque
577 655 682 704 tuis,
702 658 918 696 contemto
940 652 1142 705 Castore,
1164 654 1318 697 sraenis

273 721 500 775 Cyllarus,
520 727 563 764 et
583 723 745 763 flavum
767 721 978 763 Xanthus
1005 723 1250 776 sprevisset
1274 721 1508 764 Achillem.

272 788 381 843 Ipse
399 791 479 831 tibi
500 790 687 831 famulas
707 790 921 843 praeberet
942 789 1142 842 Pegasus
1165 791 1275 840 alas,

271 855 562 911 Portaretque
582 858 750 898 libens:
782 857 1055 909 melioraque
1075 857 1271 910 pondera
1290 870 1452 911 passus

273 922 668 978 Bellerophonteas
685 925 979 976 indignaretur
999 925 1211 966 habenas.
1654 926 1743 969 560

274 989 394 1042 Quin
413 994 546 1032 etiam
565 992 698 1032 velox
720 991 905 1032 Aurorae
927 993 1104 1032 nuntius
1126 992 1306 1041 AEthon,

274 1056 363 1108 Qui
383 1058 504 1111 fugat
522 1059 689 1099 hinnitu
711 1059 877 1108 stellas,
900 1071 1116 1111 roseoque
1138 1058 1339 1100 domatur

270 1188 302 1217 et
325 1186 439 1226 pulvis,
454 1189 484 1216 et
499 1185 598 1217 crines
621 1186 672 1217 tui
694 1185 813 1217 turbati
829 1196 920 1217 cursu
935 1187 1042 1218 decent
1058 1191 1107 1218 te.
1158 1186 1385 1218 Vestimentum
1409 1189 1505 1218 tuum
1529 1196 1668 1227 purpura
1681 1187 1746 1219 mi·

269 1229 357 1259 canti
372 1229 507 1260 attrahit
524 1229 646 1260 Solem:
682 1233 798 1260 ostrum
815 1234 911 1260 tuum
927 1230 1099 1261 ventilatur
1114 1233 1204 1261 vento
1216 1229 1357 1270 impulso.
1405 1229 1442 1260 Si
1457 1230 1599 1260 dominus
1613 1230 1744 1269 eligere-

270 1275 324 1303 tur
340 1272 381 1302 ab
396 1272 490 1311 equis,
511 1272 612 1303 Arion
634 1276 743 1312 pastus
759 1272 792 1302 iu
803 1272 996 1313 praesepibus
1011 1272 1183 1304 Nereidum
1200 1276 1320 1313 peteret
1335 1275 1442 1312 sponte
1454 1272 1620 1312 imperium
1634 1275 1721 1303 tuum
1730 1283 1743 1309 ;

268 1317 302 1345 et
318 1315 462 1355 Cyllarus
481 1316 608 1345 Castore
633 1318 736 1356 spreto
754 1315 967 1353 famularetur
992 1315 1117 1346 habenis
1133 1315 1206 1355 tuis,
1221 1319 1251 1346 et
1267 1316 1415 1347 Xanthus
1429 1316 1617 1354 neglexisset
1633 1315 1743 1346 Achil-

269 1356 330 1388 lem
343 1357 526 1397 flaventem.
572 1357 644 1397 Ipse
672 1358 814 1397 Pegasus
838 1357 967 1398 offerret
989 1358 1050 1389 tibi
1076 1368 1191 1398 pennas
1212 1358 1391 1397 servientes,
1407 1361 1437 1389 et
1452 1359 1556 1389 volens
1572 1357 1678 1395 ferret
1692 1363 1740 1397 te,

267 1408 439 1439 gerensque
454 1410 530 1430 onus
542 1401 746 1440 prcestantius
769 1404 927 1440 respueret
951 1402 1018 1432 lora
1043 1401 1304 1441 Bellerophontis.
1349 1401 1512 1432 Praete-rea
1528 1401 1645 1431 AEtlum
1661 1410 1739 1431 nun-

270 1442 335 1473 tius
351 1443 430 1474 celer
444 1444 592 1483 Auroroe,
607 1444 660 1483 qui
674 1443 800 1474 AEthon
816 1444 945 1484 expellit
961 1444 1064 1475 sidera
1080 1444 1218 1485 hinnitu,
1232 1447 1263 1474 et
1278 1445 1449 1475 domitatur
1469 1453 1489 1474 a
1513 1443 1657 1481 Lucifero
1670 1443 1739 1484 pul-

891 1538 1125 1550 eoaeeeeaeeeeaet

270 1604 333 1635 551
357 1603 463 1633 decent
485 1603 553 1634 duo
578 1603 676 1634 Vatt.
701 1603 782 1634 Var.
800 1602 868 1633 LL.
897 1601 951 1633 ed.
967 1600 1073 1633 Antv,
1115 1612 1319 1643 concussaque
1335 1603 1448 1635 Oxou.
1464 1612 1532 1634 sec.
1548 1601 1644 1633 Med.
1662 1606 1742 1633 tert.

270 1646 358 1677 vultu
370 1645 464 1676 Med.
477 1650 586 1686 quart.
620 1647 732 1676 mundo
743 1645 823 1677 Jun.
836 1654 876 1685 pr
861 1647 996 1675 r.—55·2
1018 1644 1158 1675 radianti
1170 1646 1287 1676 murice
1300 1646 1428 1676 Mazar.
1450 1647 1607 1676 moderato
1621 1644 1741 1677 Ambr.

270 1692 352 1719 tert.
354 1691 459 1719 —553
487 1688 633 1718 Coubibit
645 1689 724 1719 Put.
759 1688 838 1718 Cum
853 1687 933 1717 bibit
948 1687 1030 1717 Van.
1046 1687 1114 1718 LL.
1131 1686 1184 1718 ed.
1198 1687 1302 1719 Antv.
1324 1688 1445 1718 invecto
1462 1688 1517 1717 vel
1532 1688 1653 1726 ingesto
1667 1687 1743 1718 Μο-

271 1736 337 1763 ret.
353 1740 421 1762 sec.
423 1733 530 1762 —554
552 1731 857 1771 domiuilegerentur
873 1730 998 1760 Moret.
1015 1738 1082 1760 sec
1084 1732 1189 1760 —555
1209 1730 1351 1761 OrionV
1355 1734 1400 1761 at.
1410 1729 1476 1761 duo
1490 1729 1589 1761 Farn.
1605 1729 1741 1762 Tholos.

271 1773 391 1805 Ambr.
419 1784 468 1813 pr.
494 1774 580 1804 Exc.
602 1773 702 1804 Voss.
730 1772 825 1804 Leid.
850 1782 917 1804 sec.
942 1772 1026 1802 Exc.
1043 1771 1297 1804 Gevart.—556
1320 1776 1460 1803 contento
1483 1772 1549 1803 inc.
1563 1770 1740 1804 ’.Ηθίιιε-

271 1819 335 1847 557
357 1817 476 1846 clarum
491 1816 643 1846 Achillem
659 1816 752 1846 Prie.
770 1820 802 1845 et
820 1816 905 1845 Exc.
920 1815 990 1844 Vso
978 1824 1021 1844 S.
1041 1813 1167 1851 fulvum
1182 1815 1270 1846 Exc.
1299 1814 1444 1847 Lueens.
1461 1824 1531 1846 sec.
1545 1814 1668 1855 flavum
1684 1816 1739 1846 vel

270 1858 624 1942 ἷέἰέἶζῖᾚξοῖξιέἰξ
622 1861 738 1931 ”Ξὲῗ)
749 1856 1304 1940 ἧῗᾶῗέλζῖξῖῗῗαῶἵῗᾶἕῗίῃΕξιζ
1310 1858 1341 1888 ‘⁷
1346 1860 1741 1932 ‘385174332321px¹31¹’‘t¹{{'¹3

270 1944 348 1975 Pal.
366 1912 589 1974 Rott.³01sei.
606 1943 703 1974 Med.
720 1948 799 1974 tert.
821 1943 885 1973 inc.
904 1942 1023 1973 Heius.
1045 1941 1127 1974 Put.
1142 1942 1275 1973 Thuau.
1300 1942 1379 1975 Jun.
1395 1953 1446 1986 pr.
1471 1942 1567 1974 Leid.
1594 1953 1646 1984 pr.
1672 1943 1741 1974 duo

268 1986 398 2018 Moret.
415 1992 450 2017 et
470 1985 584 2017 Ambr.
601 1991 670 2017 tres
687 1986 811 2016 Petav.
830 1986 915 2016 Exc.
933 1985 1078 2016 Lucens.
1105 1993 1174 2016 sec.
1190 1985 1291 2016 Athos
1316 1953 1419 2016 Medp'
1436 1995 1504 2016 sec.
1520 1985 1605 2016 Aton
1622 1985 1738 2016 Oxou.

270 2037 325 2070 pr.
352 2038 395 2061 m.
423 2039 474 2070 pr.
502 2030 609 2060 Ethon
625 2030 678 2061 vel
693 2029 798 2061 Athon
822 2029 907 2069 Reg.
935 2027 1043 2059 Athon
1071 2027 1126 2058 vel
1151 2027 1271 2059 Alchon
1298 2028 1381 2060 Lov.
1385 2031 1491 2059 -563
1514 2028 1653 2069 equidem
1678 2037 1742 2070 pro

934 2123 1080 2156 NOTAE

315 2200 378 2228 551
420 2198 547 2238 Pulvis]
592 2199 777 2231 Horatius:
822 2200 831 2216 ‘
849 2200 979 2238 Duces,
1033 2198 1112 2239 equi
1127 2197 1281 2229 Achillis.
1305 2198 1514 2230 Politiauus:
1538 2197 1549 2215 ⁴
1564 2198 1658 2231 Quos
1675 2199 1742 2230 Ze-

270 2247 352 2281 Non
370 2247 531 2280 Indecoro
544 2249 684 2289 pulvere
697 2250 874 2282 sordidos!
1035 2249 1142 2290 phyro
1159 2250 1298 2290 peperit
1325 2250 1478 2291 geminos
1496 2249 1656 2290 Harpyia
1671 2250 1738 2281 Po-

315 2301 379 2329 552
412 2298 515 2330 Solem
542 2299 703 2339 combibit]
748 2300 847 2331 Adeo
874 2305 911 2331 ut
936 2311 978 2331 ex
1033 2298 1160 2337 darge.'

270 2353 412 2389 aspectu
429 2349 530 2389 Solis,
554 2360 705 2390 purpura
723 2350 880 2381 videatur
904 2361 978 2382 esse
1074 2352 1137 2379 558
1160 2348 1317 2390 Pegasus]
1344 2349 1463 2390 Equus
1489 2349 1614 2389 alatUS,
1640 2349 1738 2391 Nep-

270 2398 461 2439 ardentior,
476 2401 620 2441 plenior,
635 2406 672 2432 et
687 2402 882 2442 speciosior,
1032 2398 1105 2429 tuni
1133 2403 1170 2430 et
1197 2399 1354 2431 Medusae
1379 2399 1479 2439 filius,
1493 2409 1559 2441 quo
1586 2400 1742 2432 Bellero-

314 2453 377 2481 555
401 2450 518 2491 Arion]
563 2450 702 2483 Adrasti
722 2461 830 2493 equus
847 2463 867 2483 a
882 2452 977 2492 Nep·
1031 2449 1121 2489 phou
1136 2458 1215 2479 usus
1231 2454 1283 2480 est
1297 2454 1421 2480 contra
1438 2450 1651 2482 Chimaeram.

271 2503 355 2531 tuno
372 2500 485 2540 datus,
501 2502 647 2533 nutritus
663 2511 682 2533 a
693 2503 913 2544 Nereidibus,
924 2513 978 2534 vo·
1083 2500 1146 2528 560
1190 2499 1478 2540 Bellerophonteas]
1523 2500 1740 2541 Propertius,

271 2550 355 2582 calis
372 2560 445 2582 esse
462 2552 652 2584 dicebatur,
1032 2547 1041 2564 ⁴
1079 2548 1362 2589 Bellerophontei
1400 2560 1467 2592 qua
1503 2549 1580 2583 fluit
1615 2551 1739 2584 humor

315 2603 378 2632 557
404 2603 563 2643 Cyllarus]
584 2604 700 2645 Equus
717 2604 876 2635 Castoris.
1031 2597 1131 2639 equi?

315 2651 463 2694 Flavum]
487 2653 622 2685 Heroe's
636 2663 702 2685 non
729 2663 807 2686 raro
828 2653 908 2686 flavi
929 2654 976 2686 di-
1074 2651 1135 2679 561
1161 2650 1295 2692 AEllwn]
1318 2650 1359 2681 Id
1375 2658 1440 2692 est,
1461 2651 1594 2692 ardens,
1607 2650 1668 2690 ἀπὸ
1682 2654 1742 2685 ’7οῧ

273 2707 410 2735 cuntur.
1031 2698 1138 2740 αἴθειν,
1153 2702 1272 2733 ardere.
1305 2702 1432 2733 AEthon
1457 2712 1593 2744 quoque
1617 2702 1686 2735 fuit
1703 2713 1739 2736 e-

318 2752 482 2796 Xanthas]
502 2755 622 2787 Balius
645 2758 682 2789 et
703 2755 862 2788 Xanthus
879 2759 978 2787 eraut
1032 2760 1120 2793 quus
1132 2751 1230 2793 Solis,
1246 2755 1282 2784 et
1298 2752 1467 2785 Pallantis
1482 2752 1674 2796 virgiliani.
