<?xml version="1.0" encoding="UTF-8"?>
<!DOCTYPE html PUBLIC "-//W3C//DTD XHTML 1.0 Transitional//EN"
    "http://www.w3.org/TR/xhtml1/DTD/xhtml1-transitional.dtd">
<html xmlns="http://www.w3.org/1999/xhtml" xml:lang="en" lang="en">
 <head>
  <title>
</title>
<meta http-equiv="Content-Type" content="text/html;charset=utf-8" />
  <meta name='ocr-system' content='tesseract 3.04.00' />
  <meta name='ocr-capabilities' content='ocr_page ocr_carea ocr_par ocr_line ocrx_word'/>
</head>
<body>
  <div class='ocr_page' id='page_1' title='image "./operaomniaexedit01clauuoft_0192.png"; bbox 0 0 1852 3193; ppageno 0'>
   <div class='ocr_carea' id='block_1_1' title="bbox 210 197 1180 241">
    <p class='ocr_par' dir='ltr' id='par_1_1' title="bbox 210 197 1180 241">
     <span class='ocr_line' id='line_1_1' title="bbox 210 197 1180 241; baseline -0.005 -5"><span class='ocrx_word' id='word_1_1' title='bbox 210 197 294 241; x_wconf 72' lang='lat'><em>1712</em></span> <span class='ocrx_word' id='word_1_2' title='bbox 712 207 788 238; x_wconf 81' lang='lat' dir='ltr'><em>GL.</em></span> <span class='ocrx_word' id='word_1_3' title='bbox 820 205 1101 239; x_wconf 75' lang='lat' dir='ltr'>CLAUDIANI</span> <span class='ocrx_word' id='word_1_4' title='bbox 1139 205 1180 233; x_wconf 86' lang='lat' dir='ltr'><em>v.</em></span> 
     </span>
    </p>
   </div>
   <div class='ocr_carea' id='block_1_2' title="bbox 212 299 1473 1030">
    <p class='ocr_par' dir='ltr' id='par_1_2' title="bbox 212 299 1473 694">
     <span class='ocr_line' id='line_1_2' title="bbox 212 299 1284 353; baseline -0.005 -10"><span class='ocrx_word' id='word_1_5' title='bbox 212 302 414 353; x_wconf 80' lang='lat' dir='ltr'>Horruit,</span> <span class='ocrx_word' id='word_1_6' title='bbox 436 303 551 343; x_wconf 89' lang='lat' dir='ltr'><em>hunc</em></span> <span class='ocrx_word' id='word_1_7' title='bbox 569 305 692 344; x_wconf 82' lang='lat' dir='ltr'><em>tanto</em></span> <span class='ocrx_word' id='word_1_8' title='bbox 708 303 923 342; x_wconf 81' lang='lat' dir='ltr'><em>munitum</em></span> <span class='ocrx_word' id='word_1_9' title='bbox 944 301 1081 341; x_wconf 83' lang='lat' dir='ltr'><em>milite</em></span> <span class='ocrx_word' id='word_1_10' title='bbox 1100 299 1251 339; x_wconf 83' lang='lat' dir='ltr'><em>vincat</em></span> <span class='ocrx_word' id='word_1_11' title='bbox 1263 299 1284 338; x_wconf 65' lang='grc' dir='ltr'><strong>Τ</strong></span> 
     </span>
     <span class='ocr_line' id='line_1_3' title="bbox 213 365 1473 422; baseline -0.005 -11"><span class='ocrx_word' id='word_1_12' title='bbox 213 369 325 420; x_wconf 85' lang='lat' dir='ltr'><em>Quis</em></span> <span class='ocrx_word' id='word_1_13' title='bbox 343 370 456 411; x_wconf 77' lang='lat' dir='ltr'><em>serat</em></span> <span class='ocrx_word' id='word_1_14' title='bbox 477 374 704 418; x_wconf 77' lang='lat' dir='ltr'><em>armatum,</em></span> <span class='ocrx_word' id='word_1_15' title='bbox 729 382 857 422; x_wconf 85' lang='lat' dir='ltr'><em>quem</em></span> <span class='ocrx_word' id='word_1_16' title='bbox 879 381 963 408; x_wconf 84' lang='lat' dir='ltr'><em>non</em></span> <span class='ocrx_word' id='word_1_17' title='bbox 983 367 1211 420; x_wconf 81' lang='lat' dir='ltr'><em>superavit</em></span> <span class='ocrx_word' id='word_1_18' title='bbox 1227 367 1434 406; x_wconf 75' lang='lat' dir='ltr'><strong>inermem</strong></span> <span class='ocrx_word' id='word_1_19' title='bbox 1447 365 1473 405; x_wconf 68' lang='lat' dir='ltr'><em>&#39;i-</em></span> 
     </span>
     <span class='ocr_line' id='line_1_4' title="bbox 212 436 1191 487; baseline -0.007 -7"><span class='ocrx_word' id='word_1_20' title='bbox 212 437 236 480; x_wconf 93' lang='lat' dir='ltr'>I</span> <span class='ocrx_word' id='word_1_21' title='bbox 257 451 390 487; x_wconf 80' lang='lat' dir='ltr'><em>nune,</em></span> <span class='ocrx_word' id='word_1_22' title='bbox 412 439 592 479; x_wconf 76' lang='lat' dir='ltr'><em>exitium</em></span> <span class='ocrx_word' id='word_1_23' title='bbox 612 438 738 477; x_wconf 80' lang='lat' dir='ltr'><em>nobis</em></span> <span class='ocrx_word' id='word_1_24' title='bbox 761 436 972 476; x_wconf 84' lang='lat' dir='ltr'><em>meditare</em></span> <span class='ocrx_word' id='word_1_25' title='bbox 995 439 1191 475; x_wconf 83' lang='lat' dir='ltr'><em>remotus</em></span> 
     </span>
     <span class='ocr_line' id='line_1_5' title="bbox 212 503 1383 556; baseline -0.003 -10"><span class='ocrx_word' id='word_1_26' title='bbox 212 505 460 556; x_wconf 82' lang='lat' dir='ltr'><strong>Incassum,</strong></span> <span class='ocrx_word' id='word_1_27' title='bbox 481 505 694 545; x_wconf 80' lang='lat' dir='ltr'><em>Stilichon</em></span> <span class='ocrx_word' id='word_1_28' title='bbox 713 518 721 543; x_wconf 91' lang='lat'>:</span> <span class='ocrx_word' id='word_1_29' title='bbox 755 504 855 544; x_wconf 88' lang='lat' dir='ltr'><em>dum</em></span> <span class='ocrx_word' id='word_1_30' title='bbox 876 516 959 543; x_wconf 86' lang='lat' dir='ltr'><em>nos</em></span> <span class='ocrx_word' id='word_1_31' title='bbox 980 503 1236 555; x_wconf 82' lang='lat' dir='ltr'><em>longissima</em></span> <span class='ocrx_word' id='word_1_32' title='bbox 1255 503 1383 542; x_wconf 81' lang='lat' dir='ltr'><em>tellus</em></span> 
     </span>
     <span class='ocr_line' id='line_1_6' title="bbox 212 570 1311 624; baseline -0.004 -10"><span class='ocrx_word' id='word_1_33' title='bbox 212 573 413 623; x_wconf 81' lang='lat' dir='ltr'><em>Dividat,</em></span> <span class='ocrx_word' id='word_1_34' title='bbox 435 579 477 613; x_wconf 88' lang='lat' dir='ltr'><em>ct</em></span> <span class='ocrx_word' id='word_1_35' title='bbox 500 572 654 613; x_wconf 81' lang='lat' dir='ltr'><em>mediis</em></span> <span class='ocrx_word' id='word_1_36' title='bbox 676 572 846 613; x_wconf 80' lang='lat' dir='ltr'>Nereus</span> <span class='ocrx_word' id='word_1_37' title='bbox 866 572 1148 624; x_wconf 66' lang='lat' dir='ltr'>interstrepat</span> <span class='ocrx_word' id='word_1_38' title='bbox 1168 570 1311 611; x_wconf 87' lang='lat' dir='ltr'><em>undis.</em></span> 
     </span>
     <span class='ocr_line' id='line_1_7' title="bbox 212 639 1180 694; baseline -0.001 -14"><span class='ocrx_word' id='word_1_39' title='bbox 212 639 404 694; x_wconf 77' lang='lat' dir='ltr'><em>Alpinas</em></span> <span class='ocrx_word' id='word_1_40' title='bbox 423 641 609 681; x_wconf 74' lang='lat' dir='ltr'><em>transire</em></span> <span class='ocrx_word' id='word_1_41' title='bbox 629 641 726 689; x_wconf 81' lang='lat' dir='ltr'><em>tibi,</em></span> <span class='ocrx_word' id='word_1_42' title='bbox 747 654 815 681; x_wconf 88' lang='lat' dir='ltr'><em>me</em></span> <span class='ocrx_word' id='word_1_43' title='bbox 837 641 1027 694; x_wconf 78' lang='lat' dir='ltr'><em>sospite,</em></span> <span class='ocrx_word' id='word_1_44' title='bbox 1049 652 1180 692; x_wconf 85' lang='lat' dir='ltr'><em>rupes</em></span> 
     </span>
    </p>

    <p class='ocr_par' dir='ltr' id='par_1_3' title="bbox 214 707 1389 1030">
     <span class='ocr_line' id='line_1_8' title="bbox 214 707 1337 760; baseline -0.001 -12"><span class='ocrx_word' id='word_1_45' title='bbox 214 707 349 748; x_wconf 83' lang='lat' dir='ltr'><em>Haud</em></span> <span class='ocrx_word' id='word_1_46' title='bbox 372 709 558 749; x_wconf 77' lang='lat' dir='ltr'><em>dabitur.</em></span> <span class='ocrx_word' id='word_1_47' title='bbox 619 708 647 749; x_wconf 88' lang='lat' dir='ltr'><strong>J</strong></span> <span class='ocrx_word' id='word_1_48' title='bbox 653 709 793 749; x_wconf 77' lang='lat' dir='ltr'><em>aculis</em></span> <span class='ocrx_word' id='word_1_49' title='bbox 815 709 937 749; x_wconf 84' lang='lat' dir='ltr'><em>illinc</em></span> <span class='ocrx_word' id='word_1_50' title='bbox 955 722 1023 748; x_wconf 88' lang='lat' dir='ltr'><em>me</em></span> <span class='ocrx_word' id='word_1_51' title='bbox 1045 708 1176 760; x_wconf 78' lang='lat' dir='ltr'><em>figere</em></span> <span class='ocrx_word' id='word_1_52' title='bbox 1200 712 1337 747; x_wconf 76' lang='lat' dir='ltr'><em>tenta.</em></span> 
     </span>
     <span class='ocr_line' id='line_1_9' title="bbox 216 774 1389 830; baseline -0.001 -15"><span class='ocrx_word' id='word_1_53' title='bbox 216 774 375 825; x_wconf 77' lang='lat' dir='ltr'><em>Quaere</em></span> <span class='ocrx_word' id='word_1_54' title='bbox 394 776 520 816; x_wconf 72' lang='lat' dir='ltr'><em>ferox</em></span> <span class='ocrx_word' id='word_1_55' title='bbox 543 789 711 825; x_wconf 68' lang='lat' dir='ltr'><em>ensem,</em></span> <span class='ocrx_word' id='word_1_56' title='bbox 732 777 806 830; x_wconf 88' lang='lat' dir='ltr'><em>qui</em></span> <span class='ocrx_word' id='word_1_57' title='bbox 827 781 980 817; x_wconf 78' lang='lat' dir='ltr'><em>nostra</em></span> <span class='ocrx_word' id='word_1_58' title='bbox 1001 776 1057 816; x_wconf 85' lang='lat' dir='ltr'><em>ad</em></span> <span class='ocrx_word' id='word_1_59' title='bbox 1080 775 1243 815; x_wconf 83' lang='lat' dir='ltr'><em>moenia</em></span> <span class='ocrx_word' id='word_1_60' title='bbox 1265 774 1389 814; x_wconf 77' lang='lat' dir='ltr'><em>tendi</em></span> 
     </span>
     <span class='ocr_line' id='line_1_10' title="bbox 214 841 1356 895; baseline -0.001 -13"><span class='ocrx_word' id='word_1_61' title='bbox 214 841 368 883; x_wconf 81' lang='lat' dir='ltr'><em>Possit</em></span> <span class='ocrx_word' id='word_1_62' title='bbox 390 845 445 883; x_wconf 80' lang='lat' dir='ltr'><em>ab</em></span> <span class='ocrx_word' id='word_1_63' title='bbox 468 844 617 884; x_wconf 79' lang='lat' dir='ltr'><em>Italia.</em></span> <span class='ocrx_word' id='word_1_64' title='bbox 679 844 782 884; x_wconf 83' lang='lat' dir='ltr'><em>Non</em></span> <span class='ocrx_word' id='word_1_65' title='bbox 803 847 845 884; x_wconf 84' lang='lat' dir='ltr'><em>te</em></span> <span class='ocrx_word' id='word_1_66' title='bbox 868 844 1130 884; x_wconf 80' lang='lat' dir='ltr'><em>documenta</em></span> <span class='ocrx_word' id='word_1_67' title='bbox 1150 842 1356 895; x_wconf 83' lang='lat' dir='ltr'>priorum,</span> 
     </span>
     <span class='ocr_line' id='line_1_11' title="bbox 216 909 1339 965; baseline -0.001 -16"><span class='ocrx_word' id='word_1_68' title='bbox 216 909 321 950; x_wconf 85' lang='lat' dir='ltr'><em>Non</em></span> <span class='ocrx_word' id='word_1_69' title='bbox 343 912 550 964; x_wconf 78' lang='lat' dir='ltr'><em>exempla</em></span> <span class='ocrx_word' id='word_1_70' title='bbox 571 913 755 952; x_wconf 69' lang='lat' dir='ltr'><em>vetant?</em></span> <span class='ocrx_word' id='word_1_71' title='bbox 789 913 887 965; x_wconf 83' lang='lat' dir='ltr'><em>quis</em></span> <span class='ocrx_word' id='word_1_72' title='bbox 908 924 987 964; x_wconf 81' lang='lat' dir='ltr'><em>par</em></span> <span class='ocrx_word' id='word_1_73' title='bbox 1009 914 1194 951; x_wconf 81' lang='lat' dir='ltr'><em>conatus</em></span> <span class='ocrx_word' id='word_1_74' title='bbox 1218 909 1339 949; x_wconf 77' lang='lat' dir='ltr'><em>adire</em></span> 
     </span>
     <span class='ocr_line' id='line_1_12' title="bbox 215 976 1307 1030; baseline -0.005 -9"><span class='ocrx_word' id='word_1_75' title='bbox 215 976 318 1021; x_wconf 81' lang='lat' dir='ltr'><em>Has</em></span> <span class='ocrx_word' id='word_1_76' title='bbox 332 977 482 1030; x_wconf 81' lang='lat' dir='ltr'><em>jactat</em></span> <span class='ocrx_word' id='word_1_77' title='bbox 502 979 673 1018; x_wconf 80' lang='lat' dir='ltr'><em>vitasse</em></span> <span class='ocrx_word' id='word_1_78' title='bbox 690 991 845 1018; x_wconf 79' lang='lat' dir='ltr'><em>manus</em></span> <span class='ocrx_word' id='word_1_79' title='bbox 865 979 883 1018; x_wconf 68' lang='grc' dir='ltr'><em>’.Ρ</em></span> <span class='ocrx_word' id='word_1_80' title='bbox 917 977 1181 1018; x_wconf 82' lang='lat' dir='ltr'>detrusimus</span> <span class='ocrx_word' id='word_1_81' title='bbox 1201 977 1307 1017; x_wconf 83' lang='lat' dir='ltr'><em>orbe</em></span> 
     </span>
    </p>
   </div>
   <div class='ocr_carea' id='block_1_3' title="bbox 1581 364 1666 407">
    <p class='ocr_par' dir='ltr' id='par_1_4' title="bbox 1581 364 1666 407">
     <span class='ocr_line' id='line_1_13' title="bbox 1581 364 1666 407; baseline -0.024 0"><span class='ocrx_word' id='word_1_82' title='bbox 1581 364 1666 407; x_wconf 83' lang='lat'><em>300</em></span> 
     </span>
    </p>
   </div>
   <div class='ocr_carea' id='block_1_4' title="bbox 1587 703 1674 745">
    <p class='ocr_par' dir='ltr' id='par_1_5' title="bbox 1587 703 1674 745">
     <span class='ocr_line' id='line_1_14' title="bbox 1587 703 1674 745; baseline 0 -1"><span class='ocrx_word' id='word_1_83' title='bbox 1587 703 1674 745; x_wconf 81' lang='lat'><em>305</em></span> 
     </span>
    </p>
   </div>
   <div class='ocr_carea' id='block_1_5' title="bbox 213 1074 1686 1413">
    <p class='ocr_par' dir='ltr' id='par_1_6' title="bbox 213 1074 1686 1413">
     <span class='ocr_line' id='line_1_15' title="bbox 215 1074 1680 1115; baseline -0.001 -9"><span class='ocrx_word' id='word_1_84' title='bbox 215 1076 254 1106; x_wconf 84' lang='lat' dir='ltr'><em>ab</em></span> <span class='ocrx_word' id='word_1_85' title='bbox 277 1077 384 1107; x_wconf 71' lang='lat' dir='ltr'><em>hoste.-</em></span> <span class='ocrx_word' id='word_1_86' title='bbox 419 1086 491 1106; x_wconf 84' lang='lat' dir='ltr'><em>nam</em></span> <span class='ocrx_word' id='word_1_87' title='bbox 514 1076 615 1115; x_wconf 84' lang='lat' dir='ltr'><em>ecquis</em></span> <span class='ocrx_word' id='word_1_88' title='bbox 636 1079 759 1115; x_wconf 82' lang='lat' dir='ltr'><em>superet</em></span> <span class='ocrx_word' id='word_1_89' title='bbox 774 1077 853 1106; x_wconf 78' lang='lat' dir='ltr'><em>hunc</em></span> <span class='ocrx_word' id='word_1_90' title='bbox 868 1076 1018 1115; x_wconf 83' lang='lat' dir='ltr'><em>stipatum</em></span> <span class='ocrx_word' id='word_1_91' title='bbox 1032 1079 1078 1106; x_wconf 85' lang='lat' dir='ltr'><em>tot</em></span> <span class='ocrx_word' id='word_1_92' title='bbox 1093 1075 1255 1113; x_wconf 77' lang='lat' dir='ltr'><em>militibus,</em></span> <span class='ocrx_word' id='word_1_93' title='bbox 1268 1083 1354 1114; x_wconf 79' lang='lat' dir='ltr'><em>quem</em></span> <span class='ocrx_word' id='word_1_94' title='bbox 1376 1075 1423 1104; x_wconf 74' lang='lat' dir='ltr'><em>vel</em></span> <span class='ocrx_word' id='word_1_95' title='bbox 1452 1075 1547 1106; x_wconf 74' lang='lat' dir='ltr'><em>solum</em></span> <span class='ocrx_word' id='word_1_96' title='bbox 1575 1074 1680 1105; x_wconf 71' lang='lat' dir='ltr'><em>timuit</em></span> 
     </span>
     <span class='ocr_line' id='line_1_16' title="bbox 215 1115 1682 1157; baseline -0.001 -9"><span class='ocrx_word' id='word_1_97' title='bbox 215 1116 372 1156; x_wconf 77' lang='lat' dir='ltr'><em>aggredi?</em></span> <span class='ocrx_word' id='word_1_98' title='bbox 419 1118 534 1157; x_wconf 78' lang='lat' dir='ltr'>Ecquis</span> <span class='ocrx_word' id='word_1_99' title='bbox 548 1118 697 1147; x_wconf 73' lang='lat' dir='ltr'><em>sustineat</em></span> <span class='ocrx_word' id='word_1_100' title='bbox 713 1122 880 1156; x_wconf 79' lang='lat' dir='ltr'><em>armatum,</em></span> <span class='ocrx_word' id='word_1_101' title='bbox 895 1128 983 1157; x_wconf 81' lang='lat' dir='ltr'><em>quem</em></span> <span class='ocrx_word' id='word_1_102' title='bbox 1008 1128 1069 1147; x_wconf 79' lang='lat' dir='ltr'><em>uon</em></span> <span class='ocrx_word' id='word_1_103' title='bbox 1090 1118 1204 1147; x_wconf 77' lang='lat' dir='ltr'><em>devicit</em></span> <span class='ocrx_word' id='word_1_104' title='bbox 1228 1117 1374 1147; x_wconf 76' lang='lat' dir='ltr'><em>inermem</em></span> <span class='ocrx_word' id='word_1_105' title='bbox 1387 1115 1403 1148; x_wconf 83' lang='lat'><strong><em>?</em></strong></span> <span class='ocrx_word' id='word_1_106' title='bbox 1445 1117 1474 1155; x_wconf 90' lang='lat' dir='ltr'><em>I,</em></span> <span class='ocrx_word' id='word_1_107' title='bbox 1489 1118 1569 1157; x_wconf 74' lang='lat' dir='ltr'><em>jam,</em></span> <span class='ocrx_word' id='word_1_108' title='bbox 1584 1127 1603 1148; x_wconf 91' lang='lat'><strong>0</strong></span> <span class='ocrx_word' id='word_1_109' title='bbox 1615 1117 1682 1147; x_wconf 79' lang='lat' dir='ltr'><em>Sti-</em></span> 
     </span>
     <span class='ocr_line' id='line_1_17' title="bbox 216 1159 1681 1200; baseline 0.001 -11"><span class='ocrx_word' id='word_1_110' title='bbox 216 1160 308 1198; x_wconf 80' lang='lat' dir='ltr'><em>licho,</em></span> <span class='ocrx_word' id='word_1_111' title='bbox 323 1160 421 1199; x_wconf 86' lang='lat' dir='ltr'><em>longe</em></span> <span class='ocrx_word' id='word_1_112' title='bbox 439 1160 559 1190; x_wconf 79' lang='lat' dir='ltr'><em>distans</em></span> <span class='ocrx_word' id='word_1_113' title='bbox 574 1160 748 1190; x_wconf 76' lang='lat' dir='ltr'><em>machinare</em></span> <span class='ocrx_word' id='word_1_114' title='bbox 756 1159 884 1197; x_wconf 77' lang='lat' dir='ltr'><em>frustra</em></span> <span class='ocrx_word' id='word_1_115' title='bbox 896 1160 1065 1200; x_wconf 83' lang='lat' dir='ltr'><em>perniciem</em></span> <span class='ocrx_word' id='word_1_116' title='bbox 1079 1159 1175 1199; x_wconf 83' lang='lat' dir='ltr'><em>nobis,</em></span> <span class='ocrx_word' id='word_1_117' title='bbox 1188 1159 1275 1189; x_wconf 84' lang='lat' dir='ltr'><em>modo</em></span> <span class='ocrx_word' id='word_1_118' title='bbox 1290 1163 1375 1189; x_wconf 83' lang='lat' dir='ltr'><em>terra</em></span> <span class='ocrx_word' id='word_1_119' title='bbox 1397 1159 1545 1191; x_wconf 86' lang='lat' dir='ltr'><em>immensa</em></span> <span class='ocrx_word' id='word_1_120' title='bbox 1559 1163 1681 1198; x_wconf 83' lang='lat' dir='ltr'><em>separet</em></span> 
     </span>
     <span class='ocr_line' id='line_1_18' title="bbox 215 1201 1682 1243; baseline 0.001 -12"><span class='ocrx_word' id='word_1_121' title='bbox 215 1211 280 1239; x_wconf 77' lang='lat' dir='ltr'><em>nos,</em></span> <span class='ocrx_word' id='word_1_122' title='bbox 295 1205 325 1232; x_wconf 87' lang='lat' dir='ltr'><em>et</em></span> <span class='ocrx_word' id='word_1_123' title='bbox 342 1212 425 1232; x_wconf 82' lang='lat' dir='ltr'><em>mure</em></span> <span class='ocrx_word' id='word_1_124' title='bbox 449 1202 571 1241; x_wconf 79' lang='lat' dir='ltr'><em>mugiat</em></span> <span class='ocrx_word' id='word_1_125' title='bbox 588 1202 676 1242; x_wconf 78' lang='lat' dir='ltr'><em>aquis</em></span> <span class='ocrx_word' id='word_1_126' title='bbox 690 1203 892 1243; x_wconf 77' lang='lat' dir='ltr'><strong><em>interpositis.</em></strong></span> <span class='ocrx_word' id='word_1_127' title='bbox 939 1203 994 1233; x_wconf 84' lang='lat' dir='ltr'><em>Me</em></span> <span class='ocrx_word' id='word_1_128' title='bbox 1022 1202 1144 1233; x_wconf 81' lang='lat' dir='ltr'><em>vivente</em></span> <span class='ocrx_word' id='word_1_129' title='bbox 1169 1212 1230 1232; x_wconf 90' lang='lat' dir='ltr'><em>non</em></span> <span class='ocrx_word' id='word_1_130' title='bbox 1258 1201 1361 1233; x_wconf 75' lang='lat' dir='ltr'><strong><em>licebit</em></strong></span> <span class='ocrx_word' id='word_1_131' title='bbox 1387 1201 1447 1232; x_wconf 81' lang='lat' dir='ltr'><em>tibi</em></span> <span class='ocrx_word' id='word_1_132' title='bbox 1470 1201 1682 1232; x_wconf 74' lang='lat' dir='ltr'><em>transmittere</em></span> 
     </span>
     <span class='ocr_line' id='line_1_19' title="bbox 216 1243 1686 1285; baseline 0.001 -12"><span class='ocrx_word' id='word_1_133' title='bbox 216 1254 293 1275; x_wconf 78' lang='lat' dir='ltr'><em>saxa</em></span> <span class='ocrx_word' id='word_1_134' title='bbox 309 1245 449 1285; x_wconf 80' lang='lat' dir='ltr'><em>Alpium.</em></span> <span class='ocrx_word' id='word_1_135' title='bbox 496 1245 550 1275; x_wconf 69' lang='lat' dir='ltr'><em>Ex</em></span> <span class='ocrx_word' id='word_1_136' title='bbox 580 1245 634 1276; x_wconf 79' lang='lat' dir='ltr'><em>hac</em></span> <span class='ocrx_word' id='word_1_137' title='bbox 661 1245 737 1275; x_wconf 72' lang='lat' dir='ltr'><em>loco</em></span> <span class='ocrx_word' id='word_1_138' title='bbox 764 1255 873 1276; x_wconf 87' lang='lat' dir='ltr'><em>conare</em></span> <span class='ocrx_word' id='word_1_139' title='bbox 898 1245 1044 1283; x_wconf 81' lang='lat' dir='ltr'><em>trajicere</em></span> <span class='ocrx_word' id='word_1_140' title='bbox 1072 1255 1119 1275; x_wconf 87' lang='lat' dir='ltr'><em>me</em></span> <span class='ocrx_word' id='word_1_141' title='bbox 1150 1245 1229 1277; x_wconf 81' lang='lat' dir='ltr'><em>telis.</em></span> <span class='ocrx_word' id='word_1_142' title='bbox 1278 1245 1474 1282; x_wconf 78' lang='lat' dir='ltr'><em>Consectare,</em></span> <span class='ocrx_word' id='word_1_143' title='bbox 1502 1254 1521 1274; x_wconf 93' lang='lat'>0</span> <span class='ocrx_word' id='word_1_144' title='bbox 1537 1243 1686 1282; x_wconf 68' lang='lat' dir='ltr'><em>crudelis,</em></span> 
     </span>
     <span class='ocr_line' id='line_1_20' title="bbox 213 1286 1683 1328; baseline 0 -11"><span class='ocrx_word' id='word_1_145' title='bbox 213 1288 366 1326; x_wconf 78' lang='lat' dir='ltr'><em>gladium,</em></span> <span class='ocrx_word' id='word_1_146' title='bbox 381 1288 432 1327; x_wconf 80' lang='lat' dir='ltr'><em>qui</em></span> <span class='ocrx_word' id='word_1_147' title='bbox 448 1286 486 1316; x_wconf 81' lang='lat' dir='ltr'><em>ab</em></span> <span class='ocrx_word' id='word_1_148' title='bbox 503 1287 600 1317; x_wconf 82' lang='lat' dir='ltr'><em>Italia</em></span> <span class='ocrx_word' id='word_1_149' title='bbox 615 1289 714 1318; x_wconf 69' lang='lat' dir='ltr'><em>valeat</em></span> <span class='ocrx_word' id='word_1_150' title='bbox 723 1288 901 1328; x_wconf 78' lang='lat' dir='ltr'><em>pertingere</em></span> <span class='ocrx_word' id='word_1_151' title='bbox 915 1289 955 1318; x_wconf 87' lang='lat' dir='ltr'><em>ad</em></span> <span class='ocrx_word' id='word_1_152' title='bbox 978 1288 1081 1318; x_wconf 81' lang='lat' dir='ltr'><em>urbem</em></span> <span class='ocrx_word' id='word_1_153' title='bbox 1098 1291 1245 1318; x_wconf 73' lang='lat' dir='ltr'><em>nostrum.</em></span> <span class='ocrx_word' id='word_1_154' title='bbox 1294 1288 1367 1318; x_wconf 87' lang='lat' dir='ltr'><em>Non</em></span> <span class='ocrx_word' id='word_1_155' title='bbox 1390 1288 1570 1317; x_wconf 80' lang='lat' dir='ltr'><em>documenta</em></span> <span class='ocrx_word' id='word_1_156' title='bbox 1595 1296 1683 1326; x_wconf 82' lang='lat' dir='ltr'><em>supe-</em></span> 
     </span>
     <span class='ocr_line' id='line_1_21' title="bbox 216 1328 1683 1371; baseline 0.001 -12"><span class='ocrx_word' id='word_1_157' title='bbox 216 1328 346 1367; x_wconf 80' lang='lat' dir='ltr'><em>riorum,</em></span> <span class='ocrx_word' id='word_1_158' title='bbox 364 1330 420 1369; x_wconf 85' lang='lat' dir='ltr'><em>qui</em></span> <span class='ocrx_word' id='word_1_159' title='bbox 437 1339 489 1359; x_wconf 86' lang='lat' dir='ltr'><em>me</em></span> <span class='ocrx_word' id='word_1_160' title='bbox 506 1334 695 1368; x_wconf 82' lang='lat' dir='ltr'><em>tentarunt⁷</em></span> <span class='ocrx_word' id='word_1_161' title='bbox 711 1341 769 1361; x_wconf 81' lang='lat' dir='ltr'><em>uon</em></span> <span class='ocrx_word' id='word_1_162' title='bbox 785 1332 923 1371; x_wconf 77' lang='lat' dir='ltr'><em>exempla</em></span> <span class='ocrx_word' id='word_1_163' title='bbox 934 1330 1098 1371; x_wconf 77' lang='lat' dir='ltr'><em>prohibent</em></span> <span class='ocrx_word' id='word_1_164' title='bbox 1114 1334 1144 1361; x_wconf 83' lang='lat' dir='ltr'><em>te</em></span> <span class='ocrx_word' id='word_1_165' title='bbox 1159 1329 1174 1361; x_wconf 72' lang='grc' dir='ltr'><em>ἶ)</em></span> <span class='ocrx_word' id='word_1_166' title='bbox 1198 1340 1240 1360; x_wconf 87' lang='lat' dir='ltr'><em>au</em></span> <span class='ocrx_word' id='word_1_167' title='bbox 1265 1330 1377 1369; x_wconf 77' lang='lat' dir='ltr'><em>aliquis</em></span> <span class='ocrx_word' id='word_1_168' title='bbox 1399 1333 1523 1360; x_wconf 82' lang='lat' dir='ltr'><em>tentans</em></span> <span class='ocrx_word' id='word_1_169' title='bbox 1538 1329 1683 1360; x_wconf 77' lang='lat' dir='ltr'><em>lacessere</em></span> 
     </span>
     <span class='ocr_line' id='line_1_22' title="bbox 217 1371 1683 1413; baseline 0 -11"><span class='ocrx_word' id='word_1_170' title='bbox 217 1381 284 1413; x_wconf 80' lang='lat' dir='ltr'><em>me,</em></span> <span class='ocrx_word' id='word_1_171' title='bbox 299 1372 456 1411; x_wconf 78' lang='lat' dir='ltr'><em>gloriatur</em></span> <span class='ocrx_word' id='word_1_172' title='bbox 470 1371 618 1412; x_wconf 82' lang='lat' dir='ltr'><em>effugisse</em></span> <span class='ocrx_word' id='word_1_173' title='bbox 631 1377 767 1404; x_wconf 82' lang='lat' dir='ltr'><em>nostrum</em></span> <span class='ocrx_word' id='word_1_174' title='bbox 770 1372 1022 1412; x_wconf 78' lang='lat' dir='ltr'><em>fortitudinem?</em></span> <span class='ocrx_word' id='word_1_175' title='bbox 1055 1374 1123 1405; x_wconf 84' lang='lat' dir='ltr'><em>Nos</em></span> <span class='ocrx_word' id='word_1_176' title='bbox 1138 1373 1367 1404; x_wconf 71' lang='lat' dir='ltr'><em>deturbat-imus</em></span> <span class='ocrx_word' id='word_1_177' title='bbox 1382 1375 1412 1403; x_wconf 85' lang='lat' dir='ltr'><em>te</em></span> <span class='ocrx_word' id='word_1_178' title='bbox 1428 1381 1470 1403; x_wconf 84' lang='lat' dir='ltr'><em>ex</em></span> <span class='ocrx_word' id='word_1_179' title='bbox 1484 1372 1555 1403; x_wconf 85' lang='lat' dir='ltr'><em>orbe</em></span> <span class='ocrx_word' id='word_1_180' title='bbox 1570 1372 1683 1413; x_wconf 77' lang='lat' dir='ltr'><em>medio,</em></span> 
     </span>
    </p>
   </div>
   <div class='ocr_carea' id='block_1_6' title="bbox 826 1447 1061 1459">
    <p class='ocr_par' dir='ltr' id='par_1_7' title="bbox 826 1447 1061 1459">
     <span class='ocr_line' id='line_1_23' title="bbox 826 1447 1061 1459; baseline -0.004 0"><span class='ocrx_word' id='word_1_181' title='bbox 826 1447 1061 1459; x_wconf 60' lang='lat' dir='ltr'><em>eeeeeeeeeeee</em></span> 
     </span>
    </p>
   </div>
   <div class='ocr_carea' id='block_1_7' title="bbox 221 1490 1694 2256">
    <p class='ocr_par' dir='ltr' id='par_1_8' title="bbox 221 1490 1694 2256">
     <span class='ocr_line' id='line_1_24' title="bbox 221 1490 1685 1533; baseline 0.001 -13"><span class='ocrx_word' id='word_1_182' title='bbox 221 1490 318 1521; x_wconf 83' lang='lat' dir='ltr'><em>Rott.</em></span> <span class='ocrx_word' id='word_1_183' title='bbox 336 1491 417 1522; x_wconf 84' lang='lat' dir='ltr'><em>Put.</em></span> <span class='ocrx_word' id='word_1_184' title='bbox 451 1502 574 1532; x_wconf 83' lang='lat' dir='ltr'><em>poscere</em></span> <span class='ocrx_word' id='word_1_185' title='bbox 599 1496 669 1524; x_wconf 87' lang='lat' dir='ltr'><em>vet.</em></span> <span class='ocrx_word' id='word_1_186' title='bbox 688 1493 833 1533; x_wconf 84' lang='lat' dir='ltr'><em>Gyrald.</em></span> <span class='ocrx_word' id='word_1_187' title='bbox 865 1498 900 1524; x_wconf 88' lang='lat' dir='ltr'><em>et</em></span> <span class='ocrx_word' id='word_1_188' title='bbox 930 1495 1017 1525; x_wconf 79' lang='lat' dir='ltr'><em>Exc.</em></span> <span class='ocrx_word' id='word_1_189' title='bbox 1048 1494 1193 1524; x_wconf 81' lang='lat' dir='ltr'><em>Lucens.</em></span> <span class='ocrx_word' id='word_1_190' title='bbox 1221 1503 1289 1524; x_wconf 84' lang='lat' dir='ltr'><em>sec.</em></span> <span class='ocrx_word' id='word_1_191' title='bbox 1316 1502 1424 1532; x_wconf 79' lang='lat' dir='ltr'><em>marg.</em></span> <span class='ocrx_word' id='word_1_192' title='bbox 1452 1491 1685 1532; x_wconf 56' lang='lat' dir='ltr'><em>lunga-300</em></span> 
     </span>
     <span class='ocr_line' id='line_1_25' title="bbox 225 1533 1687 1576; baseline 0.001 -13"><span class='ocrx_word' id='word_1_193' title='bbox 225 1534 309 1568; x_wconf 85' lang='lat' dir='ltr'><em>Quid</em></span> <span class='ocrx_word' id='word_1_194' title='bbox 322 1533 410 1570; x_wconf 80' lang='lat' dir='ltr'><em>feret</em></span> <span class='ocrx_word' id='word_1_195' title='bbox 423 1535 502 1566; x_wconf 84' lang='lat' dir='ltr'><em>Vat.</em></span> <span class='ocrx_word' id='word_1_196' title='bbox 519 1545 587 1567; x_wconf 83' lang='lat' dir='ltr'><em>sec.</em></span> <span class='ocrx_word' id='word_1_197' title='bbox 612 1537 741 1567; x_wconf 87' lang='lat' dir='ltr'><em>Moret.</em></span> <span class='ocrx_word' id='word_1_198' title='bbox 757 1546 824 1567; x_wconf 81' lang='lat' dir='ltr'><em>sec.</em></span> <span class='ocrx_word' id='word_1_199' title='bbox 840 1537 977 1567; x_wconf 78' lang='lat' dir='ltr'><em>Tholos.</em></span> <span class='ocrx_word' id='word_1_200' title='bbox 1016 1537 1179 1567; x_wconf 77' lang='lat' dir='ltr'><em>Heinsius</em></span> <span class='ocrx_word' id='word_1_201' title='bbox 1195 1537 1295 1576; x_wconf 82' lang='lat' dir='ltr'><em>legit,</em></span> <span class='ocrx_word' id='word_1_202' title='bbox 1314 1536 1377 1571; x_wconf 85' lang='lat' dir='ltr'><em>Qui</em></span> <span class='ocrx_word' id='word_1_203' title='bbox 1392 1535 1494 1573; x_wconf 84' lang='lat' dir='ltr'><em>ferat.</em></span> <span class='ocrx_word' id='word_1_204' title='bbox 1528 1533 1687 1574; x_wconf 79' lang='lat' dir='ltr'><em>superabit</em></span> 
     </span>
     <span class='ocr_line' id='line_1_26' title="bbox 221 1576 1686 1619; baseline 0.001 -14"><span class='ocrx_word' id='word_1_205' title='bbox 221 1585 284 1616; x_wconf 84' lang='lat' dir='ltr'><em>pro</em></span> <span class='ocrx_word' id='word_1_206' title='bbox 298 1578 455 1616; x_wconf 78' lang='lat' dir='ltr'><em>superavit</em></span> <span class='ocrx_word' id='word_1_207' title='bbox 473 1579 572 1610; x_wconf 85' lang='lat' dir='ltr'><em>Farn.</em></span> <span class='ocrx_word' id='word_1_208' title='bbox 608 1579 753 1609; x_wconf 79' lang='lat' dir='ltr'><em>inermem</em></span> <span class='ocrx_word' id='word_1_209' title='bbox 771 1584 916 1619; x_wconf 83' lang='lat' dir='ltr'><em>quatuor</em></span> <span class='ocrx_word' id='word_1_210' title='bbox 930 1579 1026 1610; x_wconf 86' lang='lat' dir='ltr'><em>Med.</em></span> <span class='ocrx_word' id='word_1_211' title='bbox 1043 1579 1109 1610; x_wconf 90' lang='lat' dir='ltr'><em>duo</em></span> <span class='ocrx_word' id='word_1_212' title='bbox 1127 1579 1248 1609; x_wconf 85' lang='lat' dir='ltr'><em>Heius.</em></span> <span class='ocrx_word' id='word_1_213' title='bbox 1268 1579 1418 1609; x_wconf 86' lang='lat' dir='ltr'><em>Florent.</em></span> <span class='ocrx_word' id='word_1_214' title='bbox 1444 1582 1479 1608; x_wconf 82' lang='lat' dir='ltr'><em>et</em></span> <span class='ocrx_word' id='word_1_215' title='bbox 1501 1577 1555 1608; x_wconf 90' lang='lat' dir='ltr'><em>ed.</em></span> <span class='ocrx_word' id='word_1_216' title='bbox 1569 1576 1686 1607; x_wconf 87' lang='lat' dir='ltr'><em>Vicet.</em></span> 
     </span>
     <span class='ocr_line' id='line_1_27' title="bbox 222 1618 1686 1661; baseline 0.001 -13"><span class='ocrx_word' id='word_1_217' title='bbox 222 1619 352 1649; x_wconf 81' lang='lat' dir='ltr'><em>inertem</em></span> <span class='ocrx_word' id='word_1_218' title='bbox 366 1620 502 1651; x_wconf 82' lang='lat' dir='ltr'><em>Claver.</em></span> <span class='ocrx_word' id='word_1_219' title='bbox 520 1625 555 1651; x_wconf 88' lang='lat' dir='ltr'><em>et</em></span> <span class='ocrx_word' id='word_1_220' title='bbox 573 1621 813 1660; x_wconf 77' lang='lat' dir='ltr'><em>Gryph.-301</em></span> <span class='ocrx_word' id='word_1_221' title='bbox 842 1623 890 1652; x_wconf 77' lang='lat' dir='ltr'><em>Tu</em></span> <span class='ocrx_word' id='word_1_222' title='bbox 916 1632 996 1652; x_wconf 78' lang='lat' dir='ltr'><em>nunc</em></span> <span class='ocrx_word' id='word_1_223' title='bbox 1013 1622 1066 1652; x_wconf 81' lang='lat' dir='ltr'><em>vel</em></span> <span class='ocrx_word' id='word_1_224' title='bbox 1084 1622 1102 1651; x_wconf 94' lang='lat'><em>1</em></span> <span class='ocrx_word' id='word_1_225' title='bbox 1115 1631 1195 1652; x_wconf 82' lang='lat' dir='ltr'><em>nunc</em></span> <span class='ocrx_word' id='word_1_226' title='bbox 1211 1622 1292 1652; x_wconf 90' lang='lat' dir='ltr'><em>Vat.</em></span> <span class='ocrx_word' id='word_1_227' title='bbox 1310 1631 1362 1661; x_wconf 87' lang='lat' dir='ltr'><em>pr.</em></span> <span class='ocrx_word' id='word_1_228' title='bbox 1385 1621 1514 1651; x_wconf 64' lang='lat' dir='ltr'><em>ezr-ilium</em></span> <span class='ocrx_word' id='word_1_229' title='bbox 1538 1620 1593 1650; x_wconf 83' lang='lat' dir='ltr'><em>vel</em></span> <span class='ocrx_word' id='word_1_230' title='bbox 1619 1618 1686 1650; x_wconf 78' lang='lat' dir='ltr'><em>exi-</em></span> 
     </span>
     <span class='ocr_line' id='line_1_28' title="bbox 222 1661 1687 1704; baseline 0.001 -13"><span class='ocrx_word' id='word_1_231' title='bbox 222 1661 301 1691; x_wconf 80' lang='lat' dir='ltr'><em>tium</em></span> <span class='ocrx_word' id='word_1_232' title='bbox 318 1662 399 1693; x_wconf 82' lang='lat' dir='ltr'><em>Put.</em></span> <span class='ocrx_word' id='word_1_233' title='bbox 434 1664 562 1694; x_wconf 87' lang='lat' dir='ltr'><em>remotis</em></span> <span class='ocrx_word' id='word_1_234' title='bbox 577 1664 631 1694; x_wconf 84' lang='lat' dir='ltr'><em>vel</em></span> <span class='ocrx_word' id='word_1_235' title='bbox 644 1667 781 1694; x_wconf 84' lang='lat' dir='ltr'><em>remotus</em></span> <span class='ocrx_word' id='word_1_236' title='bbox 795 1664 875 1694; x_wconf 85' lang='lat' dir='ltr'><em>Vat.</em></span> <span class='ocrx_word' id='word_1_237' title='bbox 892 1667 1054 1704; x_wconf 60' lang='lat' dir='ltr'><em>pru-302</em></span> <span class='ocrx_word' id='word_1_238' title='bbox 1078 1664 1236 1694; x_wconf 79' lang='lat' dir='ltr'><em>Incassum</em></span> <span class='ocrx_word' id='word_1_239' title='bbox 1253 1664 1306 1694; x_wconf 87' lang='lat' dir='ltr'><em>vel</em></span> <span class='ocrx_word' id='word_1_240' title='bbox 1322 1664 1357 1694; x_wconf 77' lang='lat' dir='ltr'><em>ln</em></span> <span class='ocrx_word' id='word_1_241' title='bbox 1370 1673 1472 1693; x_wconf 83' lang='lat' dir='ltr'><em>casum</em></span> <span class='ocrx_word' id='word_1_242' title='bbox 1487 1662 1616 1693; x_wconf 85' lang='lat' dir='ltr'><em>Moret.</em></span> <span class='ocrx_word' id='word_1_243' title='bbox 1634 1671 1687 1702; x_wconf 88' lang='lat' dir='ltr'><em>pr.</em></span> 
     </span>
     <span class='ocr_line' id='line_1_29' title="bbox 222 1704 1686 1746; baseline 0.001 -12"><span class='ocrx_word' id='word_1_244' title='bbox 222 1704 257 1734; x_wconf 79' lang='lat' dir='ltr'><em>in</em></span> <span class='ocrx_word' id='word_1_245' title='bbox 272 1714 373 1735; x_wconf 84' lang='lat' dir='ltr'><em>casum</em></span> <span class='ocrx_word' id='word_1_246' title='bbox 390 1704 446 1735; x_wconf 89' lang='lat' dir='ltr'><em>lib.</em></span> <span class='ocrx_word' id='word_1_247' title='bbox 464 1706 584 1737; x_wconf 80' lang='lat' dir='ltr'><em>Barth.</em></span> <span class='ocrx_word' id='word_1_248' title='bbox 623 1706 732 1737; x_wconf 83' lang='lat' dir='ltr'><em>Stilico</em></span> <span class='ocrx_word' id='word_1_249' title='bbox 749 1707 827 1736; x_wconf 81' lang='lat' dir='ltr'><em>Vat.</em></span> <span class='ocrx_word' id='word_1_250' title='bbox 846 1716 913 1737; x_wconf 85' lang='lat' dir='ltr'><em>sec.</em></span> <span class='ocrx_word' id='word_1_251' title='bbox 951 1705 1084 1737; x_wconf 80' lang='lat' dir='ltr'><em>Stilicon</em></span> <span class='ocrx_word' id='word_1_252' title='bbox 1101 1707 1186 1736; x_wconf 81' lang='lat' dir='ltr'><em>Exc.</em></span> <span class='ocrx_word' id='word_1_253' title='bbox 1202 1707 1345 1737; x_wconf 90' lang='lat' dir='ltr'><em>Lucens.</em></span> <span class='ocrx_word' id='word_1_254' title='bbox 1364 1715 1414 1746; x_wconf 83' lang='lat' dir='ltr'><em>pr.</em></span> <span class='ocrx_word' id='word_1_255' title='bbox 1453 1705 1588 1736; x_wconf 77' lang='lat' dir='ltr'><em>Stilicho</em></span> <span class='ocrx_word' id='word_1_256' title='bbox 1602 1705 1686 1745; x_wconf 76' lang='lat' dir='ltr'><em>Reg.</em></span> 
     </span>
     <span class='ocr_line' id='line_1_30' title="bbox 224 1745 1690 1790; baseline 0.001 -14"><span class='ocrx_word' id='word_1_257' title='bbox 224 1745 378 1778; x_wconf 73' lang='lat' dir='ltr'><em>Stilichon</em></span> <span class='ocrx_word' id='word_1_258' title='bbox 405 1748 489 1779; x_wconf 82' lang='lat' dir='ltr'><em>Exc.</em></span> <span class='ocrx_word' id='word_1_259' title='bbox 508 1749 718 1780; x_wconf 53' lang='lat' dir='ltr'><em>Lirem—303</em></span> <span class='ocrx_word' id='word_1_260' title='bbox 743 1749 872 1781; x_wconf 74' lang='lat' dir='ltr'><em>Dividit</em></span> <span class='ocrx_word' id='word_1_261' title='bbox 888 1748 982 1779; x_wconf 86' lang='lat' dir='ltr'><em>Med.</em></span> <span class='ocrx_word' id='word_1_262' title='bbox 1000 1754 1112 1790; x_wconf 82' lang='lat' dir='ltr'><em>quart.</em></span> <span class='ocrx_word' id='word_1_263' title='bbox 1151 1749 1346 1789; x_wconf 78' lang='lat' dir='ltr'><em>interstrepit</em></span> <span class='ocrx_word' id='word_1_264' title='bbox 1361 1750 1440 1780; x_wconf 73' lang='lat' dir='ltr'><em>Vnt.</em></span> <span class='ocrx_word' id='word_1_265' title='bbox 1457 1754 1569 1788; x_wconf 73' lang='lat' dir='ltr'><em>quart.</em></span> <span class='ocrx_word' id='word_1_266' title='bbox 1592 1747 1690 1778; x_wconf 86' lang='lat' dir='ltr'><em>inter-</em></span> 
     </span>
     <span class='ocr_line' id='line_1_31' title="bbox 223 1790 1688 1832; baseline 0.002 -14"><span class='ocrx_word' id='word_1_267' title='bbox 223 1791 339 1829; x_wconf 82' lang='lat' dir='ltr'><em>strepet</em></span> <span class='ocrx_word' id='word_1_268' title='bbox 355 1790 449 1821; x_wconf 77' lang='lat' dir='ltr'><em>Med.</em></span> <span class='ocrx_word' id='word_1_269' title='bbox 466 1796 577 1831; x_wconf 84' lang='lat' dir='ltr'><em>quart.</em></span> <span class='ocrx_word' id='word_1_270' title='bbox 593 1791 722 1822; x_wconf 85' lang='lat' dir='ltr'><em>Thuan.</em></span> <span class='ocrx_word' id='word_1_271' title='bbox 736 1793 866 1823; x_wconf 68' lang='lat' dir='ltr'><em>Mor-et.</em></span> <span class='ocrx_word' id='word_1_272' title='bbox 881 1801 947 1822; x_wconf 86' lang='lat' dir='ltr'><em>sec.</em></span> <span class='ocrx_word' id='word_1_273' title='bbox 983 1791 1144 1831; x_wconf 79' lang='lat' dir='ltr'><em>interfluat</em></span> <span class='ocrx_word' id='word_1_274' title='bbox 1159 1792 1240 1822; x_wconf 86' lang='lat' dir='ltr'><em>Vat.</em></span> <span class='ocrx_word' id='word_1_275' title='bbox 1269 1801 1322 1832; x_wconf 84' lang='lat' dir='ltr'><em>pr.</em></span> <span class='ocrx_word' id='word_1_276' title='bbox 1338 1792 1421 1822; x_wconf 87' lang='lat' dir='ltr'><em>item</em></span> <span class='ocrx_word' id='word_1_277' title='bbox 1449 1791 1555 1821; x_wconf 88' lang='lat' dir='ltr'><em>Livin.</em></span> <span class='ocrx_word' id='word_1_278' title='bbox 1578 1800 1688 1831; x_wconf 83' lang='lat' dir='ltr'><em>marg.</em></span> 
     </span>
     <span class='ocr_line' id='line_1_32' title="bbox 224 1831 1690 1874; baseline 0.002 -13"><span class='ocrx_word' id='word_1_279' title='bbox 224 1831 459 1872; x_wconf 76' lang='lat' dir='ltr'><em>Isingr.—-304</em></span> <span class='ocrx_word' id='word_1_280' title='bbox 484 1835 576 1864; x_wconf 88' lang='lat' dir='ltr'><em>Nunc</em></span> <span class='ocrx_word' id='word_1_281' title='bbox 591 1834 670 1864; x_wconf 82' lang='lat' dir='ltr'><em>alias</em></span> <span class='ocrx_word' id='word_1_282' title='bbox 683 1835 814 1864; x_wconf 63' lang='lat' dir='ltr'><em>Thurin.</em></span> <span class='ocrx_word' id='word_1_283' title='bbox 852 1835 939 1865; x_wconf 73' lang='lat' dir='ltr'><em>nir-es</em></span> <span class='ocrx_word' id='word_1_284' title='bbox 966 1844 1028 1874; x_wconf 87' lang='lat' dir='ltr'><em>pro</em></span> <span class='ocrx_word' id='word_1_285' title='bbox 1047 1844 1136 1873; x_wconf 83' lang='lat' dir='ltr'><em>rupes</em></span> <span class='ocrx_word' id='word_1_286' title='bbox 1152 1835 1247 1865; x_wconf 81' lang='lat' dir='ltr'><em>Rott.</em></span> <span class='ocrx_word' id='word_1_287' title='bbox 1281 1838 1382 1864; x_wconf 78' lang='lat' dir='ltr'><em>turres</em></span> <span class='ocrx_word' id='word_1_288' title='bbox 1398 1833 1517 1865; x_wconf 85' lang='lat' dir='ltr'><em>Ambr.</em></span> <span class='ocrx_word' id='word_1_289' title='bbox 1535 1842 1605 1864; x_wconf 84' lang='lat' dir='ltr'><em>see.</em></span> <span class='ocrx_word' id='word_1_290' title='bbox 1642 1842 1690 1864; x_wconf 80' lang='lat' dir='ltr'><em>me</em></span> 
     </span>
     <span class='ocr_line' id='line_1_33' title="bbox 224 1876 1690 1917; baseline 0.003 -14"><span class='ocrx_word' id='word_1_291' title='bbox 224 1876 343 1905; x_wconf 80' lang='lat' dir='ltr'><em>consule</em></span> <span class='ocrx_word' id='word_1_292' title='bbox 358 1885 464 1915; x_wconf 80' lang='lat' dir='ltr'><em>marg.</em></span> <span class='ocrx_word' id='word_1_293' title='bbox 483 1876 607 1917; x_wconf 82' lang='lat' dir='ltr'><em>Isingr.</em></span> <span class='ocrx_word' id='word_1_294' title='bbox 623 1877 698 1907; x_wconf 89' lang='lat' dir='ltr'><em>cod.</em></span> <span class='ocrx_word' id='word_1_295' title='bbox 716 1877 942 1908; x_wconf 55' lang='lat' dir='ltr'><em>Barna—305</em></span> <span class='ocrx_word' id='word_1_296' title='bbox 967 1877 1031 1907; x_wconf 82' lang='lat' dir='ltr'><em>illic</em></span> <span class='ocrx_word' id='word_1_297' title='bbox 1047 1878 1127 1907; x_wconf 77' lang='lat' dir='ltr'><em>Vat.</em></span> <span class='ocrx_word' id='word_1_298' title='bbox 1146 1878 1252 1917; x_wconf 89' lang='lat' dir='ltr'><em>quint.</em></span> <span class='ocrx_word' id='word_1_299' title='bbox 1269 1877 1381 1908; x_wconf 83' lang='lat' dir='ltr'><em>Oxou.</em></span> <span class='ocrx_word' id='word_1_300' title='bbox 1398 1887 1467 1908; x_wconf 88' lang='lat' dir='ltr'><em>sec.</em></span> <span class='ocrx_word' id='word_1_301' title='bbox 1493 1876 1548 1907; x_wconf 89' lang='lat' dir='ltr'><em>ed.</em></span> <span class='ocrx_word' id='word_1_302' title='bbox 1573 1876 1690 1907; x_wconf 83' lang='lat' dir='ltr'><em>Parm.</em></span> 
     </span>
     <span class='ocr_line' id='line_1_34' title="bbox 226 1917 1690 1960; baseline 0.001 -14"><span class='ocrx_word' id='word_1_303' title='bbox 226 1921 261 1947; x_wconf 85' lang='lat' dir='ltr'><em>et</em></span> <span class='ocrx_word' id='word_1_304' title='bbox 279 1917 501 1949; x_wconf 82' lang='lat' dir='ltr'><em>Vicet.—307</em></span> <span class='ocrx_word' id='word_1_305' title='bbox 525 1929 597 1949; x_wconf 83' lang='lat' dir='ltr'><em>num</em></span> <span class='ocrx_word' id='word_1_306' title='bbox 624 1923 655 1950; x_wconf 83' lang='lat' dir='ltr'><em>te</em></span> <span class='ocrx_word' id='word_1_307' title='bbox 682 1919 761 1950; x_wconf 73' lang='lat' dir='ltr'><em>Par.</em></span> <span class='ocrx_word' id='word_1_308' title='bbox 786 1921 867 1950; x_wconf 78' lang='lat' dir='ltr'><em>Vat.</em></span> <span class='ocrx_word' id='word_1_309' title='bbox 896 1928 964 1949; x_wconf 84' lang='lat' dir='ltr'><em>sec.</em></span> <span class='ocrx_word' id='word_1_310' title='bbox 1001 1923 1194 1950; x_wconf 87' lang='lat' dir='ltr'><em>monumenta</em></span> <span class='ocrx_word' id='word_1_311' title='bbox 1221 1920 1368 1960; x_wconf 89' lang='lat' dir='ltr'><em>quinque</em></span> <span class='ocrx_word' id='word_1_312' title='bbox 1386 1920 1463 1950; x_wconf 84' lang='lat' dir='ltr'><em>Vat.</em></span> <span class='ocrx_word' id='word_1_313' title='bbox 1488 1919 1564 1950; x_wconf 85' lang='lat' dir='ltr'><em>Pal.</em></span> <span class='ocrx_word' id='word_1_314' title='bbox 1589 1919 1690 1949; x_wconf 81' lang='lat' dir='ltr'><em>Fam.</em></span> 
     </span>
     <span class='ocr_line' id='line_1_35' title="bbox 228 1958 1694 2002; baseline 0.002 -14"><span class='ocrx_word' id='word_1_315' title='bbox 228 1958 336 1990; x_wconf 80' lang='lat' dir='ltr'><em>Oisel.</em></span> <span class='ocrx_word' id='word_1_316' title='bbox 370 1961 551 1991; x_wconf 83' lang='lat' dir='ltr'><em>documenta</em></span> <span class='ocrx_word' id='word_1_317' title='bbox 566 1963 652 1992; x_wconf 78' lang='lat' dir='ltr'><em>Exc.</em></span> <span class='ocrx_word' id='word_1_318' title='bbox 672 1963 817 1992; x_wconf 75' lang='lat' dir='ltr'><em>Lucens.</em></span> <span class='ocrx_word' id='word_1_319' title='bbox 835 1965 1012 1994; x_wconf 58' lang='lat' dir='ltr'><em>seru—308</em></span> <span class='ocrx_word' id='word_1_320' title='bbox 1036 1962 1103 2001; x_wconf 84' lang='lat' dir='ltr'><em>quis</em></span> <span class='ocrx_word' id='word_1_321' title='bbox 1122 1973 1180 2002; x_wconf 85' lang='lat' dir='ltr'><em>par</em></span> <span class='ocrx_word' id='word_1_322' title='bbox 1194 1963 1274 1993; x_wconf 82' lang='lat' dir='ltr'><em>Vat.</em></span> <span class='ocrx_word' id='word_1_323' title='bbox 1292 1972 1343 2002; x_wconf 90' lang='lat' dir='ltr'><em>pr.</em></span> <span class='ocrx_word' id='word_1_324' title='bbox 1370 1962 1450 1992; x_wconf 89' lang='lat' dir='ltr'><em>item</em></span> <span class='ocrx_word' id='word_1_325' title='bbox 1468 1961 1578 1992; x_wconf 87' lang='lat' dir='ltr'><em>Livin.</em></span> <span class='ocrx_word' id='word_1_326' title='bbox 1610 1960 1694 2001; x_wconf 77' lang='lat' dir='ltr'><em>quis-</em></span> 
     </span>
     <span class='ocr_line' id='line_1_36' title="bbox 225 2003 1692 2045; baseline 0.002 -14"><span class='ocrx_word' id='word_1_327' title='bbox 225 2010 297 2032; x_wconf 76' lang='lat' dir='ltr'><em>nam</em></span> <span class='ocrx_word' id='word_1_328' title='bbox 312 2007 458 2042; x_wconf 83' lang='lat' dir='ltr'><em>quatuor</em></span> <span class='ocrx_word' id='word_1_329' title='bbox 473 2004 549 2034; x_wconf 85' lang='lat' dir='ltr'><em>Vat.</em></span> <span class='ocrx_word' id='word_1_330' title='bbox 565 2004 639 2034; x_wconf 87' lang='lat' dir='ltr'><em>Pal.</em></span> <span class='ocrx_word' id='word_1_331' title='bbox 658 2005 757 2035; x_wconf 84' lang='lat' dir='ltr'><em>Farn.</em></span> <span class='ocrx_word' id='word_1_332' title='bbox 774 2005 867 2035; x_wconf 89' lang='lat' dir='ltr'><em>Pric.</em></span> <span class='ocrx_word' id='word_1_333' title='bbox 886 2006 986 2035; x_wconf 84' lang='lat' dir='ltr'><em>Rott.</em></span> <span class='ocrx_word' id='word_1_334' title='bbox 1005 2004 1112 2035; x_wconf 87' lang='lat' dir='ltr'><em>Oisel.</em></span> <span class='ocrx_word' id='word_1_335' title='bbox 1147 2005 1307 2045; x_wconf 84' lang='lat' dir='ltr'><em>quisquam</em></span> <span class='ocrx_word' id='word_1_336' title='bbox 1323 2004 1377 2035; x_wconf 89' lang='lat' dir='ltr'><em>ed.</em></span> <span class='ocrx_word' id='word_1_337' title='bbox 1395 2005 1530 2035; x_wconf 81' lang='lat' dir='ltr'><em>Claver.</em></span> <span class='ocrx_word' id='word_1_338' title='bbox 1553 2003 1692 2034; x_wconf 85' lang='lat' dir='ltr'><em>concitus</em></span> 
     </span>
     <span class='ocr_line' id='line_1_37' title="bbox 226 2044 1692 2083; baseline 0.001 -9"><span class='ocrx_word' id='word_1_339' title='bbox 226 2053 288 2083; x_wconf 85' lang='lat' dir='ltr'><em>pro</em></span> <span class='ocrx_word' id='word_1_340' title='bbox 304 2048 432 2075; x_wconf 82' lang='lat' dir='ltr'><em>conatus</em></span> <span class='ocrx_word' id='word_1_341' title='bbox 449 2044 570 2076; x_wconf 84' lang='lat' dir='ltr'><em>Ambr.</em></span> <span class='ocrx_word' id='word_1_342' title='bbox 588 2050 766 2078; x_wconf 58' lang='lat' dir='ltr'><em>sem—309</em></span> <span class='ocrx_word' id='word_1_343' title='bbox 790 2047 899 2078; x_wconf 85' lang='lat' dir='ltr'><em>vicisse</em></span> <span class='ocrx_word' id='word_1_344' title='bbox 916 2047 1010 2078; x_wconf 87' lang='lat' dir='ltr'><em>Prie.</em></span> <span class='ocrx_word' id='word_1_345' title='bbox 1027 2048 1122 2077; x_wconf 86' lang='lat' dir='ltr'><em>Rott.</em></span> <span class='ocrx_word' id='word_1_346' title='bbox 1141 2048 1273 2078; x_wconf 88' lang='lat' dir='ltr'><em>Tholos.</em></span> <span class='ocrx_word' id='word_1_347' title='bbox 1307 2047 1408 2078; x_wconf 82' lang='lat' dir='ltr'><em>vitare</em></span> <span class='ocrx_word' id='word_1_348' title='bbox 1434 2048 1518 2078; x_wconf 79' lang='lat' dir='ltr'><em>Exc.</em></span> <span class='ocrx_word' id='word_1_349' title='bbox 1548 2047 1692 2077; x_wconf 86' lang='lat' dir='ltr'><em>Lucens.</em></span> 
     </span>
     <span class='ocr_line' id='line_1_38' title="bbox 226 2088 1693 2130; baseline 0.002 -14"><span class='ocrx_word' id='word_1_350' title='bbox 226 2095 294 2117; x_wconf 89' lang='lat' dir='ltr'><em>sec.</em></span> <span class='ocrx_word' id='word_1_351' title='bbox 317 2088 427 2118; x_wconf 76' lang='lat' dir='ltr'><em>vicisse</em></span> <span class='ocrx_word' id='word_1_352' title='bbox 444 2089 498 2118; x_wconf 86' lang='lat' dir='ltr'><em>vel</em></span> <span class='ocrx_word' id='word_1_353' title='bbox 513 2088 628 2120; x_wconf 76' lang='lat' dir='ltr'><em>vitasse</em></span> <span class='ocrx_word' id='word_1_354' title='bbox 643 2090 729 2120; x_wconf 81' lang='lat' dir='ltr'><em>Exc.</em></span> <span class='ocrx_word' id='word_1_355' title='bbox 759 2090 836 2121; x_wconf 83' lang='lat' dir='ltr'><em>Pat.</em></span> <span class='ocrx_word' id='word_1_356' title='bbox 864 2099 933 2120; x_wconf 88' lang='lat' dir='ltr'><em>rec.</em></span> <span class='ocrx_word' id='word_1_357' title='bbox 970 2090 1163 2120; x_wconf 81' lang='lat' dir='ltr'><em>detrudimus</em></span> <span class='ocrx_word' id='word_1_358' title='bbox 1186 2100 1295 2130; x_wconf 86' lang='lat' dir='ltr'><em>marg.</em></span> <span class='ocrx_word' id='word_1_359' title='bbox 1321 2090 1445 2121; x_wconf 90' lang='lat' dir='ltr'><em>Morin.</em></span> <span class='ocrx_word' id='word_1_360' title='bbox 1482 2089 1693 2120; x_wconf 78' lang='lat' dir='ltr'><em>destruximus</em></span> 
     </span>
     <span class='ocr_line' id='line_1_39' title="bbox 228 2128 1693 2171; baseline 0.003 -14"><span class='ocrx_word' id='word_1_361' title='bbox 228 2128 299 2158; x_wconf 81' lang='lat' dir='ltr'><em>orbe</em></span> <span class='ocrx_word' id='word_1_362' title='bbox 314 2129 447 2160; x_wconf 86' lang='lat' dir='ltr'><em>Bonou.</em></span> <span class='ocrx_word' id='word_1_363' title='bbox 465 2129 622 2162; x_wconf 69' lang='lat' dir='ltr'><em>Amin-os.</em></span> <span class='ocrx_word' id='word_1_364' title='bbox 641 2142 708 2163; x_wconf 86' lang='lat' dir='ltr'><em>sec.</em></span> <span class='ocrx_word' id='word_1_365' title='bbox 725 2133 848 2162; x_wconf 85' lang='lat' dir='ltr'><em>Petav.</em></span> <span class='ocrx_word' id='word_1_366' title='bbox 867 2136 945 2164; x_wconf 82' lang='lat' dir='ltr'><em>tert.</em></span> <span class='ocrx_word' id='word_1_367' title='bbox 968 2132 1179 2163; x_wconf 73' lang='lat' dir='ltr'><em>destruximus</em></span> <span class='ocrx_word' id='word_1_368' title='bbox 1193 2132 1296 2162; x_wconf 82' lang='lat' dir='ltr'><em>orbem</em></span> <span class='ocrx_word' id='word_1_369' title='bbox 1310 2132 1377 2163; x_wconf 92' lang='lat' dir='ltr'><em>duo</em></span> <span class='ocrx_word' id='word_1_370' title='bbox 1391 2133 1471 2163; x_wconf 83' lang='lat' dir='ltr'><em>Vat.</em></span> <span class='ocrx_word' id='word_1_371' title='bbox 1483 2133 1570 2171; x_wconf 86' lang='lat' dir='ltr'><em>Reg.</em></span> <span class='ocrx_word' id='word_1_372' title='bbox 1585 2131 1693 2162; x_wconf 83' lang='lat' dir='ltr'><em>oisel.</em></span> 
     </span>
     <span class='ocr_line' id='line_1_40' title="bbox 230 2170 1692 2214; baseline 0.003 -15"><span class='ocrx_word' id='word_1_373' title='bbox 230 2170 359 2200; x_wconf 86' lang='lat' dir='ltr'><em>Mazar.</em></span> <span class='ocrx_word' id='word_1_374' title='bbox 372 2172 506 2203; x_wconf 81' lang='lat' dir='ltr'><em>Tholos.</em></span> <span class='ocrx_word' id='word_1_375' title='bbox 522 2173 589 2203; x_wconf 88' lang='lat' dir='ltr'><em>duo</em></span> <span class='ocrx_word' id='word_1_376' title='bbox 608 2174 719 2204; x_wconf 79' lang='lat' dir='ltr'><em>Oxou.</em></span> <span class='ocrx_word' id='word_1_377' title='bbox 738 2174 835 2204; x_wconf 87' lang='lat' dir='ltr'><em>Leid.</em></span> <span class='ocrx_word' id='word_1_378' title='bbox 851 2184 902 2214; x_wconf 88' lang='lat' dir='ltr'><em>pr.</em></span> <span class='ocrx_word' id='word_1_379' title='bbox 921 2174 1040 2205; x_wconf 89' lang='lat' dir='ltr'><em>Ambr.</em></span> <span class='ocrx_word' id='word_1_380' title='bbox 1058 2184 1109 2213; x_wconf 87' lang='lat' dir='ltr'><em>pr.</em></span> <span class='ocrx_word' id='word_1_381' title='bbox 1128 2175 1252 2204; x_wconf 85' lang='lat' dir='ltr'><em>Petav.</em></span> <span class='ocrx_word' id='word_1_382' title='bbox 1277 2183 1346 2204; x_wconf 87' lang='lat' dir='ltr'><em>sec.</em></span> <span class='ocrx_word' id='word_1_383' title='bbox 1365 2175 1449 2204; x_wconf 88' lang='lat' dir='ltr'><em>Exc.</em></span> <span class='ocrx_word' id='word_1_384' title='bbox 1469 2174 1552 2204; x_wconf 89' lang='lat' dir='ltr'><em>Cod.</em></span> <span class='ocrx_word' id='word_1_385' title='bbox 1572 2173 1692 2204; x_wconf 87' lang='lat' dir='ltr'><em>Rhem.</em></span> 
     </span>
     <span class='ocr_line' id='line_1_41' title="bbox 229 2213 1693 2256; baseline 0.002 -13"><span class='ocrx_word' id='word_1_386' title='bbox 229 2216 267 2243; x_wconf 85' lang='lat' dir='ltr'><em>et</em></span> <span class='ocrx_word' id='word_1_387' title='bbox 281 2213 362 2244; x_wconf 84' lang='lat' dir='ltr'><em>Var.</em></span> <span class='ocrx_word' id='word_1_388' title='bbox 385 2213 456 2244; x_wconf 94' lang='lat' dir='ltr'><em>LL.</em></span> <span class='ocrx_word' id='word_1_389' title='bbox 483 2213 538 2244; x_wconf 87' lang='lat' dir='ltr'><em>ed.</em></span> <span class='ocrx_word' id='word_1_390' title='bbox 553 2214 659 2247; x_wconf 89' lang='lat' dir='ltr'><em>Antv.</em></span> <span class='ocrx_word' id='word_1_391' title='bbox 673 2216 763 2256; x_wconf 89' lang='lat' dir='ltr'><em>quod</em></span> <span class='ocrx_word' id='word_1_392' title='bbox 780 2216 903 2256; x_wconf 86' lang='lat' dir='ltr'><em>probat</em></span> <span class='ocrx_word' id='word_1_393' title='bbox 922 2216 1097 2255; x_wconf 86' lang='lat' dir='ltr'><em>Heinsius,</em></span> <span class='ocrx_word' id='word_1_394' title='bbox 1112 2216 1170 2256; x_wconf 90' lang='lat' dir='ltr'><em>qui</em></span> <span class='ocrx_word' id='word_1_395' title='bbox 1185 2215 1355 2256; x_wconf 83' lang='lat' dir='ltr'><em>ascripsit.</em></span> <span class='ocrx_word' id='word_1_396' title='bbox 1389 2216 1438 2246; x_wconf 89' lang='lat' dir='ltr'><em>sic</em></span> <span class='ocrx_word' id='word_1_397' title='bbox 1465 2225 1565 2256; x_wconf 87' lang='lat' dir='ltr'><em>supra</em></span> <span class='ocrx_word' id='word_1_398' title='bbox 1577 2225 1627 2247; x_wconf 87' lang='lat' dir='ltr'><em>vs.</em></span> <span class='ocrx_word' id='word_1_399' title='bbox 1640 2218 1693 2246; x_wconf 83' lang='lat'><em>19.</em></span> 
     </span>
    </p>
   </div>
   <div class='ocr_carea' id='block_1_8' title="bbox 888 2290 1032 2323">
    <p class='ocr_par' dir='ltr' id='par_1_9' title="bbox 888 2290 1032 2323">
     <span class='ocr_line' id='line_1_42' title="bbox 888 2290 1032 2323; baseline -0.007 0"><span class='ocrx_word' id='word_1_400' title='bbox 888 2290 1032 2323; x_wconf 88' lang='lat' dir='ltr'><strong>NOTAE</strong></span> 
     </span>
    </p>
   </div>
   <div class='ocr_carea' id='block_1_9' title="bbox 229 2355 938 2800">
    <p class='ocr_par' dir='ltr' id='par_1_10' title="bbox 229 2355 934 2588">
     <span class='ocr_line' id='line_1_43' title="bbox 273 2355 933 2396; baseline 0.003 -11"><span class='ocrx_word' id='word_1_401' title='bbox 273 2357 335 2386; x_wconf 82' lang='lat'><em>301</em></span> <span class='ocrx_word' id='word_1_402' title='bbox 372 2355 393 2385; x_wconf 93' lang='grc' dir='ltr'><em>Ι</em></span> <span class='ocrx_word' id='word_1_403' title='bbox 423 2356 518 2396; x_wconf 81' lang='lat' dir='ltr'><em>nunc]</em></span> <span class='ocrx_word' id='word_1_404' title='bbox 555 2356 669 2387; x_wconf 82' lang='lat' dir='ltr'><em>Ironia</em></span> <span class='ocrx_word' id='word_1_405' title='bbox 701 2356 822 2387; x_wconf 85' lang='lat' dir='ltr'><em>Rufini.</em></span> <span class='ocrx_word' id='word_1_406' title='bbox 867 2357 933 2387; x_wconf 82' lang='lat' dir='ltr'><em>Eat</em></span> 
     </span>
     <span class='ocr_line' id='line_1_44' title="bbox 229 2405 933 2442; baseline 0.003 -7"><span class='ocrx_word' id='word_1_407' title='bbox 229 2413 321 2436; x_wconf 85' lang='lat' dir='ltr'><em>nunc</em></span> <span class='ocrx_word' id='word_1_408' title='bbox 337 2405 492 2442; x_wconf 85' lang='lat' dir='ltr'><em>Stilicho,</em></span> <span class='ocrx_word' id='word_1_409' title='bbox 510 2410 546 2437; x_wconf 83' lang='lat' dir='ltr'><em>et</em></span> <span class='ocrx_word' id='word_1_410' title='bbox 569 2417 612 2437; x_wconf 85' lang='lat' dir='ltr'><em>ex</em></span> <span class='ocrx_word' id='word_1_411' title='bbox 636 2407 720 2438; x_wconf 86' lang='lat' dir='ltr'><em>locis</em></span> <span class='ocrx_word' id='word_1_412' title='bbox 738 2407 875 2438; x_wconf 82' lang='lat' dir='ltr'><em>remotis</em></span> <span class='ocrx_word' id='word_1_413' title='bbox 899 2407 933 2437; x_wconf 87' lang='lat' dir='ltr'><em>in</em></span> 
     </span>
     <span class='ocr_line' id='line_1_45' title="bbox 232 2455 934 2497; baseline 0.003 -12"><span class='ocrx_word' id='word_1_414' title='bbox 232 2463 287 2485; x_wconf 86' lang='lat' dir='ltr'><em>me</em></span> <span class='ocrx_word' id='word_1_415' title='bbox 304 2455 373 2486; x_wconf 77' lang='lat' dir='ltr'><em>tela</em></span> <span class='ocrx_word' id='word_1_416' title='bbox 388 2460 560 2496; x_wconf 78' lang='lat' dir='ltr'><em>torqueat.</em></span> <span class='ocrx_word' id='word_1_417' title='bbox 598 2457 759 2497; x_wconf 86' lang='lat' dir='ltr'><em>Virgilius</em></span> <span class='ocrx_word' id='word_1_418' title='bbox 775 2467 783 2487; x_wconf 73' lang='grc' dir='ltr'>ε</span> <span class='ocrx_word' id='word_1_419' title='bbox 808 2459 817 2473; x_wconf 90' lang='lat'>‘</span> <span class='ocrx_word' id='word_1_420' title='bbox 835 2457 865 2496; x_wconf 89' lang='grc' dir='ltr'><em>Ι,</em></span> <span class='ocrx_word' id='word_1_421' title='bbox 886 2466 934 2487; x_wconf 79' lang='lat' dir='ltr'><em>se-</em></span> 
     </span>
     <span class='ocr_line' id='line_1_46' title="bbox 233 2506 934 2548; baseline 0.001 -11"><span class='ocrx_word' id='word_1_422' title='bbox 233 2515 339 2546; x_wconf 82' lang='lat' dir='ltr'><em>quere</em></span> <span class='ocrx_word' id='word_1_423' title='bbox 356 2506 491 2537; x_wconf 83' lang='lat' dir='ltr'><em>Italiam</em></span> <span class='ocrx_word' id='word_1_424' title='bbox 509 2507 630 2548; x_wconf 87' lang='lat' dir='ltr'><em>ventis,</em></span> <span class='ocrx_word' id='word_1_425' title='bbox 654 2512 734 2548; x_wconf 83' lang='lat' dir='ltr'><em>pete</em></span> <span class='ocrx_word' id='word_1_426' title='bbox 751 2517 854 2548; x_wconf 79' lang='lat' dir='ltr'><em>regna</em></span> <span class='ocrx_word' id='word_1_427' title='bbox 873 2518 934 2548; x_wconf 88' lang='lat' dir='ltr'><em>per</em></span> 
     </span>
     <span class='ocr_line' id='line_1_47' title="bbox 233 2556 363 2588; baseline 0.008 -1"><span class='ocrx_word' id='word_1_428' title='bbox 233 2556 363 2588; x_wconf 85' lang='lat' dir='ltr'><em>undas.’</em></span> 
     </span>
    </p>

    <p class='ocr_par' dir='ltr' id='par_1_11' title="bbox 233 2608 938 2800">
     <span class='ocr_line' id='line_1_48' title="bbox 278 2608 936 2648; baseline 0 -10"><span class='ocrx_word' id='word_1_429' title='bbox 278 2610 340 2638; x_wconf 81' lang='lat'><em>302</em></span> <span class='ocrx_word' id='word_1_430' title='bbox 390 2609 473 2639; x_wconf 90' lang='lat' dir='ltr'><em>Dum</em></span> <span class='ocrx_word' id='word_1_431' title='bbox 498 2619 553 2640; x_wconf 83' lang='lat' dir='ltr'><em>nos</em></span> <span class='ocrx_word' id='word_1_432' title='bbox 586 2609 675 2639; x_wconf 85' lang='lat' dir='ltr'><em>tellus</em></span> <span class='ocrx_word' id='word_1_433' title='bbox 699 2608 836 2648; x_wconf 75' lang='lat' dir='ltr'><em>dividat]</em></span> <span class='ocrx_word' id='word_1_434' title='bbox 881 2608 936 2639; x_wconf 90' lang='lat' dir='ltr'><em>Sic</em></span> 
     </span>
     <span class='ocr_line' id='line_1_49' title="bbox 233 2658 938 2699; baseline -0.001 -8"><span class='ocrx_word' id='word_1_435' title='bbox 233 2658 362 2691; x_wconf 85' lang='lat' dir='ltr'><em>Tullius</em></span> <span class='ocrx_word' id='word_1_436' title='bbox 397 2661 428 2689; x_wconf 88' lang='lat' dir='ltr'><em>in</em></span> <span class='ocrx_word' id='word_1_437' title='bbox 458 2660 663 2691; x_wconf 87' lang='lat' dir='ltr'><em>Catilinam:</em></span> <span class='ocrx_word' id='word_1_438' title='bbox 698 2660 706 2676; x_wconf 90' lang='lat'>‘</span> <span class='ocrx_word' id='word_1_439' title='bbox 729 2660 854 2699; x_wconf 80' lang='lat' dir='ltr'><em>Magno</em></span> <span class='ocrx_word' id='word_1_440' title='bbox 883 2669 938 2690; x_wconf 85' lang='lat' dir='ltr'><em>me</em></span> 
     </span>
     <span class='ocr_line' id='line_1_50' title="bbox 236 2710 937 2750; baseline 0.003 -11"><span class='ocrx_word' id='word_1_441' title='bbox 236 2713 331 2739; x_wconf 75' lang='lat' dir='ltr'><em>metu</em></span> <span class='ocrx_word' id='word_1_442' title='bbox 359 2710 534 2750; x_wconf 79' lang='lat' dir='ltr'><em>liberabis,</em></span> <span class='ocrx_word' id='word_1_443' title='bbox 560 2710 741 2742; x_wconf 86' lang='lat' dir='ltr'><em>dummodo</em></span> <span class='ocrx_word' id='word_1_444' title='bbox 771 2710 861 2742; x_wconf 83' lang='lat' dir='ltr'><em>inter</em></span> <span class='ocrx_word' id='word_1_445' title='bbox 882 2718 937 2741; x_wconf 85' lang='lat' dir='ltr'><em>me</em></span> 
     </span>
     <span class='ocr_line' id='line_1_51' title="bbox 236 2759 694 2800; baseline -0.002 -7"><span class='ocrx_word' id='word_1_446' title='bbox 236 2762 338 2800; x_wconf 74' lang='lat' dir='ltr'><em>atque</em></span> <span class='ocrx_word' id='word_1_447' title='bbox 354 2763 389 2792; x_wconf 83' lang='lat' dir='ltr'><em>te</em></span> <span class='ocrx_word' id='word_1_448' title='bbox 406 2769 520 2792; x_wconf 84' lang='lat' dir='ltr'><em>murus</em></span> <span class='ocrx_word' id='word_1_449' title='bbox 536 2759 694 2793; x_wconf 83' lang='lat' dir='ltr'><em>intersit.&#39;</em></span> 
     </span>
    </p>
   </div>
   <div class='ocr_carea' id='block_1_10' title="bbox 989 2355 1696 2640">
    <p class='ocr_par' dir='ltr' id='par_1_12' title="bbox 989 2355 1696 2640">
     <span class='ocr_line' id='line_1_52' title="bbox 1031 2355 1693 2396; baseline 0.003 -10"><span class='ocrx_word' id='word_1_450' title='bbox 1031 2358 1093 2386; x_wconf 83' lang='lat'><em>307</em></span> <span class='ocrx_word' id='word_1_451' title='bbox 1132 2356 1206 2386; x_wconf 85' lang='lat' dir='ltr'><em>Non</em></span> <span class='ocrx_word' id='word_1_452' title='bbox 1242 2360 1273 2386; x_wconf 84' lang='lat' dir='ltr'><em>te</em></span> <span class='ocrx_word' id='word_1_453' title='bbox 1304 2355 1500 2396; x_wconf 68' lang='lat' dir='ltr'><em>decrementa]</em></span> <span class='ocrx_word' id='word_1_454' title='bbox 1545 2357 1624 2387; x_wconf 92' lang='lat' dir='ltr'><em>Non</em></span> <span class='ocrx_word' id='word_1_455' title='bbox 1656 2359 1693 2388; x_wconf 82' lang='lat' dir='ltr'><em>te</em></span> 
     </span>
     <span class='ocr_line' id='line_1_53' title="bbox 991 2405 1696 2447; baseline 0.003 -11"><span class='ocrx_word' id='word_1_456' title='bbox 991 2407 1151 2446; x_wconf 83' lang='lat' dir='ltr'><em>exempla</em></span> <span class='ocrx_word' id='word_1_457' title='bbox 1168 2406 1396 2446; x_wconf 85' lang='lat' dir='ltr'><em>superiorum,</em></span> <span class='ocrx_word' id='word_1_458' title='bbox 1412 2406 1470 2447; x_wconf 92' lang='lat' dir='ltr'><em>qui</em></span> <span class='ocrx_word' id='word_1_459' title='bbox 1482 2415 1534 2436; x_wconf 80' lang='lat' dir='ltr'><em>me</em></span> <span class='ocrx_word' id='word_1_460' title='bbox 1551 2405 1696 2438; x_wconf 84' lang='lat' dir='ltr'><em>infelici-</em></span> 
     </span>
     <span class='ocr_line' id='line_1_54' title="bbox 989 2457 1696 2497; baseline 0.001 -10"><span class='ocrx_word' id='word_1_461' title='bbox 989 2461 1043 2487; x_wconf 86' lang='lat' dir='ltr'><em>ter</em></span> <span class='ocrx_word' id='word_1_462' title='bbox 1059 2457 1211 2497; x_wconf 80' lang='lat' dir='ltr'><em>aggressi</em></span> <span class='ocrx_word' id='word_1_463' title='bbox 1229 2463 1320 2497; x_wconf 87' lang='lat' dir='ltr'><em>sunt,</em></span> <span class='ocrx_word' id='word_1_464' title='bbox 1340 2463 1374 2488; x_wconf 86' lang='lat' dir='ltr'><em>te</em></span> <span class='ocrx_word' id='word_1_465' title='bbox 1391 2461 1510 2487; x_wconf 89' lang='lat' dir='ltr'><em>vetant</em></span> <span class='ocrx_word' id='word_1_466' title='bbox 1527 2457 1608 2488; x_wconf 84' lang='lat' dir='ltr'><em>mihi</em></span> <span class='ocrx_word' id='word_1_467' title='bbox 1624 2457 1696 2489; x_wconf 83' lang='lat' dir='ltr'><em>bel-</em></span> 
     </span>
     <span class='ocr_line' id='line_1_55' title="bbox 989 2507 1694 2539; baseline 0 -1"><span class='ocrx_word' id='word_1_468' title='bbox 989 2509 1057 2538; x_wconf 90' lang='lat' dir='ltr'><em>lum</em></span> <span class='ocrx_word' id='word_1_469' title='bbox 1074 2507 1199 2538; x_wconf 78' lang='lat' dir='ltr'><em>inferre</em></span> <span class='ocrx_word' id='word_1_470' title='bbox 1213 2509 1224 2538; x_wconf 86' lang='lat'>?</span> <span class='ocrx_word' id='word_1_471' title='bbox 1269 2509 1395 2539; x_wconf 89' lang='lat' dir='ltr'><em>Eorum</em></span> <span class='ocrx_word' id='word_1_472' title='bbox 1411 2507 1526 2539; x_wconf 85' lang='lat' dir='ltr'><em>clades</em></span> <span class='ocrx_word' id='word_1_473' title='bbox 1542 2517 1610 2539; x_wconf 81' lang='lat' dir='ltr'><em>non</em></span> <span class='ocrx_word' id='word_1_474' title='bbox 1626 2507 1694 2539; x_wconf 83' lang='lat' dir='ltr'><em>fuit</em></span> 
     </span>
     <span class='ocr_line' id='line_1_56' title="bbox 989 2557 1696 2590; baseline 0 -2"><span class='ocrx_word' id='word_1_475' title='bbox 989 2557 1052 2589; x_wconf 88' lang='lat' dir='ltr'><em>tibi</em></span> <span class='ocrx_word' id='word_1_476' title='bbox 1080 2558 1286 2590; x_wconf 87' lang='lat' dir='ltr'><em>documento</em></span> <span class='ocrx_word' id='word_1_477' title='bbox 1312 2558 1346 2589; x_wconf 94' lang='lat' dir='ltr'><em>id</em></span> <span class='ocrx_word' id='word_1_478' title='bbox 1374 2568 1440 2590; x_wconf 90' lang='lat' dir='ltr'><em>non</em></span> <span class='ocrx_word' id='word_1_479' title='bbox 1463 2568 1537 2589; x_wconf 82' lang='lat' dir='ltr'><em>esse</em></span> <span class='ocrx_word' id='word_1_480' title='bbox 1560 2561 1696 2590; x_wconf 86' lang='lat' dir='ltr'><em>tentan-</em></span> 
     </span>
     <span class='ocr_line' id='line_1_57' title="bbox 990 2608 1095 2640; baseline -0.01 -1"><span class='ocrx_word' id='word_1_481' title='bbox 990 2608 1069 2640; x_wconf 90' lang='lat' dir='ltr'><em>dum</em></span> <span class='ocrx_word' id='word_1_482' title='bbox 1084 2609 1095 2638; x_wconf 90' lang='lat'>?</span> 
     </span>
    </p>
   </div>
   <div class='ocr_carea' id='block_1_11' title="bbox 991 2656 1694 2741">
    <p class='ocr_par' dir='ltr' id='par_1_13' title="bbox 991 2656 1694 2741">
     <span class='ocr_line' id='line_1_58' title="bbox 1033 2656 1694 2700; baseline 0.003 -12"><span class='ocrx_word' id='word_1_483' title='bbox 1033 2661 1096 2689; x_wconf 85' lang='lat'><em>309</em></span> <span class='ocrx_word' id='word_1_484' title='bbox 1146 2659 1267 2690; x_wconf 79' lang='lat' dir='ltr'><em>Vitasse</em></span> <span class='ocrx_word' id='word_1_485' title='bbox 1301 2657 1425 2700; x_wconf 82' lang='lat' dir='ltr'><em>manus]</em></span> <span class='ocrx_word' id='word_1_486' title='bbox 1483 2656 1694 2700; x_wconf 70' lang='lat' dir='ltr'><em>Potentiam,</em></span> 
     </span>
     <span class='ocr_line' id='line_1_59' title="bbox 991 2706 1241 2741; baseline 0.008 -2"><span class='ocrx_word' id='word_1_487' title='bbox 991 2706 1241 2741; x_wconf 86' lang='lat' dir='ltr'><em>fortitudinem.</em></span> 
     </span>
    </p>
   </div>
  </div>
 </body>
</html>
