1857 3177
561 211 610 241 ιΝ
648 211 938 243 uu'rnomum
976 213 1069 244 [ΑΒ.
1105 216 1134 251 r.
1492 208 1578 249 477

125 302 308 344 Institor
328 304 513 357 imperii,
536 318 681 358 caupo
703 306 895 347 fumosus
915 308 1135 350 honorum.

127 370 218 412 Hie
243 372 399 412 Asiam
421 373 527 413 villa
549 381 706 426 paetus
729 375 861 426 regit3
894 377 964 416 ille
986 378 1162 420 redemit

124 436 338 492 Conjugis
360 444 512 480 ornatu
537 441 705 494 Syriam
725 455 734 491 ;
767 441 889 481 dolet
917 444 987 483 ille
1009 452 1191 496 paterna
1492 447 1577 488 200

125 504 341 558 Bithynos
362 514 561 549 mutasse
585 509 729 550 domo.
789 507 958 550 Suffixa
979 513 1143 562 patenti

122 571 354 614 vestibulo
376 576 529 627 pretiis
550 576 779 628 distinguit
800 576 945 627 regula
965 583 1127 629 gentcS.

122 639 210 680 Tot
232 640 422 691 Galatae,
446 647 507 682 tot
531 643 700 684 Pontus
723 647 806 691 eat,
830 648 899 684 tot
918 643 1059 696 Lydia
1079 648 1280 687 numinis.

124 705 173 747 Si
196 707 377 761 Lyciam
400 711 597 750 tenuisse
619 711 740 760 velis,
765 716 831 752 tot
851 712 989 751 millia
1009 727 1148 765 ponas
1168 729 1175 754 :

123 774 173 815 Si
192 775 405 829 Phrygas,
429 777 566 827 adde;
600 784 766 829 parum.
828 778 1027 831 Propria:
1049 781 1208 821 solatia
1229 783 1332 821 sorti
1491 783 1577 825 ‘205

119 875 254 914 insignis
269 876 509 914 magistratuum
533 877 587 907 hoc
602 877 727 915 exponit
743 876 930 907 vendendum
946 881 1028 907 cereo
1042 878 1154 916 pretio.
1203 878 1264 908 llic
1280 879 1453 909 moderatur
1471 880 1577 910 Asiam

122 921 236 948 emtam
260 920 396 957 proedio:
430 919 482 948 ille
509 920 582 950 emit
613 919 737 960 Syriam
774 920 905 958 gemmis
926 920 1034 949 uxoris
1064 930 1152 950 suae:
1188 921 1238 951 ille
1265 921 1362 959 gemit
1390 926 1579 960 permutasse

121 959 309 999 Bithyniam
337 970 412 991 cum
441 961 622 992 haereditate
651 965 791 1001 paterna.
851 961 1016 1000 Inscriptio
1055 962 1185 1003 prusti-a
1222 963 1253 992 in
1288 963 1435 992 vestibulo
1471 969 1578 1004 aperto

121 1002 315 1033 discriminat
345 1005 480 1033 mercede
510 1009 606 1034 certa
636 1003 860 1042 praefecturas
894 1005 1087 1043 populorum.
1134 1005 1258 1034 Galata>
1290 1006 1459 1035 renduntur
1491 1009 1578 1036 tanto

118 1045 232 1084 pretio,
245 1048 332 1075 tanto
351 1046 479 1083 Pontus,
506 1048 594 1076 tanto
611 1046 721 1085 Lydia.
766 1045 803 1076 Si
829 1046 875 1076 ris
900 1056 1007 1084 regere
1032 1047 1168 1087 Lyciam=
1197 1052 1331 1087 oportet
1356 1051 1386 1077 ut
1412 1049 1510 1078 solvas
1530 1051 1577 1078 tot

122 1087 243 1118 millia:
263 1087 290 1118 si
309 1087 494 1128 Phrygium,
517 1089 614 1127 adjice
636 1089 803 1119 tantillum.
847 1088 968 1119 Statuit
983 1089 1072 1128 signa
1090 1089 1295 1120 venditionis
1310 1099 1372 1121 esse
1385 1090 1506 1130 publica
1533 1090 1576 1121 atl

742 1182 955 1194 eeeeeeeeeee

129 1252 278 1284 Venditor
292 1252 370 1284 vat.
389 1263 438 1293 pr.
464 1253 603 1294 imperiis
619 1253 699 1285 Var.
716 1254 784 1285 LL.
802 1264 820 1285 e
848 1264 955 1294 marg.
972 1254 1086 1286 Parm.
1111 1265 1214 1295 campo
1242 1256 1354 1286 Oxou.
1388 1265 1452 1286 scc.
1483 1266 1577 1297 caupo

124 1297 177 1327 vel
193 1306 298 1336 campo
314 1296 415 1327 Farn.
440 1306 482 1326 ιιι.
513 1306 562 1336 pr.
582 1298 665 1327 Exc.
680 1297 778 1328 Laeti.
796 1296 952 1334 formosus
970 1297 1046 1328 Vat.
1065 1299 1170 1337 quint.
1184 1301 1279 1328 —199
1302 1299 1407 1328 villam
1424 1299 1500 1328 Yat.
1526 1309 1576 1338 pr.

123 1337 225 1370 Fam.
249 1339 327 1369 Asia
351 1339 455 1369 villam
483 1339 564 1369 Lov.
590 1342 698 1379 partus
725 1340 777 1369 vel
802 1343 910 1379 pactus
928 1340 1135 1370 Fara—200
1161 1340 1307 1378 Conjugis
1326 1341 1443 1370 limasti
1463 1340 1577 1372 Ambr.

123 1390 175 1421 pr.
192 1381 319 1422 Syriam
335 1386 402 1412 vet.
420 1382 505 1421 Gyr.
524 1381 602 1412 Vat.
628 1382 736 1412 Livin.
758 1382 898 1412 Tltiriam
929 1383 1009 1413 Lov.
1044 1383 1162 1412 'siriam
1191 1384 1321 1413 Bonan.
1351 1382 1429 1412 Pat.
1450 1383 1579 1423 Tyriam

123 1423 206 1455 Vat.
225 1429 305 1455 tert.
323 1433 367 1455 m.
391 1433 440 1464 pr.
459 1423 553 1455 Leia.
586 1434 636 1464 pr.
656 1424 767 1455 Oxon.
794 1434 862 1456 sec.
889 1425 969 1455 Pnt.
997 1425 1080 1463 Rog.
1107 1425 1173 1455 duo
1203 1426 1320 1455 l’etav.
1351 1425 1477 1455 Moret.
1506 1435 1577 1456 sec.

121 1465 221 1497 Med.
244 1476 312 1498 sec.
340 1471 374 1496 et
400 1470 512 1507 quart.
543 1466 622 1498 Ald.
650 1467 733 1497 Exc.
752 1466 894 1498 Gevart.
914 1467 964 1497 De
984 1467 1158 1497 Provinciis
1187 1468 1318 1498 venditis
1345 1467 1514 1507 Lamprid.
1543 1468 1576 1498 in

123 1508 320 1541 Commodo.
338 1518 371 1548 p.
389 1512 440 1539 51.
468 1509 489 1539 l.
505 1512 556 1539 15.
582 1510 614 1539 in
641 1509 865 1549 Heliogabalo
893 1519 926 1549 p.
946 1513 1018 1540 103.
1044 1513 1205 1549 paternam
1222 1510 1362 1540 Batanis
1387 1520 1426 1539 m.
1456 1511 1578 1540 (imnum

122 1550 216 1582 Prie.
231 1555 378 1590 paternas
393 1553 496 1582 domos
510 1552 590 1582 Vat.
615 1552 722 1592 quint.
742 1553 869 1583 Moret.
894 1562 959 1582 sec.
985 1555 1145 1591 paternum
1169 1554 1288 1582 domum
1310 1552 1389 1583 Jun.
1419 1555 1575 1591 pta—:201

122 1593 285 1624 Bithinios
302 1593 396 1625 Leid.
421 1604 488 1625 sec.
508 1594 677 1634 Bithynios
692 1595 771 1625 Vat.
787 1604 854 1625 sec.
873 1595 1000 1625 Moret.
1018 1604 1083 1625 see.
1102 1595 1263 1635 Bithyniis
1278 1595 1403 1625 Thumi.
1420 1595 1579 1634 Bithynas

120 1637 225 1667 domos
240 1636 361 1667 Petav.
382 1646 432 1676 pr.
456 1647 499 1667 in.
517 1646 568 1676 pr.
585 1639 673 1666 domo
689 1638 773 1667 Exc.
800 1637 941 1667 Lucens.
968 1646 1036 1666 sec.
1053 1637 1134 1666 ‹Imui
1159 1638 1211 1667 etl.
1229 1637 1340 1667 vicet.
1368 1637 1458 1666 domu
1486 1636 1579 1666 Leid.

121 1687 177 1718 pr.
215 1678 326 1709 Oxou.
367 1688 435 1709 sec.
464 1680 548 1709 Lov.
576 1678 698 1709 Petav.
726 1688 794 1708 sec.
823 1689 867 1708 ιιι.
886 1689 938 1718 pr.
966 1679 1096 1709 Bonon.
1122 1679 1255 1708 Tliolos.
1282 1678 1376 1708 Med.
1406 1682 1485 1708 tert.
1512 1677 1578 1709 (luo

122 1718 241 1751 Ambr.
257 1721 375 1761 petenti
392 1720 512 1751 Ambr.
539 1724 619 1751 tert.
643 1721 764 1760 potenti
780 1720 876 1751 Leid.
906 1730 956 1760 pr.
986 1726 1020 1750 et
1038 1720 1156 1759 viginti
1186 1719 1294 1750 Codd.
1321 1720 1405 1750 Exc.
1436 1720 1579 1751 Gevart.

123 1763 268 1794 Lucens.
301 1773 350 1804 pr.
382 1763 435 1793 ed.
454 1763 569 1793 Parni.
599 1767 635 1792 et
651 1764 763 1793 Vicet.
786 1763 908 1801 patenti
926 1762 976 1791 vel
1006 1763 1125 1800 potenti
1156 1762 1248 1792 Leid.
1276 1765 1452 1792 sec.-202
1475 1763 1580 1793 cedula

122 1804 202 1837 Pat.
220 1805 310 1836 unde
325 1805 466 1836 schedula
482 1803 686 1844 conjiciebat
713 1804 887 1834 Heinsius.
913 1803 1084 1833 Rubenius
1103 1804 1134 1833 in
1162 1804 1312 1842 Epistola
1339 1803 1379 1833 ad
1404 1804 1579 1835 Heinsium

121 1849 227 1886 tegula
243 1847 462 1887 conjiciebat,
481 1851 517 1877 ut
534 1845 664 1876 alludat
681 1850 800 1876 auctor
823 1845 864 1875 ad
881 1845 1058 1875 laterculum
1074 1846 1230 1881 honorum,
1247 1845 1289 1875 de
1308 1855 1374 1884 quo
1391 1845 1579 1883 Cedrenus,

121 1889 159 1920 ‘H
183 1892 253 1930 παρ’
281 1888 437 1926 ’Ἓλλησιν
475 1888 555 1925 ὀπτὴ
592 1887 730 1927 πλίνθος,
763 1886 972 1926 λατέρκουλον
1006 1887 1088 1923 παρὰ
1115 1886 1269 1924 Ῥωμαίοις
1304 1886 1444 1925 λέγεται·
1479 1886 1517 1924 ἦν
1545 1888 1578 1919 δὲ

123 1930 250 1963 πλίνθος
272 1931 413 1970 δημοσία,
439 1931 488 1970 ἐφ’
512 1928 547 1961 οὗ
569 1929 645 1960 τάτε
667 1932 728 1960 τῶν
749 1932 926 1965 βουλευτῶν
947 1929 997 1960 κα).
1023 1930 1064 1960 τὸ.
1089 1932 1150 1960 τῶν
1172 1928 1415 1972 >στρατευμάτων
1445 1928 1579 1968 ὀνόματα

122 1973 332 2015 ἀπεγράφετο·
368 1975 450 2005 nillil
483 1979 595 2005 tamen
625 1974 822 2004 mutandum
859 1975 1003 2004 censuit.
1043 1974 1164 2011 Regula
1195 1974 1281 2002 enirn
1316 1973 1368 2001 liic
1402 1972 1464 2012 ipsi
1504 1978 1579 2004 erat

127 2018 308 2057 Catalogus,
323 2017 540 2048 ›canthus—203
564 2019 630 2046 erat
650 2017 728 2046 Pnt.
753 2016 812 2045 erit
832 2015 925 2046 Mea.
951 2020 1030 2046 tert.
1061 2015 1127 2046 inc.
1146 2015 1264 2045 Heins.
1292 2018 1361 2044 arat
1390 2015 1489 2045 Farn.
1507 2019 1579 2046 cant

122 2060 206 2100 legit
223 2060 394 2091 Heinsius.
411 2060 513 2100 Libya
532 2060 720 2089 Low—204
744 2057 780 2088 Si
810 2058 937 2088 Lituam
961 2058 1041 2089 Jun.
1071 2068 1119 2097 pr.
1150 2067 1191 2087 ni.
1218 2067 1285 2088 sec.
1314 2057 1454 2088 Sitit-iam
1483 2057 1578 2089 Leid.

123 2112 176 2144 pr.
196 2102 340 2134 Ciliciam
363 2103 417 2134 ed.
437 2103 548 2133 Vicet.
565 2100 602 2130 Si
618 2101 750 2141 Libyam
767 2100 844 2132 Vat.
867 2111 934 2131 sec.
951 2101 1093 2131 Siciliam
1109 2101 1200 2130 Pric.
1226 2100 1325 2130 Fam.
1345 2099 1422 2130 l'ut.
1445 2099 1580 2132 'rhotos.

124 2145 243 2176 Ambr.
259 2155 311 2186 pr.
329 2145 424 2177 Leid.
450 2155 519 2176 sec.
545 2144 625 2176 Jnn.
654 2154 703 2183 pr.
736 2153 778 2175 m.
806 2153 856 2183 pr.
875 2144 961 2174 Exc.
981 2143 1124 2174 Gevart.
1151 2142 1185 2173 Si
1202 2142 1329 2182 Lyciam
1359 2142 1410 2172 vel
1437 2141 1579 2172 Siciliam

124 2187 254 2220 Moret.
271 2197 322 2228 pr.
339 2189 417 2219 Vat.
437 2193 516 2218 tert.
533 2187 684 2217 domuisse
701 2186 767 2216 inc.
786 2186 906 2216 Heius.
935 2196 977 2216 m.
995 2195 1046 2225 pr.
1074 2194 1164 2224 pones
1180 2185 1246 2214 duo
1262 2185 1356 2215 Vatt.
1384 2184 1458 2214 Pal.
1486 2184 1580 2214 Med.

125 2239 177 2271 pr.
191 2232 308 2271 pendas
324 2231 402 2261 Pat.
419 2240 514 2270 ponas
531 2230 580 2259 vel
595 2231 710 2269 pendas
726 2229 932 2259 Fam-20³
958 2228 1133 2268 Phrygiam
1147 2228 1274 2257 'rimam
1297 2227 1437 2266 Phryges
1453 2226 1486 2256 M
1492 2233 1580 2258 azar.

123 2272 243 2314 Stygos
257 2274 341 2304 Var.
365 2274 429 2304 LL.
442 2273 496 2304 ed.
514 2272 616 2303 Antv.
639 2272 716 2302 abde
741 2271 838 2301 Rott.
857 2272 945 2301 adde.
967 2280 1076 2309 parum
1093 2273 1148 2300 est.
1167 2270 1244 2300 Vat.
1272 2279 1319 2308 pr.
1343 2269 1477 2308 propria·
1496 2269 1578 2299 Exc.

125 2316 269 2347 Lucens.
286 2325 353 2347 sec.
378 2317 464 2346 durae
481 2317 580 2346 Farn.
611 2314 694 2345 Exc.
721 2314 798 2344 Pat.
824 2323 893 2344 rec.
924 2313 977 2343 ed.
994 2313 1105 2343 Vicct.
1135 2312 1240 2342 mortis
1266 2312 1357 2341 Med.
1374 2320 1441 2341 sec.
1467 2319 1510 2340 m.
1528 2320 1579 2350 pr.

122 2358 218 2394 sortis
233 2363 303 2390 tres
320 2358 414 2390 Vatt.
444 2358 519 2389 Pal.
550 2358 648 2388 Farn.
669 2356 759 2387 Prie.
779 2357 873 2387 Rott.
899 2355 1004 2386 Oisel.
1023 2355 1101 2385 Vat.
1132 2355 1241 2385 Lirin.
1272 2354 1354 2384 Exc.
1375 2352 1472 2384 Laeti.
1495 2352 1580 2390 sorti

782 2431 920 2463 NOTAE

171 2501 233 2530 198
257 2497 402 2537 Institor]
426 2497 489 2528 Est
506 2497 561 2538 qui
587 2507 607 2527 a
634 2500 826 2528 mercatore
881 2495 1021 2527 denotat
1048 2494 1191 2534 pretium
1222 2491 1513 2532 praefecturarum,
1541 2495 1580 2523 ut

126 2549 350 2589 negotiationi
367 2548 468 2579 alicui
486 2547 686 2588 praepositns
703 2551 765 2577 est.
883 2546 1061 2587 inscriptio
1079 2553 1264 2585 cauponum
1279 2543 1420 2574 denotat
1433 2542 1579 2582 pretium

169 2602 232 2631 201
256 2599 426 2639 Bithynos]
461 2597 623 2638 Bithynia
652 2601 704 2628 est
733 2597 829 2637 regio
883 2596 966 2628 vini.

125 2649 263 2681 minoris
292 2648 396 2688 Asiae,
422 2649 509 2681 sicut
538 2648 648 2689 Syria,
676 2648 828 2687 Galatia,
925 2649 988 2679 203
1013 2646 1093 2687 Eat]
1117 2645 1154 2676 In
1172 2643 1414 2685 possessionem
1428 2650 1579 2674 mercan-

127 2698 244 2740 Lycia,
260 2698 420 2739 Phrygia,
435 2697 554 2738 Lydia.
883 2696 938 2729 tis.

171 2748 294 2791 Suffixa
309 2747 431 2790 regula]
464 2748 650 2789 Inscriptio
664 2751 729 2789 est,
749 2756 824 2789 qua}
