1857 3177
535 248 586 279 m
623 246 914 279 Burnoriuu
951 246 1048 278 Lm.
1082 246 1112 277 1.
1466 233 1551 276 497

101 343 356 394 Perfidiam,
380 347 421 386 et
442 344 576 385 fretos
598 344 694 385 Eoo
713 344 867 384 robore
887 342 1085 384 Mauros.
1469 338 1555 378 400

102 410 252 463 Quam
273 416 478 465 suspecta
504 411 657 459 fames,
677 413 882 464 quantum
906 407 1170 450 discriminis
1190 405 1299 448 Urbi
1317 406 1327 447 !

102 478 165 521 Ni
187 484 262 519 tua
287 479 353 519 vel
374 480 514 520 soceri
535 491 753 532 nunquam
767 489 852 517 non
875 476 1062 529 provida
1084 475 1222 515 virtus

102 544 353 587 Australem
376 545 552 586 Arctois
571 548 803 598 pensasset
824 543 1018 595 frugibus
1039 555 1214 583 annum.

103 611 298 654 Invectae
323 612 526 653 Rhodani
546 612 770 666 Tyberina
790 623 870 664 per
891 611 1007 650 ostia
1028 611 1212 657 classeS‚

105 678 425 733 Cinyphiisque
445 680 567 720 ferax
592 678 746 720 Araris
767 678 981 718 successit
997 676 1156 717 aristis.
1472 671 1559 713 405

102 746 372 788 Teutonicus
392 761 552 796 vomer,
578 747 869 800 Pyrenaeique
884 744 1066 797 juvenci

105 813 327 855 Sudavere
347 815 477 855 mihi:
510 818 677 865 segetes
698 813 908 852 mirantur
930 810 1122 850 Hiberas

106 879 311 922 Horrea:
344 894 424 921 nec
446 880 603 933 Libyae
622 882 845 919 senserunt
864 877 1025 917 damna
1045 873 1220 915 rebellis

107 1009 192 1041 Sileo
206 1008 422 1050 infidelitatem
440 1007 585 1038 Gildonis
593 1006 750 1037 subactam
764 1015 834 1036 cnm
847 1005 953 1044 gloria
968 1004 1102 1042 ingenti,
1118 1006 1148 1034 ct
1167 1002 1296 1033 Mauros
1311 1001 1481 1040 subactos,
1497 1002 1564 1033 etsi

106 1052 242 1084 munitos
258 1050 374 1080 tir-ibus
393 1050 544 1080 Orientis.
592 1050 694 1084 Quam
708 1049 814 1087 sames
839 1048 902 1079 fuit
919 1045 1082 1078 timenda!
1108 1048 1264 1080 Quantum
1287 1044 1416 1084 periculi
1433 1044 1562 1083 impen-

105 1094 160 1125 dit
174 1093 244 1123 urbi
260 1094 393 1123 Romae!
422 1092 495 1122 Nisi
509 1091 671 1130 fortitudo
685 1094 740 1122 tua
762 1092 807 1121 vel
822 1091 919 1121 soceri
935 1089 1116 1120 Stilichonis
1131 1098 1247 1128 semper
1271 1086 1460 1126 prospiciens
1484 1095 1564 1115 com-

101 1139 256 1178 pensasset
267 1145 418 1165 annonam
445 1135 648 1165 meridianam
674 1134 821 1166 messibus
847 1130 1167 1173 Septemtrionalilms.
1218 1131 1321 1162 Nares
1340 1130 1474 1158 adceceoe
1488 1131 1565 1158 sunt

109 1179 259 1209 Rhodano
284 1188 341 1218 per
356 1188 410 1208 ora
429 1177 567 1217 Tyberis,
593 1180 623 1207 et
640 1177 753 1207 Araris
766 1176 931 1214 foecundus
947 1174 1089 1205 successit
1109 1173 1203 1212 spicis
1219 1171 1389 1209 Africanis.
1412 1171 1563 1200 Aratrum

109 1221 323 1260 Teutonicum,
342 1224 372 1252 et
389 1220 478 1251 boves
493 1219 640 1260 Pyrenaei
665 1218 878 1250 laboraverunt
895 1227 956 1259 pro
972 1227 1039 1248 me:
1071 1215 1223 1256 granaria
1239 1219 1356 1244 nostra
1371 1213 1568 1243 admirantur

723 1310 954 1322 eeeeeeeeeeee

109 1376 224 1410 magna
249 1373 335 1401 taceo
369 1379 437 1400 cum
473 1369 562 1399 laude
592 1367 714 1398 Petav.
745 1376 813 1397 see.
851 1376 918 1397 cum
941 1375 1055 1405 magna
1083 1365 1171 1395 laude
1201 1363 1270 1394 inc.
1298 1362 1416 1393 Heius.
1455 1369 1570 1400 magna

110 1424 178 1444 cum
201 1413 318 1451 fraude
348 1413 439 1452 conj.
468 1411 588 1442 Heius.
634 1411 718 1440 clade
748 1409 822 1440 Pal.
856 1407 950 1440 Med.
981 1418 1031 1448 pr.
1069 1409 1223 1448 repertam
1252 1405 1365 1435 Oxon.
1393 1414 1445 1445 pr.
1477 1402 1568 1433 forte

111 1455 211 1495 bene,
243 1465 305 1496 pro
335 1456 498 1485 detectam.
534 1453 608 1484 Lib.
633 1461 672 1483 11.
710 1452 743 1481 in
771 1452 912 1491 Eutrop.
946 1460 992 1481 vs.
1020 1452 1072 1480 88.
1112 1453 1266 1489 receptam
1297 1448 1404 1478 Gesn.
1427 1445 1480 1476 ed.
1511 1444 1569 1475 Bi-

110 1503 209 1540 pont.
225 1503 260 1529 et
276 1498 426 1528 ait—400
450 1506 552 1527 muros
577 1495 812 1526 Mamm—401
844 1494 943 1530 Quam
969 1496 1109 1534 suspecta
1134 1491 1201 1522 duo
1228 1491 1325 1521 Vatt.
1354 1489 1447 1521 Prie.
1474 1485 1571 1518 Med.

112 1545 226 1581 quart.
242 1540 476 1580 Reg.'1·110103.
490 1539 557 1569 duo
574 1538 697 1568 Petav.
712 1537 790 1568 Jun.
810 1545 859 1575 pr.
875 1535 988 1566 Oxou.
1008 1545 1058 1576 pr.
1077 1535 1201 1565 Moret.
1220 1542 1289 1563 sec.
1305 1532 1388 1562 Exc.
1407 1532 1485 1561 Pat.
1501 1537 1571 1559 rec.

116 1584 347 1623 Quaesuspecta
363 1583 443 1613 Vat.
469 1591 538 1612 sec.
567 1581 642 1611 Pal.
673 1579 774 1611 Farn.
794 1579 889 1609 Rott.
917 1578 1024 1610 Oisel.
1053 1578 1133 1608 Lov.
1161 1581 1229 1607 tres
1248 1574 1341 1606 Med.
1358 1574 1421 1604 inc.
1451 1571 1572 1603 Heius.

119 1626 199 1661 Quoe
214 1628 352 1666 suscepta
370 1626 452 1655 Exc.
471 1625 568 1654 Laeti.
591 1625 729 1653 sustenta
745 1621 869 1652 Petav.
885 1630 928 1652 m.
947 1630 998 1660 pr.
1021 1623 1161 1659 suspecta
1177 1623 1245 1648 vet.
1264 1617 1350 1656 Gyr.
1369 1616 1433 1645 duo
1450 1612 1573 1645 Leidd.

113 1672 184 1699 tres
207 1668 326 1699 Ambr.
345 1668 429 1698 Exc.
448 1667 591 1698 Gevart.
615 1667 754 1704 suscepta
773 1663 826 1693 vel
840 1665 981 1703 suspecta
998 1663 1077 1692 Vat.
1091 1671 1143 1701 pr.
1169 1662 1318 1691 Florem.
1342 1658 1474 1688 Thuau.
1490 1654 1575 1685 urbis

113 1710 208 1742 Pric-
226 1711 322 1741 Rott.
350 1710 478 1740 Thuan.
503 1708 569 1738 duo
587 1708 709 1737 Petav.
736 1705 869 1735 Tholos.
896 1704 977 1735 Jun.
1006 1714 1058 1742 pr.
1085 1704 1150 1733 duo
1168 1702 1387 1732 Orion—408
1408 1699 1482 1729 Eois
1498 1697 1576 1728 Vat.

114 1752 224 1793 quint.
245 1753 390 1792 pensaret
418 1750 512 1780 Med.
540 1753 652 1789 quart.
676 1748 854 1787 pensassent
879 1745 959 1777 Jun.
977 1754 1028 1784 pr.
1057 1749 1158 1783 atque
1181 1743 1229 1773 ita
1256 1742 1394 1780 legebat
1412 1740 1564 1770 Heius.—

114 1797 178 1825 404
202 1793 365 1825 Heinsius
388 1792 508 1830 legisse
536 1790 671 1819 videtur
694 1787 866 1823 Subi-cetae,
890 1796 966 1816 nam
996 1785 1202 1824 ascripserat
1226 1783 1336 1813 locum
1367 1782 1480 1811 Tacit.
1499 1781 1574 1812 Lib.

116 1846 180 1868 xv.
198 1835 288 1866 Ann.
311 1835 319 1850 ‘
335 1834 462 1869 Naves,
481 1841 555 1873 quae
582 1830 787 1861 frumentum
814 1828 929 1859 Tiberi
956 1827 1129 1857 subvectae
1155 1823 1292 1855 essent!
1316 1824 1366 1853 ita
1393 1823 1482 1852 enim
1499 1831 1578 1853 con·

115 1883 247 1910 stanter
262 1876 342 1907 libri
369 1875 502 1915 scripti,
527 1882 595 1903 non
621 1872 858 1902 subvectassent.
882 1869 1086 1909 conjiciebat
1111 1873 1237 1902 tamen,
1261 1864 1450 1895 subcecturae
1466 1859 1577 1894 essenti

116 1920 187 1952 vid.
203 1920 345 1951 Salmas.
368 1917 410 1948 ad
429 1917 520 1947 Hist.
538 1915 628 1955 Aug.
646 1924 679 1955 p.
700 1915 772 1944 119.
819 1912 961 1943 Rhodani
989 1916 1059 1941 tres
1076 1911 1169 1941 Vatt.
1187 1909 1261 1939 Pal.
1279 1907 1372 1938 Rott.
1392 1907 1475 1946 Reg.
1491 1906 1577 1936 Exc.

119 1973 204 2005 Cod.
233 1972 350 2005 Rhem.
379 1976 416 2001 et
441 1971 584 2002 Lucens.
615 1977 667 2008 pr.
706 1966 840 1999 Rhoda„
869 1964 982 1996 Oxon.
1007 1973 1076 1994 sec.
1103 1973 1146 1995 m.
1183 1964 1251 1993 sec.
1277 1960 1460 1992 Rhodanum
1483 1958 1576 1988 Prie.

120 2016 287 2048 led‹tnos
302 2014 381 2045 Jun.
398 2023 450 2053 pr.
476 2012 625 2042 Rhodano
640 2010 720 2039 Yat.
750 2017 800 2048 pr.
819 2007 919 2040 Farn.
947 2006 1040 2036 Med.
1057 2010 1166 2045 quart.
1184 2004 1334 2036 Flos-ent.
1358 2011 1402 2032 m.
1427 2010 1478 2040 pr.
1495 1999 1578 2031 Put.

120 2059 248 2090 Mazar.
267 2058 387 2088 Petav.
407 2065 457 2095 pr.
482 2053 604 2084 Anibr.
627 2058 663 2083 et
686 2050 811 2082 Mon-et.
829 2059 880 2089 pr.
899 2050 981 2080 Lov.
1008 2048 1088 2078 Vnt.
1108 2047 1215 2078 Livin.
1241 2045 1324 2076 Exc.
1351 2043 1436 2074 Laeti
1463 2047 1498 2073 et
1522 2042 1578 2073 ed.

121 2101 342 2131 meet—405
371 2097 578 2136 Cinit'crisque
601 2095 682 2127 Jun.
703 2102 755 2133 pr.
773 2092 869 2131 ferox
886 2091 981 2124 Rott.
1006 2091 1132 2120 Tbuan.
1154 2087 1286 2120 succedit
1304 2087 1491 2118 Pan—406
1508 2085 1581 2116 Tec-

119 2143 232 2179 tonicis
256 2142 336 2172 Vat.
366 2145 445 2171 tert.
473 2138 709 2178 Teutonicusque
735 2135 863 2165 Moret.
889 2143 942 2174 pr.
976 2132 1175 2173 Pyt-inceique
1200 2131 1279 2160 Vat.
1307 2138 1357 2169 pr.
1381 2127 1580 2166 Phireteique

123 2186 204 2221 Var,
221 2184 289 2219 LL.
306 2183 361 2216 ed.
378 2182 484 2214 Antv.
510 2180 715 2222 Pyrenoeique
734 2178 787 2210 vel
802 2176 1009 2217 Phylereique
1026 2175 1109 2209 Exc.
1132 2173 1340 2205 Laeti—408
1363 2170 1486 2201 rebelles
1502 2168 1583 2202 Vat,

784 2261 930 2296 NOTAE

124 2351 312 2388 receptam,
361 2345 549 2382 subactam,
607 2339 828 2376 vindicatam,
883 2337 1064 2368 tentiorem
1082 2343 1154 2365 esse
1170 2336 1274 2363 ratus.

126 2397 206 2429 dum
238 2397 303 2428 iste
332 2395 474 2426 Maurus
504 2392 644 2432 Libyam
673 2389 829 2421 tentabat
925 2389 988 2418 403
1012 2384 1137 2416 Arctois
1149 2378 1318 2420 frugibus]
1342 2376 1508 2417 Frugibus
1526 2374 1583 2406 ad-

126 2446 278 2488 Imperio
316 2446 468 2476 Romano
503 2443 662 2473 avellere.
729 2438 829 2472 Quod
884 2437 990 2468 vectis
1008 2445 1050 2466 ex
1066 2433 1190 2470 Gallia,
1206 2440 1281 2472 quae
1307 2433 1360 2460 est
1375 2436 1490 2458 versus
1510 2434 1583 2466 sep-

128 2507 206 2529 cum
235 2496 423 2534 moliretur,
439 2501 581 2524 annonae
611 2489 753 2531 penuria
777 2497 830 2519 ur·
885 2486 1097 2518 temtrionem
1113 2482 1229 2512 habita
1244 2480 1374 2510 ratione
1389 2477 1518 2510 Romae.

127 2547 206 2578 bem
222 2547 408 2577 Romanam
433 2543 643 2582 infestasset,
662 2540 725 2571 nisi
740 2538 829 2570 Stiu-
929 2540 990 2569 405
1017 2532 1194 2576 Cinyphiis]
1225 2529 1408 2568 Africanis,
1425 2537 1466 2558 ex
1482 2526 1587 2566 Libya

130 2594 194 2626 cho
210 2593 424 2634 providisset.
888 2587 1019 2619 scilicet
1034 2582 1258 2616 venientibus,
1302 2581 1411 2620 Supra
1427 2578 1468 2609 de
1496 2577 1588 2608 belio

172 2646 237 2676 400
260 2644 327 2674 Εοο
350 2642 472 2682 robore]
505 2640 643 2673 Viribus
673 2638 833 2672 Orientis.
890 2636 1070 2669 Gildouico
1086 2644 1115 2664 ν.
1140 2636 1171 2664 7.

131 2692 319 2734 Eutropius
335 2692 464 2734 quippe
477 2691 635 2722 tentabat
652 2692 834 2721 annectere
931 2688 995 2717 406
1022 2682 1216 2722 Teutonicus]
1247 2678 1375 2712 Cimbri
1402 2682 1437 2710 et
1462 2677 1590 2709 Teuto-

131 2746 276 2787 Libyam
291 2743 442 2784 Imperio
468 2742 633 2782 Orientis,
656 2745 695 2772 ut
710 2739 836 2772 bellum
891 2744 962 2776 nes,
977 2743 1051 2767 eam
1077 2742 1176 2774 quam
1193 2731 1299 2773 Dant,
1324 2733 1457 2772 partem
1482 2733 1589 2760 terra·

133 2797 225 2829 inter
245 2792 371 2825 fratres
399 2792 519 2831 aieret,
545 2791 581 2822 in
604 2791 694 2823 bello
719 2798 756 2821 se
779 2798 838 2830 po·
891 2794 965 2817 rum
981 2784 1154 2818 tenebant.

222 2846 335 2889 Delph.
352 2848 383 2878 et
401 2844 474 2877 ναν.
494 2844 578 2878 σιω.
814 2839 926 2874 Claud.
1445 2834 1465 2864 2
1485 2829 1505 2864 1

404 2974 419 2990 ἱ
