1852 3193
202 206 289 248 399.

677 215 752 245 CL.
786 211 1068 243 CLAUDIANI
1104 209 1191 240 XV.

204 313 267 354 At
289 312 431 354 soceri
450 324 643 353 reverere
665 311 800 357 faces,
823 310 869 347 at
884 306 1055 359 respice
1074 306 1220 347 fratris

204 381 501 429 Conuubium,
524 380 771 432 pignusque
789 387 898 415 meae
921 374 1065 425 regale
1087 373 1277 415 Serenae.

1584 372 1670 414 310

208 450 430 490 Debueras
451 448 582 488 otiam
602 443 802 485 fraternis
823 442 982 483 obvius
1004 441 1066 481 ire

204 517 440 565 Hostibus,
465 515 536 555 ille
560 514 664 553 tuis.

726 511 842 561 Quae
859 523 980 563 gens,
1004 509 1104 563 quis
1127 508 1310 549 Rhenus
1330 510 1375 549 et
1397 506 1554 549 Hister

189 585 302 640 vVos
325 584 484 637 opibus
501 582 694 635 junctos,
716 579 1110 632 conspirantesque
1130 577 1335 617 tulisset?

202 651 290 691 Sed
312 655 480 691 tantum
502 649 704 704 permitte
727 648 881 689 cadat:
914 647 973 686 nil
994 646 1221 700 poscimus
1244 645 1370 685 ultra.

201 719 283 760 1110
306 719 410 759 licet
432 731 528 758 sese
551 717 772 771 praetentis
793 715 993 769 Syrtibus
1015 718 1170 762 armet,

1583 709 1669 751 315

202 786 512 840 Oppositoquo
532 783 712 825 Atlante
733 788 865 836 tegat,
886 783 992 823 licet
1017 794 1120 822 arva
1139 780 1296 821 referta

199 909 226 938 si
242 908 346 938 renuis
370 908 468 943 talia;
491 907 607 937 honora
633 907 743 936 saltem
770 906 956 946 affinitatem
977 904 1094 935 soceri:
1117 902 1274 933 considera
1299 902 1409 931 saltem
1434 899 1670 930 matrimonium

192 951 311 988 fratris
336 952 395 988 tui,
423 954 452 980 et
478 951 604 989 nuptias
629 949 735 986 regias
761 948 886 977 Serenoe
911 956 997 977 meze.
1043 946 1141 975 Immo
1165 945 1317 975 debuisses
1337 942 1484 983 progredi
1514 942 1670 982 oppositus

198 993 337 1023 hostibus
344 992 463 1029 fratris
480 992 542 1030 tui,
565 991 618 1020 ille
634 994 644 1021 t
649 990 716 1019 uis:
740 1000 808 1028 quse
823 989 920 1027 natio,
936 988 1004 1028 quis
1019 987 1145 1018 Rhenus
1160 990 1190 1017 et
1208 986 1372 1016 Danubius
1387 985 1605 1016 sustinuissent
1616 994 1670 1014 ros

199 1036 376 1074 conjunctos
392 1034 499 1073 copiis,
527 1036 557 1063 et
573 1030 823 1063 consentientes?
867 1031 913 1061 At
938 1033 1046 1070 patere
1062 1030 1157 1059 solum
1175 1033 1210 1058 ut
1228 1027 1332 1059 Gildo
1349 1027 1563 1067 opprimatur:
1587 1027 1668 1058 nihil

195 1079 331 1119 petimus
346 1077 487 1117 amplius.
534 1076 600 1106 Iste
616 1075 740 1105 etiamsi
755 1073 875 1105 muniat
890 1082 922 1104 se
935 1072 1084 1113 oppositis
1099 1071 1260 1111 Syrtibus,
1285 1080 1320 1100 ac
1332 1072 1480 1110 protegat
1496 1079 1527 1100 se
1542 1069 1672 1101 Atlante

814 1156 1053 1168 aeaeaeaeaeaeaeaeaeaeaeae

198 1217 306 1248 Oisel.
330 1225 500 1256 numenque
515 1225 604 1246 vocor
620 1224 756 1255 proesens
772 1213 879 1245 Gesn.
898 1217 932 1244 et
946 1212 1000 1244 ed.
1022 1211 1158 1252 Bipout.
1181 1213 1264 1241 vocet
1281 1209 1378 1240 Med.
1397 1213 1506 1249 quart.
1545 1207 1670 1246 sijussa

198 1260 314 1291 Oxon.
332 1270 383 1300 pr.
418 1268 537 1290 recuses
550 1259 680 1288 Thuan.
697 1258 942 1288 Mazar.—-309
965 1257 1032 1287 Aut
1048 1255 1145 1285 soceri
1171 1254 1246 1284 Pal.
1266 1253 1357 1284 Prie.
1375 1252 1441 1282 duo
1467 1251 1564 1282 Med.
1581 1252 1668 1282 Exc.

196 1303 295 1334 Laeti.
343 1303 388 1333 At
412 1302 509 1333 Leid.
541 1311 592 1341 pr.
621 1302 702 1332 Put.
728 1301 859 1331 Mazar.
888 1300 1020 1330 Bonou.
1057 1298 1192 1328 Tholos.
1230 1297 1314 1327 Lov.
1352 1295 1434 1326 vat.
1465 1294 1575 1325 Livin.
1602 1293 1670 1324 duo

198 1346 323 1376 Petav.
339 1345 484 1376 totidem
500 1344 622 1376 Ambr.
639 1345 723 1375 Exc.
753 1343 898 1375 Gevart.
916 1342 971 1373 ed.
988 1342 1105 1372 Parui.
1141 1341 1187 1371 At
1202 1341 1255 1370 vel
1271 1339 1338 1370 Aut
1363 1337 1484 1368 Ambr.
1503 1347 1572 1368 sec.
1614 1339 1671 1368 aut

196 1389 311 1428 respice
328 1393 397 1419 tres
414 1389 511 1419 Vatt.
541 1388 676 1418 Fan-nes.
704 1386 796 1417 Prie.
815 1386 881 1416 (luo
899 1385 994 1416 Med.
1028 1388 1062 1415 at
1077 1384 1195 1424 respice
1210 1384 1290 1414 Vat.
1307 1381 1418 1412 Livin.
1448 1381 1575 1411 Mazar.
1591 1379 1670 1411 Flo-

198 1436 286 1462 rent.
304 1432 370 1462 inc.
387 1431 508 1462 Heius.
543 1434 576 1461 at
594 1431 647 1461 vel
665 1433 719 1460 aut
736 1430 816 1460 Vat.
834 1439 885 1470 pr.
902 1429 967 1458 duo
985 1427 1077 1458 Med.
1104 1428 1184 1457 Put.
1212 1425 1329 1456 Ambr.
1347 1434 1414 1455 sec..
1443 1433 1528 1453 unus
1547 1423 1668 1453 Heius.

196 1474 252 1505 ed.
270 1474 494 1505 Vicet.-310
521 1473 714 1504 Counubium
730 1473 825 1502 Rott.
862 1471 1051 1510 Conjugium
1068 1470 1159 1501 Prie.
1177 1469 1285 1501 Oisel.
1304 1468 1455 1498 Fiorent.
1474 1467 1552 1497 Pat.
1591 1467 1672 1496 Con-

188 1517 314 1556 jug-ium
334 1518 389 1548 vel
409 1517 603 1547 Cmnzubtam
617 1517 696 1547 Vat.
722 1520 805 1546 tert.
833 1515 915 1545 Put.
942 1514 1037 1545 Med.
1066 1523 1118 1553 pr.
1154 1513 1328 1553 pignusque
1352 1520 1450 1542 meum
1474 1509 1570 1540 Med.
1598 1518 1667 1540 sec.

196 1570 242 1590 m.
260 1569 313 1600 pr.
348 1561 446 1599 legale
472 1561 553 1590 Put.
579 1570 621 1590 m.
638 1561 799 1599 pin—311
824 1557 961 1588 hostibus
978 1558 1024 1588 ire
1043 1556 1161 1587 Obvius
1180 1555 1274 1586 Med.
1298 1555 1477 1585 sec.——312
1500 1552 1567 1592 quis
1591 1561 1670 1590 gens

197 1603 272 1634 Pal.
289 1602 385 1633 Med.
405 1613 455 1643 pr.
489 1603 560 1643 quis
578 1602 703 1632 Rhenus
728 1601 825 1632 Leid.
841 1610 891 1640 pr.
910 1605 945 1631 et
963 1600 1111 1630 sedecim
1135 1599 1204 1637 aiii,
1231 1599 1312 1629 item
1330 1598 1415 1628 Exc.
1435 1596 1580 1627 Gevart.
1616 1594 1669 1634 qui

196 1645 275 1676 edd.
296 1645 471 1686 pleraeque
488 1649 616 1685 praeter
630 1645 744 1674 Vicet.
771 1643 885 1673 Parm.
913 1643 1022 1673 Coliu.
1061 1642 1182 1672 Rhetus
1201 1641 1283 1671 Var.
1300 1641 1369 1670 LL.
1386 1649 1404 1670 e
1421 1648 1526 1676 marg.
1551 1638 1667 1668 Parin.

195 1690 303 1718 —313
319 1687 445 1726 junctos
462 1688 538 1718 Vat.
556 1697 607 1728 pr.
621 1688 706 1717 Exc.
722 1686 820 1716 Laeti.
844 1684 1080 1725 opibusjimctis
1098 1684 1204 1714 Oisel.
1226 1683 1324 1713 victos
1340 1682 1395 1713 ed.
1413 1682 1526 1711 Vicet.
1541 1680 1670 1718 junctos

196 1730 304 1769 opibus
326 1731 454 1762 Moret.
478 1740 531 1771 pr.
573 1730 632 1761 Vos
659 1729 870 1769 conspirantes
897 1727 1003 1767 opibus
1021 1727 1207 1767 junctosque
1233 1724 1356 1765 viginti
1384 1728 1531 1765 quatuor
1559 1722 1667 1755 Codd.

197 1773 284 1804 Exc.
309 1773 396 1805 Gev.
417 1774 494 1804 Var.
513 1774 582 1803 LL.
611 1783 628 1802 e
655 1782 760 1811 marg.
786 1771 903 1800 Pau-m.
929 1769 1009 1800 Am.
1027 1769 1081 1800 ed.
1106 1770 1219 1800 Vicet.
1244 1778 1305 1798 uec
1323 1777 1391 1797 non
1416 1767 1497 1797 Var.
1516 1766 1584 1796 LL.
1611 1765 1667 1796 ed.

197 1815 302 1847 Autv.
341 1816 528 1855 conspiratis
545 1816 598 1846 vel
623 1814 834 1853 conspirantes
852 1812 948 1843 Leid.
968 1822 1019 1851 pr.
1054 1812 1174 1842 tulisset
1193 1818 1260 1840 tres
1278 1811 1375 1840 Vatt.
1394 1810 1487 1840 Rott.
1524 1808 1667 1839 tulissent

197 1859 295 1890 Leid.
324 1868 377 1898 pr.
405 1859 473 1889 duo
498 1859 596 1888 Vatt.
624 1857 717 1888 Prie.
743 1857 848 1887 Gesn.
877 1855 931 1886 ed.
957 1855 1099 1894 Bipont.
1132 1853 1376 1892 Koeuig.—3l⁴
1408 1852 1556 1891 promitte
1582 1851 1667 1882 Lov.

196 1901 316 1932 Ambr.
335 1911 385 1941 pr.
422 1901 548 1932 dimitte
563 1901 642 1932 Pat.
678 1900 770 1930 cadat
792 1899 871 1929 Vat.
902 1907 954 1938 pr.
972 1897 1027 1928 ed.
1045 1897 1159 1928 Vicet.
1195 1897 1283 1927 cadet
1300 1894 1447 1935 plurima
1463 1903 1541 1934 pars
1557 1892 1668 1924 Codd.

196 1943 275 1976 Ala.
302 1946 387 1976 Exc.
417 1944 563 1976 Gevart.
598 1943 752 1984 poscimus
778 1941 832 1973 vei
857 1950 1021 1982 possumus
1046 1940 1241 1971 Lov.-—3lss
1264 1940 1430 1969 adamante
1462 1939 1548 1976 tegat
1573 1936 1667 1968 Prie.

862 2044 1005 2077 NOTAE

195 2113 318 2145 tabant
330 2111 456 2153 ubique
473 2111 671 2152 praesentia,
686 2114 722 2142 et
737 2109 821 2141 nihil
838 2119 905 2141 11011

196 2163 361 2195 videntia.

240 2214 394 2254 Recasas]
430 2211 465 2242 Si
495 2221 564 2242 non
592 2215 628 2242 te
656 2215 795 2242 movent
822 2211 904 2242 talia

193 2266 337 2305 monita,
365 2265 393 2295 si
420 2273 487 2294 11011
504 2262 612 2294 virtus
638 2261 844 2301 Stilichonis,
867 2265 903 2292 at

195 2317 317 2348 saltem
343 2318 480 2346 moveat
504 2317 538 2343 te
563 2311 781 2343 observantia
798 2312 829 2342 ci
845 2311 903 2342 de-

195 2367 282 2407 bita,
298 2366 355 2408 qui
368 2375 464 2396 socer
480 2368 533 2395 est
550 2363 667 2394 fratris
681 2361 731 2393 tui
745 2361 903 2402 Honorii,

196 2419 323 2460 quique
355 2422 403 2458 te,
433 2421 471 2447 ut
499 2419 609 2456 pater,
636 2413 756 2451 fovet3
787 2413 903 2454 sicque

195 2469 365 2502 avertaris
395 2478 415 2500 a
444 2467 590 2499 fovendo
622 2465 771 2498 Gildone
807 2464 903 2496 hoste

194 2521 347 2562 publico.

239 2575 302 2604 309
326 2571 449 2611 Soceri]
494 2570 609 2601 Vocat
637 2568 813 2606 Socerum,
844 2566 902 2608 qui

198 2627 272 2655 erat
287 2633 395 2663 socer,
412 2631 479 2653 non
496 2620 653 2660 Arcadii,
668 2618 729 2651 sed
743 2617 902 2649 Honor-ii.

239 2673 353 2714 Faces]
376 2673 554 2705 Reverere
579 2669 778 2701 affinitatem
809 2667 902 2699 Stili-

198 2724 323 2765 chonis,
338 2723 397 2765 qui
412 2732 474 2764 per
489 2721 598 2761 faces,
622 2720 687 2751 hoc
705 2723 769 2760 est,
784 2718 902 2759 conju-

198 2775 305 2815 gium,
327 2774 423 2806 dedit
439 2773 542 2805 filiam
556 2771 702 2804 Mariam
719 2770 900 2811 conjugem

960 2108 1062 2140 fratri
1081 2112 1140 2140 tuo
1156 2107 1324 2147 Honorio,
1340 2105 1438 2146 cujus
1454 2108 1507 2136 est
1522 2112 1630 2135 socer.

1003 2163 1066 2191 310
1090 2159 1229 2199 Serenoe]
1254 2159 1426 2189 Reverere
1453 2155 1591 2196 nuptias
1615 2163 1668 2185 re-

960 2211 1053 2252 gales
1068 2210 1220 2249 Serenae,
1248 2207 1443 2243 fratrismei
1462 2206 1557 2246 filiae,
1574 2214 1664 2237 soro-

958 2262 1073 2303 risque
1100 2267 1167 2293 tuae
1197 2261 1376 2303 patruelis,
1404 2263 1441 2291 et
1470 2258 1550 2289 filiae
1581 2266 1666 2288 meae

959 2313 1144 2353 adoptivae,
1160 2322 1235 2354 quae
1261 2310 1379 2352 nupsit
1402 2307 1606 2347 Stilichoni3
1630 2311 1666 2339 et

960 2374 1036 2404 quae
1064 2363 1128 2394 tibi
1155 2364 1251 2394 velut
1280 2365 1411 2393 certum
1437 2359 1560 2400 pignus
1589 2366 1665 2389 esse

960 2414 1103 2445 deberet
1119 2419 1156 2445 et
1178 2413 1245 2444 mei
1273 2418 1309 2443 et
1336 2411 1386 2443 tui
1412 2410 1447 2441 in
1475 2407 1664 2440 Honorium

957 2465 1248 2505 Stilichonemque
1265 2462 1400 2494 amoris.

1001 2518 1062 2546 :311
1089 2513 1268 2552 Debueras]
1293 2511 1493 2549 Debuisses,
1520 2519 1540 2540 ο
1556 2507 1664 2539 Arca-

959 2564 1005 2605 di,
1042 2563 1214 2605 proficisci
1252 2566 1372 2594 contra
1402 2561 1517 2591 hostes
1547 2558 1664 2590 fratris

957 2616 1116 2654 Honorii‚
1140 2620 1175 2646 et
1191 2615 1248 2645 ille
1265 2617 1384 2644 contra
1402 2617 1488 2643 tuos.

1001 2670 1062 2698 315
1086 2665 1248 2707 Syrtibus]
1270 2665 1325 2695 De
1342 2663 1391 2694 his
1409 2671 1512 2703 supra
1528 2660 1620 2692 alibi.

1000 2722 1064 2751 316
1088 2719 1232 2760 Atlante]
1260 2717 1328 2749 Hic
1341 2725 1437 2748 mons
1459 2717 1510 2746 est
1533 2711 1662 2746 Mauri-

959 2770 1058 2802 taniae
1073 2769 1106 2801 in
1123 2767 1254 2801 Africa.
