1852 3193
215 204 301 246 156

712 217 786 247 CL·
820 217 1100 248 CLAUDIANI
1136 217 1177 245 V.

216 309 359 362 Atria,
383 312 624 365 prolataeve
639 310 795 366 juvant
817 313 871 353 ad
894 312 1043 352 sidera
1064 311 1238 351 moles?

215 377 354 420 Audit
368 380 466 429 iter,
482 383 769 431 numeratque
786 379 896 428 dies,
915 380 1152 431 spatioque
1168 378 1336 420 viarum

217 445 406 488 Metitur
426 448 564 489 vitam
583 463 592 489 ε
625 452 850 500 torquetur
866 461 978 500 pace
999 447 1163 496 futura,

218 513 318 555 Nec
341 516 505 569 recepit
523 528 718 564 somnos,
742 520 784 555 ct
807 528 927 568 saepe
949 515 1172 555 cubilibus
1195 527 1344 555 amens

217 582 467 632 Excutitur‚
500 596 768 636 poenamque
786 583 867 622 luit
887 582 1117 622 formidine
1139 595 1301 635 poenae.

1592 581 1676 623 140

219 650 310 691 Sed
331 652 443 692 redit
466 652 510 692 in
533 652 714 700 rabiem,
749 651 1052 703 scelerumque
1083 651 1274 690 immane
1292 649 1479 690 resumit

219 715 461 770 Ingenium,
483 731 722 771 sacrasque
742 718 853 758 fores
870 718 1113 771 praedivitis
1133 718 1246 758 aulae

218 784 376 834 Intrat,
399 790 440 826 et
464 786 695 827 Arcadium
716 787 856 827 mixto
878 792 1035 827 terrore
1057 789 1258 838 precatur
1276 799 1284 823 :

219 851 307 893 Per
326 853 470 894 fratris
490 855 633 906 regale
647 854 793 907 jubar,
816 867 892 906 per
913 854 1031 894 facta
1051 853 1245 906 parentis

215 918 415 969 AEtherii,
436 921 672 972 floremque
693 921 757 960 tui
779 925 818 961 te
842 921 1050 973 deprecor
1069 921 1171 970 aevi,

1595 919 1678 960 145

217 985 350 1039 Eripe
370 1000 438 1027 me
459 987 641 1038 gladiis:
673 987 803 1026 liceat
827 988 1082 1028 Stilichonis
1099 988 1272 1040 iniquas

215 1095 279 1132 nis,
293 1099 441 1135 supputat
456 1096 531 1135 dies,
554 1099 584 1126 et
600 1097 729 1127 metitur
739 1098 834 1127 ritum
851 1097 1012 1128 interi-allo
1025 1098 1168 1128 itineris:
1192 1101 1325 1128 vexatur
1338 1108 1413 1138 price
1424 1101 1568 1136 ventura,
1583 1105 1678 1137 neque

216 1137 357 1167 admittit
372 1147 519 1176 soporem,
543 1142 572 1168 et
581 1138 763 1178 frequenter
778 1143 878 1170 mente
901 1144 1010 1180 captus
1025 1141 1184 1170 excitatur
1199 1141 1287 1178 lecto,
1302 1141 1466 1180 penditque
1481 1139 1678 1180 supplicium,

215 1179 324 1209 timore
332 1180 485 1219 supplicii.
494 1181 537 1210 At
550 1182 679 1211 resumit
687 1181 827 1219 furorem
841 1183 988 1220 solitum,
1000 1186 1029 1213 et
1042 1183 1156 1222 repetit
1165 1184 1318 1213 crudelem
1328 1183 1556 1223 propensionem
1566 1181 1606 1212 ad
1619 1181 1682 1211 cri·

214 1221 413 1262 mina‚atque
425 1223 605 1261 ingreditur
616 1224 726 1254 limina
735 1228 867 1263 augusta
882 1225 991 1265 Regia>
1003 1226 1259 1266 locupletissimoe,
1270 1229 1299 1256 et
1310 1229 1401 1265 rogat
1409 1225 1582 1256 Arcadium
1596 1226 1681 1254 metu

216 1264 327 1304 mixto,
337 1264 471 1296 dicens:
483 1266 642 1296 Per-siclus
654 1267 786 1305 Regium
797 1268 936 1306 Fratris,
947 1278 1005 1308 per
1013 1271 1104 1307 gesta
1114 1269 1194 1299 Dim·
1203 1269 1361 1307 Pat1·is,et
1364 1268 1477 1308 florem
1490 1267 1595 1298 <etatis
1603 1269 1680 1305 tuae,

217 1315 290 1345 rogo
306 1310 347 1347 te,
364 1308 460 1338 libera
482 1318 529 1339 me
544 1307 582 1340 ab
598 1309 728 1339 ensibus.
752 1310 964 1341 Permittutur
982 1311 1061 1341 milii
1078 1310 1217 1352 effugere
1234 1311 1418 1342 minutiones
1439 1311 1570 1350 injustas
1588 1309 1680 1340 Stili-

827 1393 1063 1405 eeeeeeeeeeee

217 1445 341 1478 Sched.
369 1448 460 1480 Gud.
487 1452 522 1479 et
550 1448 605 1479 ed.
633 1449 747 1480 Vicet.
775 1450 876 1480 male.
903 1459 980 1480 nam
1006 1451 1302 1491 praecessit.—l36
1324 1451 1492 1490 prolatoene
1514 1448 1580 1479 duo
1596 1449 1678 1479 Vat.

217 1493 425 1530 provectaeque
440 1491 519 1522 Vat.
537 1501 605 1521 sec.
637 1492 731 1522 valles
747 1501 808 1532 pro
825 1493 917 1523 moles
939 1494 1125 1524 Pan—137
1150 1494 1254 1525 Audet
1272 1493 1380 1524 Oisel.
1396 1494 1463 1523 vius
1479 1493 1558 1523 Pat.
1581 1491 1679 1522 Leid.

218 1541 288 1564 sec.
305 1533 390 1563 Exc.
408 1533 552 1565 Gevart.
574 1535 768 1574 sputiiimque
786 1536 1025 1566 Borma—138
1047 1540 1130 1576 peste
1154 1537 1220 1566 duo
1237 1537 1314 1567 Vat.
1340 1546 1416 1576 pace
1433 1536 1519 1566 Exc.
1536 1535 1680 1566 Lucens.

217 1578 398 1606 see—139
421 1576 488 1607 Nec
504 1577 596 1607 Prie.
614 1577 709 1607 Rott.
736 1578 805 1608 Non
824 1578 922 1608 Farn.
945 1579 1058 1618 repetit
1071 1580 1156 1611 Exc.
1175 1579 1258 1610 Cod.
1276 1579 1504 1610 Rhem.-—l40
1527 1578 1601 1608 tulit
1617 1587 1680 1617 pro

217 1616 276 1647 luit
286 1618 528 1650 Tholos.—141
554 1619 587 1649 z'n
604 1620 656 1649 vel
679 1621 719 1649 ad
735 1621 870 1651 Tholos.
885 1620 1002 1652 rabiem
1016 1623 1095 1653 Vat.
1113 1632 1162 1662 pr.
1178 1622 1272 1652 Med.
1287 1626 1398 1662 quart.
1412 1621 1493 1651 Pat.
1508 1624 1575 1651 vet.
1592 1620 1679 1659 Gyr.

219 1659 314 1691 Leid.
328 1669 397 1691 sec.
411 1662 492 1692 Vat.
511 1662 616 1692 Livin.
634 1663 717 1692 Exc.
739 1662 881 1693 Gevart.
905 1668 941 1694 et
958 1665 1040 1694 Luc.
1058 1674 1108 1704 pr.
1128 1665 1182 1694 ed.
1198 1666 1313 1695 Parni.
1330 1664 1457 1703 isingr.
1472 1662 1590 1701 faciem
1614 1662 1681 1693 duo

218 1702 300 1734 Vat.
318 1703 392 1733 Pal.
411 1704 511 1736 Farn.
523 1705 615 1735 Prie.
633 1705 729 1736 Rott.
749 1705 856 1737 Oisel.
872 1706 1023 1737 Florent.
1040 1706 1121 1739 Put.
1146 1708 1274 1737 Mazar.
1292 1707 1424 1737 Thuan.
1443 1707 1575 1736 Bonon.
1593 1704 1682 1735 Tho-

217 1745 278 1775 los.
293 1745 359 1776 duo
374 1746 492 1777 Ambr.
506 1753 575 1778 tres
587 1747 708 1778 Petav.
726 1748 867 1779 totidem
880 1748 973 1780 Med.
985 1749 1051 1780 duo
1066 1750 1186 1780 Heius.
1203 1750 1288 1780 Exc.
1303 1749 1389 1780 Laet.
1403 1753 1439 1779 et
1452 1749 1596 1791 Luce-ns.
1611 1757 1679 1779 sec.

216 1787 301 1818 item
313 1788 368 1819 ed.
387 1789 499 1820 Licet.
518 1790 637 1826 faciem
652 1791 706 1820 vel
716 1790 834 1821 rabiem
848 1792 929 1822 Put.
943 1791 1009 1822 duo
1019 1793 1095 1823 Lat.
1111 1792 1230 1830 faciem
1244 1793 1297 1823 vel
1312 1791 1441 1829 facinus
1452 1792 1538 1831 Reg.
1551 1791 1679 1821 resolvit

216 1829 458 1863 Titulos—143
483 1832 626 1863 immixto
653 1842 775 1873 magna
799 1839 876 1873 pars
903 1834 1012 1865 Codd.
1037 1835 1120 1865 Exc.
1143 1835 1233 1866 Laeti
1259 1839 1293 1865 et
1318 1835 1461 1865 Lucens.
1478 1843 1548 1864 sec.
1566 1833 1680 1864 Oxon.

217 1871 299 1903 Ald.
317 1874 427 1904 Colin.
466 1876 565 1905 mixto
582 1875 675 1905 Med.
694 1880 805 1916 quart.
823 1877 909 1907 Exc.
926 1877 1070 1911 Lucens.
1088 1880 1248 1918 piu—144
1264 1876 1340 1914 fala
1355 1877 1482 1907 Thuan.
1497 1876 1589 1913 facta
1605 1876 1679 1916 plu-

219 1914 295 1945 rimi
309 1916 417 1948 Codd.
436 1917 520 1947 Exc.
535 1917 677 1961 Gevart.
694 1919 838 1950 Lucens.
857 1929 927 1950 sec.
943 1920 1025 1950 Var.
1041 1921 1107 1951 LL.
1124 1920 1178 1950 ed.
1192 1919 1298 1952 Antv.
1315 1919 1369 1950 ed.
1383 1920 1500 1950 Parm.
1516 1924 1552 1949 et
1561 1919 1678 1950 Vicet.

218 1960 324 1989 --146
348 1959 458 1990 Erime
474 1959 555 1990 Put.
579 1970 597 1990 a
619 1970 662 1992 m.
689 1970 740 2001 pr.
765 1961 854 1992 unde
881 1961 1042 1994 Heinsius
1066 1963 1150 2003 legit
1167 1964 1290 1994 Exime.
1328 1962 1512 1993 Stilichonis
1526 1962 1607 1992 Vat.
1625 1970 1680 2001 pr.

882 2042 1022 2073 NOTAE

263 2118 323 2146 137
358 2114 527 2155 spatioque
555 2115 692 2155 viarum]
764 2117 923 2157 Metitur,

218 2165 419 2206 judicatque
434 2169 561 2194 tantum
577 2174 613 2195 se
627 2165 754 2196 distare
767 2176 786 2196 a
797 2172 922 2207 morte,

226 2219 384 2257 quantum
401 2213 473 2253 ipse
491 2223 510 2243 a
525 2213 715 2244 Stilichone
738 2214 900 2247 distabat.

264 2268 326 2297 138
350 2263 448 2303 Pace]
493 2263 603 2295 Quam
638 2264 779 2295 Stilicho
809 2264 921 2295 reddi-

225 2324 316 2347 turus
328 2318 402 2345 erat
417 2313 564 2344 Orienti.

265 2367 326 2396 140
350 2363 552 2403 Poenumque]
583 2363 761 2404 Magisque
786 2368 922 2406 torque-

226 2423 287 2455 ηπ,
301 2415 380 2456 quia
401 2414 506 2454 magis
535 2414 647 2452 timet,
670 2414 824 2445 conscius
847 2425 922 2446 suo-

226 2476 294 2497 rum
331 2465 520 2497 criminum.
577 2464 778 2495 Petronius:
823 2465 832 2481 ‘
865 2466 923 2496 Dii

227 2518 376 2558 Deaeque
391 2526 489 2557 quam
513 2516 600 2546 male
623 2519 674 2546 est
697 2521 797 2546 extra
812 2517 923 2557 legem

226 2567 436 2599 viventibus!
469 2566 569 2599 Quod
594 2566 697 2596 semel
714 2573 923 2609 meruerunt,

229 2629 357 2660 temper
373 2617 583 2658 expectant!

265 2672 324 2701 141
350 2669 446 2700 Redit
468 2669 501 2699 in
522 2668 655 2708 rabiem]
699 2667 839 2700 Rufinus
857 2670 922 2709 pri-

229 2729 277 2751 ua
292 2719 406 2750 fronte
423 2719 575 2756 territus,
592 2718 634 2749 de
652 2718 837 2750 sceleribus
853 2729 920 2751 non

230 2769 412 2812 cogitabat,
434 2769 492 2801 sed
507 2778 583 2801 mox
601 2768 690 2802 redit
713 2769 755 2801 ad
771 2769 919 2802 rabidam

977 2118 1144 2149 scelerum
1196 2117 1489 2156 consuetudInein,
1525 2116 1680 2148 resumit·

977 2178 1042 2209 que
1059 2169 1245 2207 crudelem,
1261 2173 1296 2199 et
1321 2167 1362 2198 ad
1380 2167 1523 2198 crimina
1536 2175 1681 2207 propen-

976 2227 1050 2247 sum
1078 2217 1238 2255 animum,
1256 2225 1356 2256 quem
1384 2215 1519 2246 exuisse
1543 2215 1680 2247 videba-

975 2271 1043 2297 tur.

1020 2319 1081 2347 142
1108 2316 1291 2347 Proedivitis
1305 2315 1399 2355 aulae]
1434 2314 1603 2355 Intelligit
1627 2324 1679 2347 se-

975 2366 1203 2397 cretissimum
1214 2366 1358 2397 Arcadii
1371 2366 1595 2407 Imperatoris
1607 2365 1681 2398 tha-

974 2417 1113 2456 lamum,
1131 2421 1169 2447 ut
1184 2416 1345 2447 ostendat
1366 2415 1478 2448 Rufini
1494 2416 1605 2448 omnia
1621 2425 1680 2458 pe-

975 2467 1140 2499 netrantis
1154 2467 1356 2508 potentiam.

1020 2522 1083 2550 144
1106 2520 1225 2558 Regale
1242 2518 1355 2558 jubar]
1388 2518 1568 2560 Exquisita
1595 2517 1678 2549 adu·

977 2570 1059 2600 latio
1085 2570 1242 2609 Honorii,
1272 2579 1333 2611 per
1358 2578 1470 2611 quem,
1491 2569 1588 2600 velut
1615 2578 1678 2610 per

977 2624 1117 2659 astrum,
1134 2620 1340 2651 obtestatur.

1020 2671 1170 2702 Parentis
1197 2670 1336 2712 oetherz‘i]
1380 2669 1419 2701 In
1457 2669 1585 2701 aethere
1617 2679 1677 2702 seu

976 2722 1062 2753 coelo
1080 2722 1153 2762 jain
1177 2720 1381 2754 consecrati.
1414 2721 1495 2754 Vid.
1517 2732 1547 2753 v.
1565 2724 1595 2754 3.
1621 2731 1675 2753 su-

976 2782 1047 2815 pra.
