1852 3193
227 197 313 239 234
689 209 766 240 cn.
799 207 1083 239 οιΑυωΑΝι
1119 208 1227 238 vm.

228 305 462 359 Agnovere
483 318 639 358 sonos;
670 305 799 346 rediit
826 304 1003 344 meliore
1021 304 1229 356 magistro

230 373 453 424 Machina,
476 378 795 425 concentusque
816 371 921 424 poli,
954 384 1190 424 currusque
1209 371 1376 425 recepit

231 442 485 497 Imperium,
508 444 783 494 flammaeque
806 439 996 479 modum.
1060 440 1136 480 Sic
1160 440 1345 481 traditus
1365 439 1445 489 illi,

231 510 529 563 Servatusque
554 508 711 548 Oriens
729 521 737 548 :
773 512 816 547 at
835 520 920 546 non
942 519 1045 559 pars
1069 507 1204 547 altera
1223 520 1368 547 rerum

230 578 428 628 Tradita,
454 578 523 618 bis
543 589 752 631 possessa
772 588 914 624 manu,
937 574 1008 615 bis
1029 578 1155 628 parta
1174 575 1366 627 periclis.

231 645 319 686 Per
340 646 507 687 varium
528 643 689 696 gemini
713 642 861 684 scelus
883 655 1066 694 erupere
1088 642 1261 695 tyranni

231 712 472 754 Tractibus
494 711 692 753 occiduis
711 725 720 752 :
752 711 864 750 hunc
889 722 1011 750 saeva
1034 710 1262 750 Britannia
1283 709 1413 758 fudit,

233 779 366 821 Hunc
388 781 473 821 sibi
497 780 746 821 Germanus
767 777 976 818 famulum
999 777 1219 829 delegerat
1238 777 1367 827 exul3

1635 503 1693 546 70

229 907 449 938 evenientibus.-
473 908 523 947 qai
549 907 601 937 abi
615 909 776 937 senserunt
803 905 916 935 iterum
932 914 1033 934 vocem
1049 903 1165 934 domini
1181 903 1243 943 sui,
1270 904 1363 934 moles
1386 907 1417 933 et
1441 903 1600 934 harmonia
1621 903 1700 935 Coeli
1850 892 1852 929 ¹1

229 951 378 980 restituta
393 953 450 988 est,
477 951 605 980 Rectore
626 948 853 988 proestantiore,
876 958 911 978 ac
938 957 1048 977 currus
1060 947 1155 976 subiit
1169 950 1338 986 prwceptu,
1363 949 1391 976 et
1409 946 1497 981 ignes
1514 946 1602 986 passi
1619 950 1699 977 sunt
1851 960 1852 983 1

230 993 484 1023 moderationem:
508 993 554 1021 ita
573 992 687 1020 Oriens
702 991 878 1020 commissus
894 994 947 1019 est
968 990 1017 1019 illi
1038 989 1241 1026 Theodosio,
1267 992 1358 1028 atque
1375 989 1537 1025 defensus,·
1558 990 1611 1019 sed
1624 998 1700 1028 pars

229 1035 294 1064 alia
307 1035 426 1072 mundi,
442 1044 499 1064 non
516 1034 675 1064 commissa
692 1036 755 1070 est,
770 1032 815 1061 bis
827 1034 976 1070 occupata
993 1034 1046 1060 est
1061 1032 1205 1067 dextera,
1219 1030 1266 1059 bis
1280 1032 1431 1069 acquisita
1453 1032 1552 1061 variis
1566 1030 1698 1061 casibus.

232 1076 310 1107 Duo
330 1077 467 1116 Tyranni
481 1078 669 1105 emerserunt
686 1083 740 1113 per
753 1074 887 1102 crimina
902 1073 1025 1102 ‹lii-ersa
1050 1081 1093 1101 ex
1109 1072 1289 1110 regionibus
1307 1073 1507 1109 Occidentis;
1531 1073 1702 1104 Britannia

230 1119 363 1148 crudelis
385 1118 507 1158 peperit
534 1118 613 1147 hunc
628 1115 817 1146 Maximum
833 1125 840 1152 ;
865 1114 938 1144 exul
956 1114 1132 1143 Germanus
1148 1113 1358 1153 Arbogastes
1375 1116 1509 1154 elegerat
1525 1117 1588 1147 sibi
1613 1116 1701 1147 illum

855 1208 1090 1220 eeeeeeeeeeee

233 1280 275 1310 58
285 1281 502 1318 contentusque
510 1278 638 1309 Mazar.
651 1280 871 1317 conceptusque
885 1276 979 1307 Med,
991 1279 1101 1317 quart.
1116 1278 1369 1316 contemptusque
1380 1275 1446 1307 duo
1457 1276 1536 1307 Vat.
1547 1274 1641 1307 Med.
1653 1284 1704 1316 pr.

233 1326 267 1351 et
280 1331 346 1352 sec.
361 1331 402 1352 m.
421 1331 469 1360 pr.
486 1324 713 1359 contemtusque
727 1321 779 1349 vel
795 1322 1014 1359 conceptusque
1032 1319 1116 1359 Reg.
1130 1320 1211 1359 polis
1227 1320 1379 1350 malebat
1394 1319 1567 1356 Bai-thius,
1583 1328 1625 1348 ex
1644 1328 1705 1349 suo

234 1364 363 1395 codice.
381 1374 548 1403 currusque
558 1364 648 1393 Prie.
658 1362 753 1393 Med.
767 1366 876 1401 quart.
887 1368 921 1392 et
936 1372 1002 1392 sec.
1017 1372 1058 1392 u).
1071 1371 1137 1393 sec.
1150 1366 1218 1393 vet.
1229 1362 1312 1402 Gyr.
1325 1362 1456 1393 Thumi.
1469 1362 1551 1392 Exc.
1561 1362 1705 1392 Lucens.

231 1416 300 1437 sec.
314 1406 436 1446 [singr.
453 1411 487 1437 et
504 1407 611 1445 Raph.
628 1415 790 1444 cursusque
802 1405 907 1435 Oisel.
918 1405 998 1434 Var.
1015 1405 1080 1435 LL.
1095 1404 1148 1435 ed.
1170 1405 1273 1436 Antv.
1290 1414 1471 1444 rursumque
1488 1405 1565 1435 Pat.
1584 1413 1704 1434 rursus-

233 1459 291 1489 que
309 1459 426 1480 omnes
442 1450 521 1480 Vat.
539 1449 612 1479 Pal.
627 1449 726 1478 Fam.
746 1448 839 1478 Rott.
852 1447 931 1479 Jun.
948 1457 998 1487 pr.
1013 1447 1109 1478 Leid.
1125 1457 1192 1478 sec.
1212 1447 1277 1478 duo
1292 1447 1491 1477 Oxou—69
1506 1448 1611 1477 modus
1626 1447 1707 1478 Jun.

235 1501 286 1532 pr.
309 1492 448 1522 traditus
466 1496 534 1523 vet.
548 1492 632 1531 Gyr.
649 1491 734 1520 Exc.
752 1491 895 1521 Lueens.
913 1500 980 1520 ser.
1004 1490 1144 1520 traditur
1163 1490 1285 1521 decem
1304 1489 1372 1520 alii.
1396 1490 1459 1520 illis
1474 1494 1552 1520 octo
1570 1488 1706 1528 scripti,

235 1539 271 1564 et
287 1535 367 1565 Var.
384 1536 451 1565 LL.
467 1534 520 1565 ed.
538 1533 642 1565 Antv.
660 1534 798 1563 traditus
813 1533 860 1563 illi
876 1533 927 1563 vel
946 1534 1084 1563 traditur
1095 1533 1159 1563 illis
1174 1533 1285 1564 Oxou.
1302 1542 1368 1564 see.
1382 1533 1520 1563 traditas
1533 1533 1594 1562 illis
1604 1530 1708 1562 Wolf.

235 1580 321 1608 —70
345 1577 550 1616 Servatusque
568 1581 633 1607 vet.
657 1576 739 1616 Gyr.
766 1577 845 1606 Vat.
875 1585 924 1615 pr.
954 1576 1055 1606 Farn.
1085 1576 1193 1606 Oiscl.
1222 1577 1353 1606 Bonon.
1383 1575 1448 1605 duo
1476 1575 1597 1605 Petav.
1622 1575 1706 1605 Exc.

236 1620 381 1650 Lucens.
395 1630 462 1651 sec.
477 1620 626 1650 Seri-atur·
636 1620 764 1649 mundus
781 1618 832 1647 vel
846 1617 1051 1658 Serratusque
1069 1619 1183 1648 Oriens
1198 1618 1308 1649 Oxou.
1324 1620 1397 1649 sec-J
1409 1618 1617 1657 Servaturque
1627 1626 1707 1657 qua-

239 1666 317 1692 tuor
333 1664 410 1693 Vat.
438 1662 511 1692 Pal.
530 1662 619 1693 Prie.
653 1671 726 1701 pars
741 1662 850 1691 ultima
878 1660 971 1691 Med.
990 1670 1057 1691 sec.
1077 1661 1186 1691 Oxou.
1205 1670 1285 1700 pr.a
1301 1671 1342 1690 m.
1361 1662 1499 1700 piu—72
1523 1660 1557 1689 in
1574 1659 1707 1690 schedis

238 1704 329 1735 Gud.
345 1710 396 1735 est
414 1705 588 1744 scriptum.
613 1704 743 1734 adhunc
759 1713 877 1733 versum
890 1703 1014 1733 nomina
1031 1712 1134 1733 eorum
1149 1703 1359 1743 Tyrannoram
1375 1705 1545 1733 notai-erat.
1574 1702 1708 1732 Maxen-

236 1747 300 1777 tius
323 1751 352 1777 et
370 1748 541 1786 Eugenius.
566 1747 665 1787 paulo
681 1750 757 1786 post
773 1757 779 1776 :
804 1745 1009 1783 Arbogaslus.
1032 1745 1172 1785 irrupere
1188 1755 1236 1785 pr.
1254 1745 1347 1776 Med.
1372 1755 1436 1775 sec.
1452 1746 1565 1777 Vatic.
1581 1750 1616 1776 et
1635 1745 1707 1775 Pal.

240 1792 324 1820 --73
354 1790 519 1820 Tractibus
537 1790 619 1820 Exc.
642 1789 783 1819 Lucens.
802 1798 851 1828 pr.
889 1787 1059 1818 Thracibus
1075 1788 1128 1818 ed.
1152 1789 1264 1819 Vicet.
1289 1789 1438 1819 Partibus
1465 1788 1516 1818 vel
1545 1786 1709 1818 Tractibus

239 1831 352 1864 Oxou.
374 1842 441 1863 see.
475 1833 608 1863 assiduis
630 1832 707 1862 Vat.
725 1833 861 1871 pia—74
885 1830 980 1861 Hunc
995 1830 1055 1861 sibi
1078 1830 1143 1861 inc.
1160 1831 1277 1862 Heius.
1296 1830 1434 1869 famulus
1451 1831 1524 1861 Pal.
1546 1830 1640 1861 Med.
1657 1839 1707 1870 pr.

900 1928 1041 1960 NOTAE

281 2009 324 2038 68
342 2005 505 2045 Machina,
521 2008 740 2045 concentusque
753 2005 833 2045 poli]
851 2004 948 2035 Ordo

241 2055 299 2087 ille
318 2056 466 2087 coelestis
481 2061 515 2087 et
539 2066 719 2096 corporum
745 2055 948 2094 coelestium,

241 2107 387 2147 statique
411 2110 447 2137 et
465 2106 680 2137 admirabiles
695 2116 812 2136 eorum
830 2115 948 2136 cursus

242 2157 276 2187 in
293 2156 467 2186 harmonia
485 2155 630 2195 quadam
653 2156 842 2186 consistere
858 2155 948 2186 dice-

242 2206 369 2237 bantur
387 2215 406 2235 a
422 2206 632 2245 Pythagora.

288 2255 377 2294 Poli]
402 2255 507 2293 Coeli3
533 2255 629 2294 polus
653 2254 790 2294 dicitur,
812 2255 873 2285 ἀπὸ
896 2256 952 2285 τοῦ

243 2307 365 2344 πολεῖν,
394 2307 525 2342 vertere,
556 2305 686 2342 volvere,
714 2305 803 2344 quod
820 2306 951 2335 Coeluui

244 2357 338 2388 Polis
355 2356 448 2387 velut
463 2354 656 2385 cardinibus
676 2354 766 2384 volvi
782 2354 944 2394 fingatur.

287 2410 330 2437 60
358 2405 506 2437 Traditus
531 2405 744 2444 servatusque]
770 2404 952 2444 Imperium

245 2456 403 2489 Orientis
438 2461 473 2486 et
510 2455 722 2486 commissum
762 2455 953 2487 Theodosio

245 2512 310 2548 est,
340 2511 375 2538 et
400 2507 516 2538 statim
540 2507 573 2536 in
599 2506 777 2546 pristinam
796 2507 953 2547 salutem,

246 2567 434 2600 pacemque
454 2558 669 2587 restitutum.

290 2611 333 2639 70
357 2608 442 2638 Pars
458 2608 574 2648 altera]
620 2607 792 2638 Occidens
810 2607 954 2645 scilicet,

248 2669 308 2692 seu
322 2659 509 2699 Imperium
526 2659 739 2691 Occidentis,

290 2713 330 2742 71
361 2711 417 2741 Bis
440 2720 576 2750 possessa
597 2709 704 2750 manu]
747 2709 955 2741 Theodosius

249 2759 381 2793 duobus
408 2759 585 2802 TyrannRS,
608 2759 760 2792 Maximo
785 2763 820 2791 et
843 2760 954 2800 Euge-

1003 2005 1071 2045 nio,
1086 2005 1271 2046 oppressis,
1289 2004 1339 2035 bis
1356 2004 1506 2045 possedit
1523 2002 1710 2044 Imperium

1005 2056 1218 2096 Occidentis,
1246 2055 1295 2086 bis
1318 2055 1381 2086 sibi
1408 2065 1468 2086 sua
1492 2054 1621 2085 virtute
1652 2063 1710 2095 pe·

1004 2107 1107 2148 perit.

1048 2160 1088 2188 73
1114 2157 1286 2188 Britannia
1303 2156 1410 2196 fudit]
1434 2156 1605 2187 Maximus
1634 2157 1711 2185 erat

1007 2218 1132 2248 genere
1157 2208 1345 2248 Hispanus,
1372 2207 1488 2237 domus
1509 2204 1713 2236 Theodosia-

1007 2268 1059 2288 nae
1089 2265 1216 2295 verna;
1252 2258 1320 2287 dux
1351 2262 1519 2296 strenuus,
1544 2255 1652 2295 fortis,
1675 2259 1712 2286 et

1007 2307 1209 2346 laudandus,
1226 2307 1251 2337 si
1271 2317 1336 2337 non
1360 2316 1399 2336 eo
1424 2306 1593 2346 snperbiae
1611 2306 1712 2337 deve-

1007 2357 1125 2396 nisset,
1140 2361 1179 2388 ut
1204 2367 1240 2388 se
1265 2357 1448 2388 Theodosii
1472 2355 1605 2387 affinem
1622 2356 1714 2387 dice-

1009 2412 1074 2446 ret,
1103 2412 1139 2437 et
1165 2407 1275 2437 animo
1297 2406 1441 2437 subdolo
1470 2406 1512 2436 de
1529 2404 1711 2445 tyrannide

1009 2457 1197 2497 cogitaret:
1235 2457 1362 2487 dicitur
1389 2460 1482 2486 ortus
1507 2465 1549 2485 ex
1574 2454 1712 2486 Britan-

1009 2506 1077 2546 nia,
1114 2506 1203 2547 quod
1238 2506 1316 2536 inde
1348 2506 1496 2545 legiones
1521 2504 1710 2545 eduxisset,

1009 2566 1085 2586 nam
1098 2566 1176 2586 vere
1191 2555 1257 2586 fuit
1274 2555 1458 2594 Hispanus.

1051 2609 1092 2637 74
1142 2607 1315 2636 Germanus
1352 2606 1438 2645 exul]
1504 2605 1713 2645 Arbogastes

1010 2657 1171 2694 Francus,
1187 2655 1241 2695 qui
1259 2655 1450 2686 Germanus
1468 2655 1607 2694 dicitur,
1633 2655 1713 2696 quia

1010 2706 1130 2737 Franci
1147 2716 1165 2736 e
1179 2706 1360 2737 Germanis
1372 2705 1506 2735 oriundi
1519 2710 1609 2736 sunt.

1052 2754 1233 2796 Famulum]
1258 2755 1426 2787 Clientem
1441 2755 1630 2796 Eugenium
1646 2755 1715 2787 ele-
