1852 3193
210 234 294 274 ‘254

671 245 746 275 CL.
780 244 1065 275 CLAUDIANI
1102 243 1211 274 Vlll.

212 343 464 383 Intcreunt:
496 342 592 383 haec
615 343 708 382 sola
730 344 893 389 manet,
917 341 1144 392 bustoque
1169 345 1396 394 superstes

210 410 384 451 Evolat.

446 410 578 450 Hunc
596 410 685 449 alta
704 408 869 461 capitis
891 407 1094 448 fundavit
1116 408 1157 448 in
1178 421 1278 449 arce

1587 407 1672 448 235

210 477 533 519 Mandatricem
556 489 746 529 operum,
769 479 1195 529 prospecturamque
1216 476 1370 516 labori.

207 545 318 586 Illas
340 545 520 586 inferius
543 545 677 593 collo,
700 551 1015 598 praeceptaque
1036 557 1219 585 summae

208 612 426 653 Passuras
447 612 653 660 dominae,
675 611 808 664 digna
828 611 1020 652 statione
1040 610 1224 652 locavit.

208 679 389 733 Quippe
411 680 560 733 opifex
578 679 742 720 veritus
764 678 1027 719 confundere
1049 691 1176 719 sacra
1197 676 1413 731 profanis,

209 747 450 789 Distribuit
468 750 610 800 partes
631 747 802 796 animae,
826 747 1043 800 sedesque
1066 746 1268 786 removit.

1579 743 1664 785 240

208 814 326 855 Iram
347 815 568 868 sanguinei
588 816 708 867 regio
726 815 807 855 sub
830 818 1004 867 pectore
1026 814 1169 855 cordis

207 881 409 935 Protegit
429 883 641 923 imbutam
662 882 866 931 flammis,
889 881 1152 934 avidamque
1173 880 1375 930 nocendi,

203 983 364 1018 pereuntes
386 990 453 1010 cum
477 990 601 1019 corpore
624 980 816 1010 moriuntur:
838 980 903 1010 Izoec
919 983 1055 1009 remanet
1070 989 1143 1017 una,
1159 981 1189 1008 et
1205 979 1307 1008 vivens
1331 981 1406 1018 post
1423 987 1531 1016 rogum
1546 978 1666 1009 exsilit.

205 1023 429 1053 Prometheus
445 1023 602 1052 collocavit
625 1022 703 1051 hanc
726 1023 758 1051 in
780 1023 858 1052 celso
874 1022 988 1051 verlice
1003 1021 1126 1060 capitis,
1144 1022 1366 1059 imperaturam
1374 1020 1537 1058 facienda,
1552 1023 1582 1050 et
1597 1031 1668 1060 pro-

203 1065 337 1095 visuram
353 1064 503 1103 operibus.
550 1064 673 1094 Posuit
695 1063 777 1101 illas,
794 1063 998 1093 sentientem
1014 1067 1050 1092 et
1073 1067 1307 1100 vegetantem,
1322 1062 1409 1098 infra
1424 1064 1582 1100 cervicem,
1596 1073 1667 1103 per-

204 1108 322 1137 !oturas
338 1107 370 1136 in
388 1108 451 1136 Ioco
475 1111 548 1145 opto
570 1105 703 1145 imperia
732 1105 861 1142 Reginoe
875 1114 1035 1144 supremoe.
1084 1104 1211 1134 Etenim
1244 1105 1375 1134 Creator
1405 1104 1518 1134 timens
1539 1105 1667 1136 miscere

203 1159 291 1178 sacra
307 1158 384 1178 cum
397 1148 536 1188 impuris,
551 1147 705 1187 separarit
721 1149 807 1178 sedes
821 1147 934 1177 anima?
949 1150 980 1176 et
996 1146 1167 1177 mansiones
1182 1146 1289 1176 divisit
1304 1146 1345 1175 ab
1363 1145 1520 1178 invicem.
1565 1148 1668 1188 Regio

204 1191 356 1231 quaedam
372 1190 426 1221 sub
442 1190 597 1221 domicilio
613 1189 711 1220 cordis
726 1190 910 1230 sanguinem
925 1188 1083 1220 facientis
1091 1188 1181 1226 fovet
1197 1188 1392 1220 iracundiam
1407 1188 1562 1220 incensam
1581 1191 1669 1231 igne,

817 1284 1052 1296 aeaeaeaeaeaeaeaeaeaeaeae

204 1343 265 1372 234
291 1340 449 1370 Intereant
479 1339 559 1369 Vat.
587 1348 639 1378 pr.
670 1338 833 1369 Heinsius
856 1338 1033 1379 sequentia
1059 1338 1285 1378 ascripserat:
1310 1339 1318 1355 ‘
1335 1339 1420 1369 Haec
1434 1342 1469 1370 et
1494 1339 1670 1380 sequentia

204 1383 317 1414 omnia
333 1392 376 1413 ex
392 1383 521 1413 'l‘imaeo
534 1382 689 1412 Platonis
703 1382 826 1412 hausit.
859 1381 932 1412 Cic.
952 1381 1026 1411 Lib.
1046 1391 1070 1411 1.
1088 1381 1190 1412 Tusc.
1208 1382 1339 1414 Quaest.
1358 1382 1440 1422 Ejus
1454 1386 1573 1413 auctor
1590 1382 1668 1413 Pla-

205 1431 240 1457 to
256 1426 424 1466 triplicem
449 1424 547 1465 fingit
569 1425 724 1455 animam.
744 1424 811 1455 vid.
826 1424 873 1454 ibi
891 1434 984 1465 seqq.
1004 1425 1103 1455 Hanc
1119 1424 1274 1455 Platonis
1293 1425 1497 1455 sententiam
1515 1425 1667 1456 Galenus

204 1468 326 1510 probat·
343 1477 382 1498 ac
406 1468 529 1507 passim
555 1468 722 1507 seqnitur,
751 1467 815 1497 etsi
841 1466 1019 1497 Aristoteli
1045 1467 1281 1507 improbatam.
1307 1467 1375 1498 vid.
1396 1467 1466 1499 Jnl.
1483 1468 1666 1498 Firmicum

205 1515 325 1543 contra
343 1516 462 1551 gentes
478 1520 512 1551 p.
530 1513 561 1541 8.
579 1510 634 1541 ed.
659 1510 758 1540 Leid.
782 1510 814 1540 in
832 1513 862 1540 4.
885 1510 1003 1541 Ouzel.
1022 1520 1055 1550 p.
1073 1513 1125 1541 74.
1148 1510 1319 1542 XVouwer.
1345 1510 1378 1540 in
1402 1511 1534 1541 Minue.
1561 1520 1596 1550 p.
1615 1513 1668 1541 21.

204 1555 432 1585 Elmenhorst.
451 1563 483 1594 p.
501 1553 677 1584 37.'—236
698 1556 992 1593 prospecturamque
1016 1554 1155 1584 laborum
1185 1554 1269 1584 Lov.
1303 1554 1599 1594 perspectrz'cemque
1622 1554 1664 1583 la-

204 1597 311 1627 borum
327 1597 447 1627 Petav.
462 1606 512 1636 pr.
534 1599 835 1636 proespecturamque
852 1597 976 1627 Moret.
994 1605 1061 1627 sec.
1089 1599 1378 1636 perspecturamque
1395 1597 1480 1637 Reg.
1504 1596 1668 1635 spectatri-

203 1649 325 1679 cemque
340 1638 479 1669 laborum
495 1639 575 1669 Vat.
591 1639 700 1679 quint.
737 1638 1031 1678 prospectricemque
1047 1639 1174 1669 Moret.
1195 1649 1246 1678 pr.
1261 1639 1340 1670 Jun.
1357 1640 1438 1669 Vat.
1453 1642 1561 1679 quart.
1579 1648 1666 1669 unus

205 1682 283 1712 Pet.
297 1680 418 1712 Ambr.
434 1691 503 1712 sec.
515 1691 558 1712 m.
574 1692 641 1712 sec.
665 1681 802 1711 laborum
814 1681 941 1711 Moret.
957 1683 1113 1720 piu-237
1133 1681 1205 1711 Illis
1220 1681 1454 1711 'mnan—238
1467 1681 1561 1719 digne
1578 1681 1667 1720 Reg-

202 1727 310 1755 —239
331 1724 516 1763 conjungere
530 1728 638 1755 sancta
656 1725 784 1754 Moret.
803 1733 870 1754 sec.
900 1723 1089 1753 committere
1106 1723 1181 1753 Pal.
1200 1723 1293 1753 Med.
1313 1733 1362 1763 pr.
1393 1733 1482 1753 sacra
1498 1724 1576 1754 Vat.
1595 1732 1665 1754 sec·

200 1770 308 1798 sancta
323 1767 472 1798 sedecim
485 1767 660 1798 alit—240
673 1767 791 1797 remisit
807 1767 907 1796 Farn.
924 1775 968 1796 m.
987 1768 1145 1804 pre—241
1164 1766 1261 1805 Iram,
1277 1765 1344 1796 vid.
1360 1766 1436 1796 Vni.
1454 1766 1596 1797 Maxim.
1610 1774 1667 1797 lx,

204 1812 234 1842 3.
252 1810 376 1841 Horat.
394 1810 504 1841 Carni.
522 1819 545 1840 1.
570 1812 731 1840 16.-242
756 1809 920 1840 imbustam
939 1808 1035 1839 Leid.
1050 1811 1210 1848 piu-3⁴3
1234 1808 1336 1839 rabies
1351 1809 1430 1840 Jun.
1457 1818 1506 1848 pr.
1523 1809 1667 1840 tumescit

868 1883 1007 1914 NOTAE

245 1951 307 1980 234
332 1947 428 1987 Hoec]
475 1947 598 1978 Anima
630 1946 771 1979 rationis
800 1947 907 1988 parti-

201 2010 283 2041 ceps
306 2000 377 2030 sola
404 1999 501 2038 vivit,
526 1999 596 2029 sola
623 2003 809 2040 superstes,
833 2007 906 2029 cor-

202 2060 285 2092 pore
303 2051 335 2081 in
353 2059 440 2092 pyra
464 2055 627 2090 cremato,
650 2050 765 2081 evolat
781 2050 815 2079 in
833 2049 905 2080 Coe-

201 2102 281 2132 lum.

244 2154 306 2182 235
334 2151 442 2189 Hanc]
466 2150 621 2181 Animam
644 2151 782 2182 rationis
799 2151 904 2191 parti-

201 2201 311 2241 cipem
340 2200 519 2230 collocavit
546 2201 578 2230 in
598 2201 725 2240 capite,
743 2205 902 2241 tanquam

201 2253 236 2284 in
260 2260 351 2289 arce,
369 2251 402 2280 in
420 2260 498 2291 qua,
522 2255 560 2280 ut
587 2251 731 2290 Regina,
759 2252 904 2290 imperat

202 2300 373 2340 facienda,
404 2300 628 2341 providetque
667 2301 766 2331 rebus
799 2301 903 2332 omni-

201 2352 276 2383 bus.

244 2403 307 2432 236
330 2399 462 2440 Labori]
487 2400 562 2432 Quo
580 2399 648 2431 vita
663 2400 808 2430 humana
824 2410 901 2431 con-

201 2455 290 2483 stat:
325 2451 451 2492 quippe
480 2450 550 2481 vita
579 2450 675 2481 labor
703 2456 753 2480 est
783 2460 902 2491 perpe-

201 2506 290 2533 tuus.

243 2554 306 2582 237
331 2550 423 2590 Illas]
446 2550 658 2582 Sentientem
683 2554 719 2581 et
745 2554 903 2590 vegetan-

202 2607 271 2634 tem
295 2601 434 2631 int'erins
467 2602 657 2641 collocavit,
687 2606 724 2631 ut
753 2611 795 2632 ex
827 2601 900 2642 ipso

198 2654 276 2684 loco
289 2651 464 2690 inferiore,
478 2652 510 2682 in
525 2662 590 2692 quo
602 2652 797 2683 constitutae
812 2658 901 2689 sunt,

200 2704 335 2734 discant
364 2713 485 2743 parere
513 2702 645 2743 animae‚
671 2703 836 2743 superiori
867 2703 898 2733 in

201 2754 280 2784 sede
298 2754 466 2793 regnanti.

242 2805 306 2833 239
331 2803 463 2845 Opisex]
496 2803 734 2844 Prometheus,
764 2804 818 2835 vel
839 2813 899 2845 po-

964 1947 1029 1977 tius
1045 1947 1158 1978 divina
1176 1948 1404 1988 providentia.

1005 1997 1101 2028 Sacra
1126 1997 1282 2038 profanis]
1331 1998 1492 2028 Metuens
1523 1996 1668 2029 confun-

962 2047 1042 2078 dere
1060 2048 1203 2078 animam
1220 2048 1360 2078 rationis
1374 2053 1576 2088 compotem,
1588 2058 1665 2090 quae

961 2103 1011 2128 est
1023 2108 1120 2129 sacra
1137 2103 1239 2140 atque
1255 2099 1263 2114 ‘
1281 2098 1404 2130 divinae
1422 2099 1592 2139 particula
1608 2109 1666 2130 au·

960 2149 1032 2187 rae‚'
1049 2159 1124 2180 cum
1153 2149 1316 2190 profanis,
1343 2150 1406 2181 hoc
1423 2153 1488 2188 est,
1504 2159 1579 2180 cum
1605 2149 1666 2180 im-

960 2200 1053 2239 puris
1069 2200 1283 2240 terrenisque
1303 2200 1477 2230 animabus
1493 2201 1666 2231 sentiente

959 2254 995 2280 et
1011 2255 1206 2290 vegetante,
1222 2260 1296 2290 quae
1315 2260 1333 2280 e
1347 2250 1493 2280 materia
1505 2247 1663 2280 conflatae

960 2304 1050 2336 sunt,
1067 2304 1102 2330 et
1125 2310 1198 2340 quat²
1225 2309 1337 2330 secum
1367 2300 1505 2331 trahunt
1530 2304 1664 2340 pertur-

960 2350 1114 2380 bationes
1132 2351 1245 2389 animi,
1268 2355 1306 2381 ut
1331 2351 1427 2390 iram,
1452 2351 1591 2389 odium;
1614 2360 1665 2382 se-

958 2400 1017 2432 des
1045 2410 1158 2431 earum
1187 2402 1334 2432 oninium
1358 2402 1541 2442 separavit,
1558 2406 1661 2443 atque

958 2451 1137 2482 distinxit:
1163 2451 1249 2482 adeo
1272 2457 1310 2482 ut
1337 2461 1379 2482 ex
1407 2452 1472 2482 illis
1494 2461 1559 2483 una
1582 2460 1660 2492 pars

959 2506 1050 2532 esset
1067 2502 1221 2541 superior
1234 2512 1242 2540 3
1269 2502 1380 2532 altera
1394 2501 1548 2532 inferior.

1000 2554 1060 2582 241
1090 2552 1218 2582 Pectore
1242 2551 1357 2592 cordis]
1391 2550 1461 2582 Sub
1488 2550 1659 2581 domicilio

956 2602 1080 2641 cordis,
1102 2603 1164 2632 sub
1190 2602 1307 2632 intimo
1325 2601 1447 2639 corde;
1471 2600 1528 2631 ubi
1544 2600 1659 2632 sedem

954 2652 1013 2683 irae
1030 2652 1200 2683 Platonici
1215 2658 1395 2691 reponunt,
1408 2651 1573 2692 simulque
1586 2650 1660 2682 fon·

955 2708 1024 2734 tem
1041 2702 1233 2743 sanguini53
1256 2701 1344 2742 quod
1364 2702 1517 2732 ultimum
1535 2700 1660 2733 astruit

954 2753 1173 2792 Aristoteles,
1189 2757 1224 2784 et
1240 2758 1359 2783 contra
1376 2752 1545 2783 Galenum
1562 2751 1658 2783 alios-

954 2814 1019 2846 que
1035 2804 1186 2835 medicos
1200 2803 1298 2835 multi
1313 2803 1537 2834 recentiores,
