1842 3193
236 203 293 244 56
813 209 1122 242 'rnsrrmomA

235 311 395 363 praeter
421 307 586 361 ingenii
613 312 912 358 monumenta,
935 320 1035 361 quae
1060 305 1115 346 de
1152 317 1199 345 se
1231 303 1496 359 praedicant,
1527 305 1572 345 in
1600 305 1695 347 vita

236 381 386 417 tantus
402 377 498 426 fuit,
520 383 571 417 ut
591 375 787 417 Arcadio
811 376 1104 428 Honorioque
1131 377 1294 426 gratus,
1317 373 1607 427 amplissimis
1638 375 1698 416 ab

233 448 422 498 utroque
441 445 691 486 muneribus
713 444 1017 484 honestaretur
1036 447 1080 483 et
1099 441 1278 491 statua,'
1299 444 1378 483 διο.

495 553 602 594 Piso
623 556 668 594 et
688 553 825 594 Picus
846 566 954 607 puer
972 552 1094 606 apud
1116 551 1376 606 Gyraldum.

297 647 309 665 ‘
333 643 472 685 Istius
502 656 582 696 ego
614 643 771 684 Po'etae
795 656 820 683 a
843 643 996 696 primis
1017 655 1158 696 usque
1192 643 1321 683 annis
1356 643 1584 684 studiosus
1604 642 1695 684 fui:

236 710 336 765 ejus
357 712 473 752 enim
494 712 597 752 mihi
620 724 796 752 carmen
815 723 903 752 non
926 724 1134 751 sonorum
1153 711 1287 752 modo
1325 716 1372 751 et
1403 711 1596 764 elegans,
1621 709 1699 751 sed

237 785 281 819 et
309 780 512 820 floridum
535 793 706 834 semper
722 781 867 820 visum
899 785 992 822 est:
1023 780 1142 821 idem
1163 779 1311 821 dicere
1332 779 1443 821 velle
1463 778 1698 820 videbatur

237 858 347 899 puer
369 846 534 888 Picus.'

337 945 594 1000 Stephanus
617 946 848 987 Claverius
870 948 915 987 in
936 946 1069 987 Praef.
1091 946 1148 987 ad
1172 945 1408 987 Claudiani
1428 944 1592 986 Annot.

297 1035 572 1076 Claudianus
596 1036 752 1085 Po‘eta,
775 1039 787 1056 ‘
806 1037 881 1089 qui
916 1050 1005 1077 non
1042 1037 1200 1089 injuria
1230 1037 1469 1085 maximus,
1493 1035 1625 1085 altus,
1659 1038 1702 1076 et

237 1103 463 1143 animosus
485 1103 661 1144 audiat.
677 1133 685 1141 .
700 1134 709 1144 .
723 1103 905 1152 ‚Poeta,
927 1117 1055 1156 quem
1087 1104 1133 1143 in
1167 1103 1331 1144 osculis
1350 1103 1544 1144 habebat
1563 1103 1592 1144 J
1596 1116 1701 1145 aco-

236 1168 321 1209 bus
342 1170 416 1210 ille
436 1169 662 1224 Cujacius'
683 1170 712 1211 J
717 1170 1097 1211 ureconsultorum
1117 1170 1286 1224 aquila.

366 1279 396 1320 J
402 1285 527 1321 ustus
546 1280 745 1334 Lipsius,
768 1280 839 1323 De
860 1279 1165 1332 Magnitudine
1183 1279 1406 1331 Romana,
1427 1280 1456 1321 l.
1479 1292 1509 1320 1.
1529 1280 1572 1322 2.

298 1372 310 1390 ‘
329 1368 486 1410 Habes
508 1369 718 1423 pleraque
739 1369 941 1409 versibus
971 1370 1027 1410 iis
1056 1371 1111 1411 ab
1145 1370 1234 1412 alto
1266 1369 1539 1411 et·animoso
1560 1368 1703 1411 Poeta

236 1436 362 1492 (talis
382 1438 463 1479 fuit
485 1436 781 1492 Claudianus)
796 1437 987 1478 inserta?

410 1547 439 1588 J
444 1560 609 1590 oannes
630 1549 894 1589 Borcholten
919 1553 964 1589 et
984 1547 1177 1589 Vinnius
1198 1547 1226 1588 J
1232 1547 1530 1589 urisconsulti.

300 1641 312 1659 ‘
336 1637 439 1678 Huc
462 1638 684 1691 pertinent
704 1638 1024 1691 elegantissimi
1045 1643 1089 1678 et
1110 1638 1389 1692 antiquitatis
1410 1637 1531 1691 pleni
1545 1650 1703 1678 versus

241 1705 477 1747 Claudiani
512 1707 555 1746 in
591 1711 747 1760 quarto
771 1706 1018 1748 Consulatu
1054 1706 1263 1756 Honorii‚
1285 1704 1455 1760 Aspice
1485 1717 1595 1746 mox
1626 1705 1704 1747 lae-

241 1773 363 1825 tum,'
382 1776 461 1815 &c-
524 1775 613 1816 Sed
643 1775 761 1816 idem
778 1775 1050 1817 Borcholten
1076 1775 1195 1815 male
1215 1775 1368 1816 tribuit
1388 1772 1590 1815 Ausonio
1619 1773 1704 1814 hoc

244 1841 514 1893 Distichum,
537 1845 549 1864 ‘
572 1843 781 1897 Direptas
803 1844 911 1898 quid
933 1844 1105 1898 plangis
1126 1841 1265 1897 opes,'
1288 1845 1368 1884 Sco.
1430 1838 1549 1882 Nam
1572 1841 1705 1882 Clau-

243 1908 361 1950 diani
382 1912 526 1952 nostri
547 1915 627 1962 est,
643 1913 730 1961 cui,
753 1925 810 1952 ex
823 1911 986 1953 Vinnio
1003 1911 1032 1953 J
1036 1912 1289 1966 urisperito,
1313 1908 1435 1964 lepidi
1440 1908 1531 1964 joci
1547 1909 1593 1950 in
1615 1909 1706 1950 Eu-

241 1978 435 2030 tropium
455 1980 687 2020 materiam
704 1979 849 2019 tribuit
870 1980 1067 2034 parentis
1098 1979 1359 2034 appellatio.

519 2089 666 2131 Julius
685 2090 837 2132 Caesar
853 2090 1065 2143 Scaliger,
1087 2089 1218 2132 Poe't.
1249 2090 1279 2130 l.
1300 2100 1364 2131 vl.
1387 2090 1427 2131 5.

303 2181 315 2198 ‘
340 2177 568 2217 Maximus
601 2178 745 2219 Poe'ta
787 2178 1081 2227 Claudianus,
1113 2179 1206 2219 solo
1239 2182 1497 2231 argumento
1535 2177 1706 2230 ignobi-

241 2245 350 2286 liore
385 2257 647 2297 oppressus,
678 2244 799 2285 addit
819 2244 874 2284 de
894 2245 1083 2297 ingenio,
1107 2250 1317 2298 quantum
1340 2244 1466 2285 deest
1494 2246 1703 2288 materiae.

245 2311 377 2353 Felix
398 2312 442 2352 in
461 2325 514 2353 eo
534 2312 668 2362 calor,
686 2312 833 2353 cultus
853 2324 940 2352 non
960 2312 1147 2361 invisus,
1169 2316 1458 2365 temperatum
1471 2312 1704 2366 judicium,

245 2379 381 2420 dictio
403 2378 604 2429 candida,
624 2380 790 2420 numeri
809 2392 895 2419 non
918 2377 1128 2428 affectati,
1162 2384 1289 2420 acute
1308 2380 1429 2422 dicta
1448 2381 1588 2422 multa
1610 2381 1705 2421 sine

245 2447 479 2488 ambitione
492 2478 501 2487 .
515 2446 696 2488 ...Libri
720 2446 773 2487 de
789 2445 942 2500 Raptu
958 2445 1234 2500 Proserpinae
1253 2451 1351 2488 sunt
1367 2447 1560 2498 candidi,
1579 2447 1704 2498 culti,

245 2515 364 2565 tersi,
386 2513 634 2555 numerosi.'

816 2596 957 2648 Idem,
979 2598 1009 2639 1.
1033 2610 1077 2639 V.
1095 2599 1137 2639 6.

301 2686 426 2728 Idem
457 2687 520 2728 ait
552 2686 757 2741 quaedam
779 2686 1012 2728 Claudiani
1049 2688 1246 2730 carmina
1265 2691 1277 2709 ‘
1301 2689 1572 2743 speciosiora
1604 2703 1703 2732 esse

248 2768 380 2810 quam
401 2754 896 2798 Ovidiana....Cereris
930 2769 1101 2797 currum
1133 2760 1220 2797 tam
1254 2756 1539 2808 Claudianus,
1569 2771 1703 2812 quam
