1852 3193
205 172 291 214 332
688 188 762 218 cr„
797 186 1075 218 CLAUDIANI
1111 187 1164 217 x.

205 278 449 323 Cunctatur
470 282 720 336 stupefacta
741 283 906 323 Venus.
970 281 1103 323 Nunc
1128 296 1204 324 ora
1226 285 1405 338 puellae,

205 346 339 388 Nune
362 348 520 389 flavam
542 350 669 390 niveo
690 350 872 389 miratur
894 350 1056 390 vertice
1079 356 1273 393 matrem.

204 414 321 456 Haec
344 416 475 455 modo
498 416 724 464 crescenti,
747 416 890 468 plenae
912 429 993 469 par
1015 418 1152 458 altera
1173 418 1328 460 Lunae.

203 480 409 534 Assurgit
431 496 511 523 eeu
533 483 644 524 sorte
664 484 809 524 minor
831 485 912 524 sub
935 491 1070 525 matre
1092 486 1249 527 virenti

202 548 388 598 Laurus,
411 554 453 590 et
474 551 665 602 ingentes
687 564 848 601 ramos,
872 551 1066 605 olimque
1088 552 1259 594 suturas
1578 554 1664 596 245

203 615 431 657 Promittit
447 617 541 670 jam
560 631 697 671 parva
716 632 868 660 comas
887 633 896 660 t
931 621 1004 661 vel
1021 621 1126 661 flore
1148 623 1229 662 sub
1250 636 1339 663 uno

203 682 292 724 Ceu
314 685 497 736 geminae
523 686 734 727 Paestana
754 699 869 727 rosae
891 700 968 740 per
980 688 1136 741 jugera
1154 694 1346 741 regnant.

201 750 319 792 Haec
342 752 465 805 largo
487 759 659 794 matura
690 754 781 803 die,
803 759 1087 808 saturataque
1115 757 1262 797 vernis

200 818 399 861 Roribus
417 822 613 874 indulget
633 824 780 875 spatio
805 837 813 863 :
836 823 941 864 latet
962 823 1096 864 altera
1114 824 1245 873 nodo,

200 885 300 927 Nec
317 890 477 929 teneris
499 890 634 930 audet
654 890 772 930 soliis
796 891 1028 932 admittere
1051 892 1184 931 soles.
1575 894 1663 935 250

198 952 367 1003 Astitit‚
391 959 435 996 et
455 956 613 996 blande
636 957 827 996 Mariani
852 957 1070 1010 Cytherea
1092 959 1270 1000 salutat.

254 1021 405 1072 Salve,
428 1024 610 1064 sidereae
633 1025 787 1076 proles
811 1028 999 1076 augusta
1019 1025 1213 1075 Serenae,

196 1086 458 1140 Mag-norum
480 1091 661 1130 soboles
685 1091 873 1143 Regum,
893 1092 1180 1145 parituraque
1204 1092 1368 1146 Reges.

193 1223 375 1263 capillorum
387 1225 536 1265 dispergi.
582 1227 699 1259 Statim
715 1229 831 1260 veritas
842 1230 959 1270 patuit,
981 1234 1011 1262 et
1026 1231 1095 1262 Dea
1112 1231 1242 1272 effulsit.
1293 1231 1395 1262 Venus
1409 1233 1546 1265 attonita
1563 1244 1662 1266 rema-

192 1269 264 1297 net:
280 1269 366 1297 modo
393 1268 581 1309 obstupescit
602 1272 863 1311 pulchritudinem
881 1275 1005 1313 igneam
1013 1311 1015 1314 Ι
1017 1274 1108 1314 filioe,
1130 1276 1217 1305 modo
1234 1277 1364 1305 matrem
1380 1276 1544 1307 micantem
1560 1278 1662 1318 capite

193 1319 268 1339 cano
281 1319 291 1338 :
315 1320 376 1341 una
406 1311 518 1341 similis
546 1318 597 1344 est
625 1314 723 1345 Lunoe
748 1317 907 1356 crescenti,
922 1318 1020 1348 altera
1035 1318 1133 1357 plenoe
1148 1318 1269 1348 Lunae:
1287 1320 1539 1357 quemadmodum
1555 1321 1662 1352 laurus

183 1350 274 1386 sorte
286 1351 416 1390 inferior
430 1355 587 1386 attollitur
608 1357 661 1386 sub
675 1360 773 1388 matre
786 1359 968 1398 virescente,
990 1364 1019 1390 et
1034 1370 1131 1400 parva
1146 1360 1216 1398 jum
1228 1361 1390 1400 pollicetur
1405 1371 1505 1392 ramos
1519 1373 1663 1403 magnos,

192 1397 223 1424 et
239 1395 385 1426 verticem
392 1395 539 1433 futurum
555 1400 740 1439 aliquando:
762 1402 809 1431 rel
834 1404 1083 1441 quemadmodum
1110 1405 1181 1434 αμα»
1207 1413 1284 1433 rosoe
1309 1404 1502 1444 triumphant
1528 1406 1585 1436 sub
1601 1416 1661 1437 uno

191 1437 308 1467 ramulo
331 1448 387 1477 per
411 1450 504 1478 agros
524 1441 703 1473 Poestanos:
720 1443 784 1474 hoec
800 1448 922 1475 matura
938 1445 979 1476 ob
995 1447 1125 1477 multum
1142 1450 1270 1486 tempus,
1285 1450 1314 1477 et
1330 1448 1447 1478 satiata
1462 1448 1582 1479 roribus
1603 1449 1662 1479 Ve-

190 1479 247 1518 ris,
260 1481 436 1519 porrigitur
449 1482 480 1512 in
491 1483 554 1514 loco
567 1495 578 1520 ;
589 1486 687 1516 altera
703 1486 858 1517 delitescit
871 1488 932 1518 sub
949 1490 1038 1528 nodo,
1054 1499 1149 1528 neque
1160 1490 1252 1519 audet
1263 1489 1397 1529 recipere
1414 1491 1528 1520 calores
1532 1490 1661 1528 frondi-

192 1521 246 1551 lms
269 1524 419 1556 delicatis,
471 1526 571 1557 Venus
595 1529 686 1558 stetit
709 1539 815 1569 prope,
832 1533 862 1560 et
875 1531 1042 1571 alloquitur
1057 1532 1188 1573 officiose
1205 1532 1356 1562 Mariam.
1402 1532 1481 1572 Ave,
1495 1533 1596 1575 ofilia
1608 1544 1663 1565 au-

188 1567 285 1601 gusta
300 1566 426 1598 Serenoe
441 1569 570 1609 dit-inm,
580 1572 747 1610 progenita
767 1573 808 1602 ab
827 1574 1070 1613 Imperator-ibus
1087 1574 1277 1615 ingentibus,
1294 1578 1324 1605 et
1338 1576 1543 1615 progenitura
1559 1577 1661 1618 Impe-

807 1646 1040 1658 eeeeeeeeeeee

191 1689 313 1722 decem
345 1692 452 1724 Codd.
483 1695 642 1736 lumenque
667 1698 718 1728 vel
745 1708 914 1739 numenque
937 1701 1191 1740 Vat.p1·.—242
1214 1701 1330 1731 crinem
1343 1701 1600 1742 &impia—243
1625 1704 1659 1735 hi

191 1735 339 1775 quinque
364 1746 480 1767 versus
509 1747 608 1769 manu
634 1741 763 1771 recenti
781 1743 924 1783 ascripti
941 1748 1037 1774 eraut
1064 1743 1098 1773 in
1125 1744 1205 1774 Vat.
1229 1754 1281 1783 pr.
1310 1745 1397 1774 modo
1413 1746 1561 1776 crescenti
1576 1747 1658 1778 Vat.

190 1785 259 1807 sec.
284 1777 389 1810 Oisel.
417 1784 486 1809 tres
514 1781 608 1812 Med.
627 1783 709 1821 Reg.
728 1784 857 1815 Moret.
888 1794 959 1816 500.
979 1786 1102 1816 Petav.
1121 1790 1200 1816 tert.
1220 1786 1299 1817 Ald.
1316 1791 1352 1817 et
1364 1786 1417 1818 ed.
1433 1788 1548 1818 Vicet.
1579 1799 1658 1821 nova

190 1818 286 1849 Leid.
304 1830 356 1860 pr.
375 1831 450 1851 cum
467 1822 647 1854 duodecim
666 1826 752 1863 aliis,
768 1827 851 1857 Exc.
868 1828 966 1859 Laeti.
985 1828 1130 1858 Lucens.
1148 1838 1215 1858 sec.
1233 1833 1267 1858 et
1285 1828 1393 1859 (tolin.
1408 1839 1486 1859 nova
1501 1831 1555 1861 vel
1568 1834 1657 1863 modo

186 1860 268 1892 Vat.
286 1866 366 1894 tert.
381 1863 502 1896 Petav.
527 1865 608 1896 Lov.
623 1877 698 1906 pars
711 1869 809 1899 altera
828 1869 1040 1901 Oisel.-——244
1055 1871 1216 1909 Assurgit.
1234 1880 1309 1901 cuin
1322 1870 1429 1912 τελείᾳ
1446 1875 1566 1915 στιγμῇ
1578 1874 1656 1906 Vat.

189 1912 256 1935 sec.
274 1909 308 1934 et
325 1909 405 1936 tert.
441 1917 493 1937 seu
503 1907 592 1945 forte
605 1909 687 1941 Lov.
704 1910 770 1942 duo
788 1912 1022 1944 Petav.—246
1045 1913 1211 1944 Permutat
1231 1913 1300 1952 jam
1315 1924 1411 1953 parra
1423 1914 1502 1946 Jun.
1519 1925 1569 1956 pr.
1602 1918 1657 1948 sub

186 1946 248 1976 imo
265 1947 393 1979 Thuau.
410 1949 539 1981 Mazar.
555 1952 796 1985 'fumos—247
820 1965 872 1986 seu
890 1956 974 1995 Reg.
994 1956 1141 1986 Poessana
1156 1957 1239 1986 Var.
1259 1957 1328 1987 LL.
1347 1957 1400 1987 ed.
1416 1956 1523 1989 Antv.
1560 1959 1593 1990 in
1602 1960 1658 1998 ju-

185 1997 263 2026 gera
288 1990 368 2021 Vat.
401 2001 450 2031 pr.
473 2002 549 2023 nova
578 2004 634 2033 per
650 1995 734 2035 ⁸juga
759 1997 961 2029 Pric.——248
985 2008 1149 2038 securaque
1178 1999 1270 2030 Prie.
1300 1999 1381 2029 reris
1412 2000 1536 2033 Moret.
1562 2011 1657 2041 pr.—

187 2032 251 2061 249
276 2032 421 2064 Floribus
451 2035 545 2067 Med.
578 2041 659 2069 tert.
690 2039 774 2070 Cod.
806 2040 924 2080 Epigr.
954 2040 1073 2072 Ambr.
1104 2041 1259 2072 Imbribus
1289 2042 1413 2074 Moret.
1440 2052 1508 2074 sec.
1536 2043 1658 2076 Solibus

186 2073 281 2104 Med.
298 2085 364 2106 see.
390 2077 526 2108 Roribus
549 2080 601 2109 vel
616 2081 759 2112 Floribus
777 2082 889 2113 Oxou.
908 2093 976 2114 sec.
1006 2083 1142 2114 Roribus
1159 2083 1211 2114 vel
1229 2084 1352 2115 Solibus
1371 2085 1450 2117 Vat.
1467 2090 1545 2118 tert.
1568 2087 1656 2125 jacet

186 2117 287 2147 altera
309 2117 389 2148 Jun.
422 2124 582 2158 {in—250
615 2124 806 2155 committere
833 2126 913 2158 Pat.
950 2127 1142 2158 committere
1173 2127 1226 2158 vel
1255 2128 1420 2158 admittere
1446 2128 1534 2170 Reg.
1563 2130 1658 2161 solem

187 2157 281 2189 Pric.
310 2159 524 2193 Oisel.—251
551 2164 703 2196 Constitit
729 2167 823 2198 Med.
842 2178 911 2200 see.
940 2169 1083 2201 Mariam
1098 2169 1207 2201 blande
1237 2170 1330 2202 Prie.
1360 2174 1489 2202 matrem
1513 2172 1566 2203 vel
1582 2173 1657 2204 Ma-

848 2263 988 2294 NOTAE

227 2342 289 2371 241
316 2340 504 2382 Cunctatur]
543 2342 659 2375 Venus
696 2349 765 2376 stat
796 2347 890 2379 velut
988 2352 1052 2380 246
1077 2350 1200 2391 Comus]
1235 2351 1401 2384 Ostendit
1430 2362 1525 2395 spem
1548 2362 1652 2386 comae

185 2389 289 2420 dubia
303 2395 338 2421 et
356 2401 530 2433 suspensa,
547 2404 648 2435 quam
664 2396 767 2436 magis
785 2397 891 2428 admi·
945 2399 1119 2439 cujusdam
1133 2401 1281 2433 eximiae.

185 2443 292 2478 retur,
308 2449 349 2470 an
374 2445 519 2473 matrem
537 2443 710 2486 Serenam,
729 2455 770 2476 au
788 2446 889 2478 filiam
987 2449 1082 2481 Flore
1096 2450 1151 2481 sub
1168 2451 1244 2491 uno]
1268 2452 1338 2483 Sub
1368 2462 1433 2484 uno
1449 2453 1578 2484 ramulo
1597 2452 1654 2484 flo-

184 2489 352 2528 Mariam;
380 2501 520 2531 quarum
549 2493 637 2534 haec,
670 2494 780 2526 forma
806 2496 890 2537 iguis
945 2499 1031 2530 rido.

183 2538 291 2569 instar
306 2540 454 2572 micante
470 2553 478 2580 3
507 2543 576 2584 illa,
593 2546 780 2577 venerabili
797 2548 889 2578 cani-
985 2551 1047 2579 247
1073 2549 1237 2589 Paestana]
1272 2550 1362 2581 Urbs
1379 2551 1532 2583 Paestum
1548 2557 1600 2584 est
1616 2553 1650 2584 in

184 2587 244 2627 tie,
262 2591 448 2630 conspicua
467 2597 531 2624 est.
943 2599 1115 2639 Calabria,
1143 2599 1254 2631 Italiae
1284 2601 1433 2642 regione,
1455 2602 1489 2633 in
1517 2613 1583 2644 qua
1601 2603 1650 2635 bis

225 2641 287 2670 244
311 2640 375 2671 Sub
391 2642 506 2682 matre]
528 2643 643 2676 Arbor
653 2645 742 2676 enim
755 2650 808 2677 est
818 2656 887 2677 ma·
941 2659 1003 2689 per
1032 2659 1154 2680 annum
1179 2656 1366 2682 nascuntur
1394 2662 1490 2684 rosae.
1537 2654 1650 2695 Virgi-

184 2693 237 2719 ter
253 2690 404 2725 alterius.
450 2693 628 2738 Horatius,
651 2696 659 2713 ‘
676 2696 789 2738 Sylvae
816 2696 886 2731 filia
939 2701 1005 2732 lius
1020 2712 1026 2730 :
1053 2701 1062 2717 ‘
1076 2699 1244 2741 biferique
1261 2701 1390 2733 rosaria
1404 2703 1533 2735 Paesti)

182 2737 326 2770 nobilis:
982 2754 1046 2783 248
1071 2750 1217 2792 Matura]
1231 2752 1338 2786 Quasi
1349 2757 1482 2785 matura
1492 2755 1547 2796 sit,
1558 2755 1647 2797 quod
