1852 3193
252 188 335 230 168
767 199 841 231 cr..
875 198 1155 231 CLAUDIAM
1190 201 1234 229 v.

252 294 314 336 Ut
334 306 431 335 sese
451 294 569 348 legio
589 294 698 336 vidit
713 295 937 348 disjuncta
954 293 1153 347 relinqui,

248 362 473 415 Ingentem
495 363 611 403 tollit
629 364 847 416 gemitum,
871 363 1106 415 galeasque
1128 361 1285 403 solutis

246 429 519 472 Humectant
534 431 760 484 lacrymi53
793 442 1078 482 pressamque
1099 430 1320 471 morantia
1340 442 1498 472 vocem

242 496 494 540 Thoracum
510 498 685 540 validos
707 497 887 550 pulsant
908 498 1101 551 suspiria
1123 510 1285 539 nexus.
1618 500 1703 541 260

241 563 487 615 Tradimur,
508 567 608 615 heu,
630 568 884 618 tantumque
904 565 1028 618 sequi
1051 565 1331 618 prohibemur
1352 578 1558 617 amorem,

240 631 522 683 Exclamant,
547 633 771 686 spernisne
792 638 909 682 tuas,
929 632 1036 673 Dux
1056 633 1240 685 optime,
1262 632 1453 683 dextras,

241 697 369 749 Quas
387 702 465 741 tibi
489 702 692 741 victrices
713 701 851 740 toties
871 700 1060 741 Bellona
1080 700 1319 753 probavit?

241 766 343 807 Nos
365 768 476 809 adeo
497 770 645 810 viles?
679 769 789 809 adeo
808 768 981 809 felicior
1002 769 1098 809 axis

238 833 501 888 Hesperius,
520 836 672 876 meruit
689 836 766 889 qui
788 840 832 876 te
855 839 1023 877 rectore
1040 837 1210 878 teneri?
1615 836 1702 878 265

238 900 358 951 Quid
379 905 506 944 nobis
530 905 732 957 patriam,
751 904 855 957 quid
872 905 994 944 clara
1015 904 1212 944 revisere
1235 903 1412 945 tandem

236 967 441 1022 Pignora,
463 971 709 1010 dilectosve
725 971 854 1024 juvat
875 971 1068 1010 coluisse
1089 972 1295 1023 penates?

234 1034 299 1075 Te
322 1037 414 1076 sine
433 1037 559 1076 dulce
579 1036 702 1076 nihil.
763 1036 791 1077 J
797 1049 867 1077 am
887 1036 1124 1077 formidata
1142 1038 1311 1091 tyranni

229 1162 385 1193 exercitas
399 1166 558 1202 separatus
574 1163 695 1203 aspexit
709 1172 740 1194 se
764 1163 876 1203 deseri,
891 1162 1010 1194 emittit
1032 1172 1177 1202 magnum
1199 1162 1363 1201 gemitum,
1379 1167 1410 1194 et
1433 1164 1572 1203 aspergit
1587 1166 1695 1203 galeas

219 1205 352 1245 fletibus
367 1206 495 1245 obortis,
509 1216 544 1236 ac
560 1207 727 1245 singultus,
742 1206 915 1237 cohibentes
935 1216 1036 1236 vocem
1052 1206 1698 1246 compressam,distenduntfortesjunctw-

227 1257 280 1278 ras
294 1249 471 1279 loricarum.
514 1248 590 1279 Ah!
611 1250 784 1288 prodimur,
808 1252 838 1280 et
864 1252 1004 1279 vetamur
1027 1249 1170 1279 comitari
1197 1249 1330 1279 Ducem
1347 1252 1411 1279 tam
1427 1249 1602 1288 amabilem,
1618 1251 1698 1281 voci-

220 1290 394 1327 ferantur,-
425 1301 466 1322 an
485 1292 653 1322 contemnis
675 1293 805 1322 dextras
828 1291 904 1330 tibi,
927 1292 1007 1322 Dux
1024 1290 1213 1329 fortissime,
1237 1296 1306 1321 tam
1323 1290 1456 1331 fideles,
1473 1302 1548 1332 quas
1563 1293 1696 1324 Bellona

228 1333 321 1364 toties
335 1337 463 1373 experta
478 1337 523 1364 est
538 1337 718 1374 superantes
732 1342 794 1374 pro
807 1332 863 1365 te?
897 1344 952 1364 nos
973 1343 1083 1363 sumus
1110 1337 1174 1363 tam
1191 1332 1326 1372 abjecti?
1359 1335 1410 1364 Aa
1437 1338 1521 1365 terra
1546 1335 1696 1367 Occiden-

225 1376 300 1406 talis
315 1379 359 1406 est
375 1377 449 1407 adeo
457 1376 609 1414 faastior,
624 1387 691 1416 qaoe
704 1379 860 1407 mereatur
871 1376 1087 1407 administrari
1103 1385 1122 1406 a
1138 1380 1169 1407 le
1179 1375 1411 1415 gubernatore?
1436 1377 1520 1412 Quid
1536 1387 1693 1409 recenses

223 1418 364 1458 patriam
389 1417 497 1450 nobis?
535 1420 620 1454 Quid
650 1421 775 1450 tandem
791 1419 883 1457 jurat
917 1420 1048 1450 revisere
1079 1419 1181 1449 dulces
1210 1419 1333 1457 liberos,
1361 1422 1391 1450 et
1421 1420 1562 1451 habitare
1589 1421 1693 1451 domos

217 1459 398 1498 jucundas?
429 1462 551 1503 Absque
575 1466 605 1493 te
632 1462 711 1493 nihil
739 1467 790 1493 est
801 1462 996 1500 jucundum:
1025 1462 1094 1500 jam
1119 1461 1237 1499 injuria
1259 1463 1396 1494 timenda
1422 1463 1563 1504 Tyranni
1579 1462 1693 1494 Rufini

840 1557 1074 1569 eeeeeeeeeeee

224 1625 289 1653 257
311 1623 392 1654 vidit
417 1624 496 1663 legio
521 1625 600 1656 Pat.
627 1625 705 1657 Vat.
734 1635 800 1657 sec.
823 1624 920 1656 Leid.
949 1633 1018 1656 sec.
1046 1624 1126 1655 Ald.
1154 1625 1241 1656 Exe.
1264 1625 1408 1657 Gevart.
1430 1625 1584 1664 disjuncta
1609 1626 1692 1659 Vat.

223 1666 332 1696 Livin.
369 1668 529 1705 conjuncta
544 1668 640 1699 Leid.
657 1678 724 1699 sec.
756 1669 840 1699 Exc.
869 1668 1012 1699 Gevart.
1051 1667 1200 1699 distincta
1218 1668 1270 1698 vel
1287 1669 1439 1707 disjuncta
1478 1669 1562 1699 Exc.
1589 1669 1690 1701 Laeti.

222 1710 329 1739 —258
351 1711 467 1740 solatas
487 1711 618 1742 Thuan.
649 1711 832 1742 Par—259
866 1710 1060 1741 Humectant
1100 1710 1180 1741 Vat.
1220 1716 1330 1750 quart.
1364 1710 1489 1742 Petav.
1522 1721 1574 1751 pr.
1604 1712 1690 1743 Exc.

221 1751 367 1783 Lueens.
383 1762 453 1784 sec.
486 1753 656 1784 Hamectat
681 1754 794 1785 Vicet.
814 1754 862 1784 ita
879 1754 1023 1783 Gesner.
1043 1753 1292 1793 Eirinon—260
1318 1753 1454 1784 Thoraca
1472 1754 1580 1797 Oisel.
1609 1754 1690 1785 Tho-

221 1803 328 1825 racum
341 1795 396 1825 vel
423 1796 590 1826 Thoracem
614 1797 701 1836 Reg.
732 1797 880 1827 Thoracis
900 1796 1013 1826 Pulm.
1037 1805 1134 1826 nexus
1155 1796 1292 1835 suspiria
1314 1797 1439 1836 pulsant
1466 1797 1594 1828 Moret.
1618 1806 1688 1829 sec.

219 1839 324 1867 —261
352 1837 518 1868 Trahimur
535 1839 633 1870 Rott.
666 1839 832 1870 Tradimar
854 1840 909 1869 vel
935 1839 1104 1868 Proclimar
1128 1839 1256 1869 Moret.
1281 1848 1330 1879 pr.
1347 1839 1407 1869 sed
1424 1840 1458 1869 in
1473 1840 1602 1871 Moret.
1617 1849 1689 1872 sec.

223 1879 389 1910 Prodimur
411 1890 475 1920 pro
493 1882 602 1921 glossa
614 1882 811 1922 ascriptum,
829 1881 919 1922 quod
938 1880 1117 1920 probatum
1133 1881 1288 1912 Heinsio.
1305 1882 1479 1922 spernimur
1495 1882 1536 1912 ed
1551 1883 1687 1914 Claver.

219 1925 424 1962 quantamque
441 1924 644 1962 Roth—262
656 1925 812 1964 spernisne
821 1925 901 1955 Vat.
915 1934 966 1963 pr.
980 1924 1062 1954 Put.
1081 1928 1150 1955 vet.
1167 1924 1252 1964 Gyr.
1264 1924 1391 1956 Moret.
1404 1934 1474 1955 sec.
1487 1926 1565 1957 Vat.
1578 1925 1688 1956 Livin.

216 1964 303 1995 Εἲς.
321 1965 466 1996 Luceus.
485 1976 552 1997 sec.
585 1977 747 2007 spernesne
772 1977 876 2006 marg.
894 1967 1016 2006 Isingr.
1046 1967 1185 1997 tradi-sne
1202 1970 1348 2007 quatuor
1375 1968 1454 1998 Vat.
1482 1967 1557 1998 Pal.
1586 1968 1687 2000 Farn.

220 2005 312 2038 Prie.
337 2007 434 2038 Rott.
467 2008 576 2039 Oisel.
609 2011 739 2040 dextras
761 2010 814 2039 vel
841 2014 960 2039 turmas
984 2009 1071 2048 Reg.
1103 2008 1216 2040 Oxou.
1246 2012 1406 2048 piu—263
1427 2009 1572 2049 probavit
1599 2010 1686 2041 Exc.

218 2048 306 2080 Laeti
323 2055 359 2081 et
375 2051 552 2092 utriusque
568 2052 712 2083 Lucens.
736 2052 875 2091 probarit
892 2061 997 2091 marg.
1016 2052 1105 2082 Mor.
1141 2052 1268 2092 paravit
1283 2055 1362 2083 octo
1380 2051 1437 2082 alii
1451 2057 1485 2082 et
1500 2053 1554 2083 ed.
1571 2053 1686 2084 Vicet.

218 2094 322 2122 ——265
347 2094 456 2124 metuit
473 2095 558 2125 Exc.
574 2095 781 2125 Voss—267
806 2096 966 2125 dilectosve
983 2094 1063 2124 Vat.
1080 2103 1148 2124 sec.
1174 2095 1358 2134 dilectosque
1374 2094 1453 2126 Pat.
1473 2096 1599 2127 Moret.
1617 2105 1686 2127 sec.

217 2133 383 2165 ‹lilectosne
397 2136 478 2166 Vat.
493 2141 607 2175 quart.
624 2137 736 2167 Oxon.
756 2147 805 2177 pr.
825 2140 953 2177 penates
967 2137 1019 2166 vel
1032 2140 1177 2176 parentes
1192 2137 1384 2167 Pan-268
1407 2137 1570 2175 nonform.
1590 2138 1683 2169 Rott.

218 2185 296 2207 nanc
309 2177 462 2209 Florent.
490 2181 521 2208 te
543 2178 638 2210 Med.
656 2183 734 2210 tert.
758 2179 963 2217 formidanda
982 2179 1068 2210 Exc.
1086 2179 1187 2220 Laeti,
1211 2178 1387 2217 formidata
1413 2180 1466 2210 vel
1480 2179 1684 2216 formidanda

874 2278 1019 2310 NOTAE

258 2353 321 2382 257
342 2351 456 2393 Legio]
493 2354 676 2386 Exercitus
693 2355 846 2388 Orientis
868 2365 919 2387 se·
976 2353 1148 2385 Occidua.

216 2406 358 2442 paratus
375 2403 417 2434 ab
434 2405 586 2436 exercitu
602 2405 815 2438 Occidentis.
1015 2404 1102 2435 Adeo
1110 2403 1253 2444 felicior]
1279 2404 1335 2436 Ita
1351 2409 1388 2438 et
1405 2406 1526 2438 Cicero
1541 2417 1550 2438 ε
1582 2407 1592 2425 ‘
1607 2407 1680 2443 Per

258 2455 321 2484 *260
347 2454 518 2486 Thoracum
555 2456 679 2496 pulsant
714 2456 825 2496 nexas]
875 2456 916 2487 Id
971 2454 1147 2486 dexteram
1177 2460 1212 2486 te
1239 2456 1341 2487 istam
1370 2466 1441 2494 oro,
1467 2467 1567 2498 quam
1591 2458 1680 2499 Regi

215 2502 305 2543 quod
322 2504 434 2543 arguit
451 2506 618 2546 singultus
631 2506 746 2537 militis
759 2505 894 2538 ferocis.
971 2505 1135 2536 Deiotaro
1161 2506 1282 2546 hospes
1310 2506 1438 2547 hospiti
1467 2509 1677 2548 porrexisti:

256 2555 316 2584 261
346 2554 479 2586 Tantum
495 2556 644 2597 amorem]
673 2558 820 2588 Tantum
843 2558 914 2588 Du·
970 2556 1081 2596 istam,
1094 2556 1245 2598 inquam,
1261 2556 1453 2597 dexteram,
1477 2563 1625 2590 nontam
1641 2559 1677 2591 in

214 2613 287 2635 cem
302 2604 541 2646 Stilichonem,
555 2616 690 2639 causam
705 2607 828 2639 amoris
841 2617 915 2639 nos·
970 2605 1070 2637 bellis
1087 2610 1122 2637 et
1143 2607 1177 2637 in
1201 2606 1340 2647 praeliis,
1357 2616 1456 2648 quam
1481 2607 1516 2639 in
1535 2609 1677 2649 promis-

214 2654 271 2685 tri.
969 2656 1013 2687 sis
1029 2661 1065 2688 et
1080 2656 1148 2688 fide
1163 2656 1373 2688 firmiorem.’

256 2699 318 2730 264
340 2696 424 2729 Axis
438 2699 628 2741 Hesperius]
643 2701 747 2732 Terra
759 2701 812 2732 vel
824 2705 915 2734 trac-
1010 2710 1073 2738 267
1098 2707 1250 2748 Penates]
1286 2707 1374 2739 Sunt
1393 2707 1454 2739 Dii
1470 2707 1672 2742 domestici:

213 2749 267 2778 tus
295 2747 543 2793 Occidentalis,
568 2751 612 2784 ab
639 2751 793 2794 Hespero
814 2753 914 2785 stella
967 2756 1092 2798 saepius
1107 2761 1314 2798 usurpantur
1330 2766 1393 2799 pro
1408 2757 1483 2799 ipsa
1498 2757 1610 2791 domo.
