1857 3177
531 232 582 262 iu
620 230 909 262 uu'ruormu
947 229 1043 260 Lm.
1077 228 1108 259 1.
1463 213 1547 255 469

95 328 330 371 Intervalla
351 341 516 370 comae:
550 327 697 379 qualis
720 326 969 366 sitientibus
991 323 1108 365 arvis
1466 318 1550 358 115

94 397 232 439 Arida
247 397 412 451 jejunae
435 408 561 447 seges
584 396 807 435 interlucet
828 394 975 433 aristae
995 406 1004 433 ι

94 465 183 505 Vel
204 464 348 517 qualis
371 463 523 515 gelidis
546 463 697 515 pluma
718 461 889 500 labente
912 460 1077 512 pruinis

94 531 277 572 Arboris
299 531 540 571 immoritur
563 535 716 569 trunco
736 526 943 567 brumalis
964 524 1164 565 hirundo.

95 599 273 640 Scilicet
293 604 341 639 ut
362 598 520 638 trabeis
544 597 702 650 injuria
721 598 935 635 cresceret
957 593 1079 641 olim,

97 665 197 707 Has
219 667 263 706 in
285 666 417 706 fronte
438 669 579 713 notas,
600 664 683 704 hoc
705 662 897 702 dedecus
919 660 1084 700 addidit
1103 659 1190 699 oris
1468 653 1551 698 1:20

93 732 300 774 Luxuriae
325 733 517 773 Fortuna
538 745 632 772 suae
651 745 658 771 :
693 742 789 770 cum
811 727 979 781 pallida
999 726 1130 766 nudis

94 798 284 840 Ossibus
307 800 526 840 horrorem
548 798 736 838 dominis
761 796 972 848 praeberet
992 794 1154 844 imago,

99 866 298 909 Decolor
319 870 361 907 et
381 867 547 906 macies
568 876 756 905 occursu
779 861 960 903 laederet
982 871 1155 907 omnes,

94 1029 141 1060 ita
155 1028 320 1068 agitantur
344 1031 453 1058 rento:
476 1027 567 1057 tinea*
593 1025 744 1063 deformes
768 1025 952 1063 perederunt
979 1024 1071 1062 caput
1099 1020 1268 1051 misellum:
1293 1018 1395 1058 spatia
1421 1016 1554 1047 crinium

94 1074 242 1112 apparent
254 1070 404 1101 destituta
421 1070 509 1110 pilis.
554 1069 643 1099 Sicut
659 1068 691 1098 in
706 1067 822 1106 campis
836 1066 1006 1103 arentitmn,
1018 1064 1122 1094 messis
1137 1063 1216 1093 sicca
1231 1062 1385 1101 spicarum
1400 1058 1555 1090 sterilium

95 1113 295 1148 intermicat;
318 1114 364 1143 vel
378 1113 457 1143 sicut
473 1112 604 1142 hirundo
620 1110 755 1151 hyberna
772 1109 834 1139 obit
850 1109 881 1138 in
906 1108 1015 1147 stipite
1035 1106 1166 1144 arboris,
1190 1106 1295 1145 pluma
1310 1104 1448 1140 cadente,
1478 1104 1556 1131 tem-

93 1155 220 1196 poribus
226 1155 372 1194 frigidis.
420 1154 591 1192 Nimirum,
618 1157 651 1183 ut
676 1151 899 1189 dedecussoret
914 1151 1013 1189 moins
1028 1149 1212 1186 consulatui,
1230 1147 1362 1185 fortuna
1376 1142 1554 1184 petulantia

96 1207 151 1229 sua
173 1198 315 1235 adJ'unxit
343 1198 398 1228 has
422 1207 517 1235 rugas
544 1197 574 1226 in
599 1196 686 1226 vultu
714 1194 883 1234 Eutropii,
907 1196 936 1224 et
967 1193 1044 1223 lianc
1069 1191 1298 1224 deformitatem
1313 1187 1424 1225 fimiei.
1473 1187 1554 1216 Cum

97 1243 250 1280 spectrum
274 1241 392 1280 pallens
418 1239 535 1270 ossibus
557 1239 681 1268 nudatis
703 1247 804 1267 carne
830 1237 981 1266 incuteret
1001 1238 1148 1265 terrorem
1174 1232 1305 1263 dominis
1331 1231 1416 1270 ejus,
1431 1232 1554 1258 etcum

96 1284 208 1314 macies
217 1283 363 1321 deformis
377 1281 546 1323 offenderet
561 1290 662 1311 omnes
687 1283 821 1320 aspectu,
836 1282 889 1309 aut
913 1279 1026 1308 datura
1046 1278 1187 1307 timorem
1212 1274 1329 1315 pueris,
1350 1275 1401 1303 aut
1418 1271 1557 1309 fastidia

712 1389 945 1403 eeeeeeeeeeee

98 1466 220 1497 deserta
236 1465 387 1496 Florent.
405 1469 549 1505 quatuor
563 1462 658 1494 Med.
687 1463 754 1493 ine.
784 1461 900 1493 Heius.
928 1461 1007 1491 Put.
1025 1460 1108 1499 Reg.
1125 1458 1255 1489 Thuan.
1270 1456 1402 1487 Mazar.
1427 1453 1557 1483 Bonon.

98 1509 178 1540 Pat.
205 1509 282 1539 Vat.
314 1507 422 1539 Livia.
458 1507 540 1537 Lov.
578 1511 648 1537 tres
688 1505 805 1536 Ambr.
841 1509 911 1534 tres
950 1503 1071 1533 Petav.
1109 1502 1190 1532 Exc.
1232 1500 1374 1531 Gevart.
1411 1497 1556 1527 Lucens.

100 1560 149 1590 pr.
166 1550 218 1581 ed.
236 1551 348 1581 Parin.
376 1555 412 1580 et
427 1550 538 1580 Vicet.
559 1548 701 1588 petebant
730 1548 808 1578 vat.
830 1556 879 1586 pr.
911 1556 953 1576 m.
984 1547 1140 1585 pin—115
1165 1543 1259 1574 comis
1286 1542 1365 1572 Pat.
1393 1537 1558 1570 Heinsius

101 1593 267 1624 lectorem
293 1593 511 1632 ablegaverat
535 1592 575 1621 ad
604 1591 637 1623 J.
654 1591 694 1621 P.
721 1590 851 1621 Loticli.
880 1589 1010 1619 Comm.
1039 1587 1072 1616 in
1101 1587 1242 1616 Petrou.
1264 1583 1338 1614 Lib.
1364 1590 1404 1612 11.
1428 1589 1502 1619 cap.
1527 1582 1560 1610 4.

100 1645 133 1675 p.
163 1638 236 1667 171.
267 1639 339 1666 172.
365 1640 433 1665 not.
461 1634 654 1664 Brassican.
682 1643 715 1673 p.
742 1636 795 1663 50.
835 1630 960 1668 ἀλώπηξ
987 1629 1207 1660 Callimacho.
1237 1626 1302 1656 vid.
1334 1629 1403 1655 not.
1431 1621 1563 1653 Frisch·

100 1677 159 1708 lini
184 1687 215 1715 p.
241 1680 403 1708 25.—117
428 1676 534 1715 pluria
559 1676 640 1708 Juu.
670 1685 721 1714 pr.
760 1675 873 1705 Oxon.
901 1682 969 1702 sec.
998 1672 1152 1702 Florent.
1186 1679 1230 1699 m.
1256 1677 1321 1697 sec.
1348 1664 1444 1696 Leid.
1472 1674 1491 1694 a
1517 1672 1560 1694 m.

100 1728 151 1760 pr.
177 1720 261 1751 Exc.
286 1719 388 1755 Laeti,
417 1718 558 1749 Gevart.
585 1718 666 1747 Var.
694 1717 760 1747 LL.
785 1715 839 1746 ed.
870 1714 974 1744 Antv.
996 1714 1102 1753 pluma
1130 1711 1180 1742 vel
1204 1710 1312 1750 pluvia
1337 1707 1432 1739 Prie.
1461 1705 1560 1737 Leid.

100 1772 169 1794 sec.
197 1763 319 1793 labante
349 1761 424 1791 Vat.
451 1761 669 1801 φύγω-118
707 1759 824 1788 arundo
850 1757 930 1788 Jun.
958 1765 1009 1795 pr.
1043 1754 1153 1785 Oxon.
1181 1763 1248 1783 sec.
1280 1756 1315 1783 et
1339 1760 1390 1790 pr.
1417 1759 1463 1780 m.
1492 1757 1559 1779 sec.

100 1804 154 1835 ed.
172 1805 287 1836 Vicet.
311 1804 449 1833 harundo
473 1803 620 1832 Florent.
649 1810 693 1830 m.
721 1809 772 1839 pr.
801 1799 907 1829 Oisel.
933 1798 1015 1827 Put.
1044 1806 1088 1826 m.
1115 1805 1164 1835 pr.
1191 1795 1312 1825 Petav.
1339 1802 1407 1822 sec.
1429 1792 1561 1822 Bonon.

99 1847 238 1878 Tholos.
267 1846 393 1876 Moret.
427 1854 479 1884 pr.
512 1846 594 1874 Exc.
623 1843 768 1874 Gevart.
798 1841 928 1870 hirundo
960 1839 1013 1869 vel
1040 1838 1179 1868 harundo
1214 1836 1305 1866 Prie.
1333 1835 1418 1873 Reg.
1448 1833 1563 1869 Oxon2

102 1899 152 1929 pr.
180 1899 222 1920 m.
250 1890 360 1928 pr.-l
373 1890 410 1918 19
449 1887 607 1916 Cresceret
639 1885 690 1914 vel
724 1884 877 1913 Conderet
909 1883 1022 1912 Oxon.
1053 1881 1228 1911 see—120
1265 1877 1384 1907 abdidit
1417 1875 1562 1905 Farn.--

104 1934 161 1962 121
189 1936 255 1962 tum
269 1930 385 1970 pallida
404 1928 495 1959 Med.
514 1933 594 1959 tert.
617 1927 710 1966 pallia
728 1926 810 1957 Jun.
828 1926 989 1965 pr.——l·22
1012 1923 1134 1953 domino
1149 1921 1282 1952 Thuan.
1313 1917 1428 1949 domini
1445 1916 1565 1947 Ambr.

103 1975 292 2004 terh—123
317 1972 461 2003 Discolor
485 1970 567 2002 Jun.
596 1980 646 2009 pr.
668 1969 792 1999 Mori-t.
821 1977 887 1997 sec.
915 1967 999 1997 Exc.
1026 1965 1114 1996 Laeti
1141 1967 1183 1993 m}
1211 1971 1280 1993 see.
1315 1963 1442 1991 decursu
1464 1958 1562 1990 Med.

101 2020 211 2056 quart.
236 2016 361 2046 Petav.
376 2018 453 2044 tert.
472 2013 602 2044 Bouou.
618 2011 752 2042 Tholos.
769 2009 887 2040 Ambr.
916 2018 967 2048 pr.
997 2008 1078 2037 Lov.
1106 2005 1199 2038 Leid.
1229 2013 1296 2035 sec.
1320 2004 1403 2034 Exc-
1420 2002 1563 2034 Gevart.

101 2059 183 2090 Var.
202 2059 270 2090 LL.
289 2057 342 2089 cd.
367 2057 471 2087 Antv.
504 2064 629 2086 occursu
651 2054 705 2084 vel
730 2054 859 2084 decursu
879 2052 958 2082 Put.
985 2050 1099 2081 Oxon.
1128 2057 1196 2080 sec.
1213 2048 1294 2078 Vat.
1318 2046 1425 2087 quint.
1464 2042 1563 2074 omnis

768 2169 909 2202 NOTAE

148 2267 210 2296 116
232 2261 373 2302 Jejunae]
396 2260 642 2301 Aristajejuna
655 2262 720 2299 est,
735 2267 812 2300 quae
868 2256 895 2287 si
911 2265 977 2287 non
993 2253 1111 2285 habuit
1126 2249 1325 2290 Eutropius,
1349 2245 1475 2277 habere
1496 2252 1566 2277 me·

104 2324 171 2346 non
186 2318 308 2352 tumet,
325 2322 397 2353 quae
415 2316 468 2343 est
484 2311 622 2342 sterilis.
804 2339 808 2342 ,
867 2307 950 2338 ritus
967 2311 1029 2337 est.

150 2367 212 2396 118
236 2363 401 2395 Brumolir
425 2362 572 2402 hirundo]
597 2361 728 2392 Plinius
748 2366 814 2392 tra·
911 2359 972 2388 122
1000 2351 1184 2391 Horrorem]
1219 2351 1365 2381 Veteres
1383 2343 1567 2387 ejiciebant

105 2414 362 2448 ditliirundines
375 2413 537 2455 quasdam
547 2412 707 2453 hybernis
718 2421 810 2442 men-
867 2412 936 2439 tam
953 2405 1124 2437 deformes
1139 2399 1304 2438 homulus,
1321 2397 1414 2427 velut
1430 2399 1567 2436 spectra

105 2466 198 2497 sibus
214 2465 308 2505 sequi
325 2464 487 2495 montium
513 2473 679 2501 recessus,
703 2462 751 2493 ita
771 2465 810 2492 ut
864 2457 1028 2490 infausta.

107 2515 405 2555 invenianturjam
425 2513 521 2544 nudae
536 2523 574 2544 ac
588 2512 776 2552 deplumeS.
896 2511 954 2540 123
969 2497 1368 2542 Occursu..‚procedentibus
1383 2492 1483 2533 omen]
1497 2493 1567 2524 An·

150 2568 212 2597 119
239 2564 380 2604 Trulmis]
416 2565 521 2595 Veste
550 2573 609 2594 seu
641 2562 812 2602 dignitate
867 2558 951 2599 tiqui
977 2562 1151 2587 occursum
1179 2549 1388 2588 lEthiopu¹n‚
1417 2543 1568 2574 homulo-

110 2615 300 2652 consulari,
323 2624 422 2654 quam
438 2614 622 2654 adepturus
642 2617 719 2644 erat
734 2612 810 2642 vilis
868 2619 940 2640 rum
958 2606 1106 2647 turpium
1125 2605 1406 2635 monstrorumve‚
1421 2603 1481 2635 pro
1498 2603 1567 2624 ma-

111 2665 176 2696 iste
190 2673 319 2695 servus,
866 2660 899 2690 lo
916 2658 1025 2689 omine
1043 2657 1235 2693 acceptum,
1249 2649 1343 2679 velut
1367 2645 1445 2677 mali
1461 2642 1568 2676 immi-

156 2718 218 2748 120
242 2713 360 2754 Notas]
382 2714 660 2754 Inscriptionem,
674 2713 813 2754 stigma-
868 2709 980 2742 nentis
998 2706 1157 2743 iudicem,
1173 2699 1362 2742 fugiebant·

111 2771 148 2800 ta
159 2767 194 2799 iu
206 2765 318 2798 fronte
329 2775 501 2797 servorum
514 2765 602 2798 inuri
614 2764 726 2806 solita,
738 2773 813 2806 quoe
