1857 3177
616 212 665 242 IN
702 212 934 244 RUFlNUM
973 211 1063 241 [2113.
1102 212 1131 241 1.

1551 202 1607 242 923

145 400 297 457 SFPF.
319 416 424 457 mihi
446 417 622 457 dubiam
651 418 788 458 traxit
810 417 1030 459 sententia
1049 423 1258 467 mentem,

148 483 364 525 Curarent
387 485 543 538 Superi
568 491 721 533 terras,
747 498 802 525 an
824 486 967 526 nullus
989 487 1158 527 inesset

145 550 327 599 Remos,
350 556 390 591 et
412 552 577 591 incerto
601 551 782 592 fluerent
803 552 1008 593 mortalia
1031 566 1152 594 casu.

147 617 264 658 Nam
288 631 386 659 cum
408 619 615 671 dispositi
637 620 895 672 quaesissem
917 619 1088 660 foedera
1108 621 1277 670 mundi,

145 686 534 739 Praescriptosquc
556 687 664 726 mari
686 687 816 735 tines,
839 687 1054 739 annisque
1074 693 1264 736 meatus,
1579 699 1605 727 s)

145 751 201 793 Et
224 753 335 793 lucis
356 754 591 806 noctisque
615 754 733 793 vices,
752 767 761 793 :
795 758 898 793 tunc
922 755 1070 794 omnia
1090 755 1218 794 rebar

145 819 344 861 Consilio
365 820 539 861 firmata
559 821 662 870 Dei,
686 822 759 874 qui
780 821 876 872 lege
896 822 1063 862 moveri

185 939 376 979 Frequenter
389 939 543 971 dubitatio
561 941 660 971 tenuit
677 940 816 971 animum
832 950 929 971 meum
945 941 1121 981 ancipitem,
1138 952 1178 973 an
1203 942 1263 974 Dii
1282 946 1424 982 regerent
1448 942 1605 981 mundum,

142 991 182 1013 an
194 983 294 1012 nullus
307 982 497 1022 gubemmtor
505 984 606 1021 soret,
623 986 651 1013 et
668 993 716 1013 res
731 983 874 1014 hmnanoe
890 988 1084 1015 morerentur
1092 985 1226 1023 fortuna
1241 985 1347 1017 dubia.
1395 986 1522 1016 Etenim
1535 995 1606 1015 cum

137 1025 364 1064 perpendis-sem
379 1026 517 1056 ordinem
536 1027 642 1056 mundi
658 1026 833 1064 constituti,
848 1030 877 1056 et
895 1027 1043 1057 terminos
1064 1028 1143 1058 mari
1166 1028 1324 1070 proefixos,
1339 1032 1368 1059 et
1385 1038 1491 1058 cursus
1507 1029 1603 1059 datos

141 1067 241 1106 annis,
255 1071 283 1098 et
300 1068 527 1098 vicissitudines
542 1069 603 1098 aiei
619 1072 711 1108 atque
727 1069 836 1105 noctis,
851 1071 916 1098 tum
932 1069 1108 1107 cogitabam
1123 1071 1225 1101 omnia
1249 1080 1324 1101 esse
1340 1071 1508 1101 constituta
1531 1080 1605 1110 pro—

141 1108 278 1140 videntia
294 1110 413 1150 divina,
429 1121 497 1150 1111oe
514 1112 645 1141 voluerit
659 1114 744 1141 astra
763 1111 843 1140 ωλι-ι’
859 1115 954 1141 certo
970 1121 1086 1147 cursu;
1119 1122 1186 1152 quae
1203 1113 1348 1144 voluerit
1364 1123 1475 1144 messes
1495 1123 1603 1152 prore-

756 1200 989 1212 eeeeeeeeeeee

141 1266 218 1297 Lib.
233 1275 340 1297 xxiii.
356 1266 462 1296 initio.
496 1266 573 1296 NB.
598 1266 639 1296 In
658 1266 840 1305 Excerptis
857 1267 1075 1298 vetustissimi
1094 1267 1186 1297 Libri
1207 1268 1367 1298 Lucensis
1383 1268 1456 1299 hmc
1471 1268 1502 1298 in
1518 1278 1604 1299 mar-

142 1310 218 1349 gine
235 1314 351 1339 notata
367 1314 456 1338 sunt.
483 1308 547 1338 Hic
569 1309 644 1347 coepz'
666 1308 804 1344 conferre
819 1319 885 1339 cum
910 1309 1119 1339 vetustissimo
1138 1309 1250 1340 Codice
1264 1310 1357 1340 amici
1372 1311 1529 1349 cujusdam
1544 1311 1606 1341 Lu-

138 1351 248 1382 censis.
264 1350 398 1389 geminis
418 1350 542 1390 punctis
556 1373 563 1380 .
579 1372 586 1379 .
624 1354 731 1380 notata
748 1354 832 1389 sunt,
849 1361 916 1390 quoe
932 1351 1019 1381 illinc
1035 1351 1209 1381 emendabo.
1255 1351 1410 1392 Apparet
1425 1362 1505 1391 ergo
1522 1353 1604 1383 (luo-

139 1394 200 1424 bus
212 1393 395 1424 Codicibus
408 1402 515 1431 usum,
530 1392 686 1432 cumjam
702 1397 779 1423 ante
794 1393 945 1424 diversas
963 1394 1128 1424 lectiones
1145 1394 1333 1424 adnotavit.
1367 1394 1526 1425 Ceterum
1544 1405 1604 1427 nos

141 1445 285 1477 quoque,
302 1435 356 1466 ubi
373 1434 440 1466 duo
459 1439 587 1475 puncta
604 1435 806 1472 invenimus,
831 1445 870 1466 ea
887 1436 1127 1476 expressimus.
1174 1435 1271 1467 Idem
1296 1442 1424 1474 monet,
1450 1436 1506 1467 ubi
1536 1439 1603 1469 tale

140 1479 270 1519 siguum
299 1480 335 1514 -i-
362 1478 546 1518 ascriptum
575 1476 693 1516 fuerit,
718 1484 869 1509 veterem
892 1479 1078 1510 lectionem
1095 1478 1251 1509 abi-asam
1277 1484 1335 1510 aut
1359 1479 1603 1520 interpolatam

139 1521 181 1552 ab
195 1521 358 1560 improbis
375 1520 624 1551 correctoribus
638 1519 752 1551 fuisse.
800 1521 886 1552 Haec
902 1521 1060 1552 Heinsius
1077 1521 1118 1552 ad
1133 1521 1218 1552 edit.
1232 1522 1341 1561 Lugd.
1357 1525 1451 1552 1551.

183 1567 198 1595 1
215 1563 304 1604 Soepe
320 1563 408 1603 mihi,
423 1562 491 1603 osa]
509 1563 551 1593 de
569 1563 789 1603 providentia
804 1564 855 1594 his
871 1564 990 1594 similia
1002 1564 1222 1604 disputantur
1239 1564 1327 1604 apud
1347 1565 1476 1595 Minue.
1495 1565 1602 1596 Fene.

140 1606 262 1638 Octav.
277 1616 356 1646 pag.
375 1610 404 1636 5.
420 1606 472 1636 ed.
493 1606 588 1636 Leid.
605 1605 671 1636 vid.
690 1606 760 1637 illic
783 1607 1001 1647 interpretes.
1018 1609 1137 1638 Senec.
1155 1607 1298 1647 Hippol.
1312 1610 1375 1637 960
1390 1612 1425 1638 et
1441 1617 1536 1648 seqq.
1560 1608 1604 1639 de

138 1650 190 1689 iis,
204 1649 259 1690 qui
275 1650 367 1680 Deos
391 1658 456 1680 non
482 1658 557 1679 esse
579 1648 801 1680 crediderunt
823 1650 913 1690 apud
932 1656 1080 1687 veteres,
1101 1650 1177 1680 vide
1196 1650 1320 1680 Minut.
1336 1650 1439 1681 Felic.
1456 1650 1476 1680 l.
1490 1660 1519 1680 c.
1546 1651 1603 1681 El-

138 1693 322 1723 menhorst.
340 1692 372 1722 in
390 1691 521 1722 Arnob.
547 1701 623 1731 pag.
641 1694 694 1722 29.
717 1694 770 1723 30.
796 1692 936 1723 Lucian.
964 1703 997 1732 p.
1020 1695 1095 1723 672.
1113 1695 1189 1723 673.
1209 1696 1283 1724 681.
1298 1695 1372 1723 657.
1391 1695 1465 1723 728.
1483 1695 1605 1723 729.—

139 1737 158 1766 3
181 1745 220 1765 an
235 1738 316 1765 certo
347 1734 467 1774 Cujac.
486 1734 528 1765 ad
545 1734 669 1775 Isingr.
697 1735 872 1766 certissima
893 1745 954 1775 pro
976 1736 1122 1766 mortalia
1134 1736 1218 1766 Exc.
1243 1736 1406 1766 Voss-4
1429 1736 1504 1766 Jam
1522 1735 1603 1767 Vat.

138 1778 245 1818 quint.
261 1778 362 1808 secula
378 1777 472 1808 Med.
491 1787 558 1808 sec.
575 1786 594 1807 a
610 1787 653 1808 m.
671 1781 787 1818 pr.—5
813 1778 1066 1818 Persei-imosque
1095 1778 1147 1809 ed.
1163 1779 1274 1809 Vicet.
1300 1783 1334 1808 et
1361 1779 1442 1809 Var.
1463 1778 1557 1809 Lect.
1584 1788 1603 1810 e

138 1830 244 1861 marg.
259 1820 371 1851 Parm.
387 1821 467 1850 mari
484 1820 595 1851 oxon.
623 1830 674 1860 pr.
693 1821 777 1861 Reg.
799 1820 927 1851 Thuan.
941 1821 1076 1851 Tliolos.
1093 1821 1169 1851 Pal.
1196 1822 1297 1852 Farn.
1316 1820 1434 1851 Ambr.
1462 1830 1512 1861 pr.
1531 1826 1602 1851 tres

138 1863 218 1893 Vat.
234 1863 300 1894 (luo
318 1863 438 1894 Heius.
458 1862 552 1894 Med.
578 1872 628 1902 pr.
657 1863 754 1893 Leid.
773 1872 823 1903 pr.
841 1868 876 1894 et
893 1862 973 1894 Ald.
1005 1864 1102 1894 maris
1117 1864 1196 1894 Vnt.
1215 1874 1268 1903 pr.
1286 1864 1385 1894 Farn.
1417 1872 1435 1893 a
1463 1873 1506 1893 ιιι.
1534 1873 1601 1894 sec.

139 1904 245 1936 Oisel.
264 1905 359 1936 Rott.
379 1916 397 1936 a
413 1915 455 1936 m.
471 1915 536 1936 sec.
555 1905 618 1935 Ed.
636 1905 749 1936 Vicet.
766 1910 801 1936 et
819 1906 932 1936 Parm.
955 1906 1037 1936 mari
1053 1906 1107 1936 vel
1125 1907 1219 1936 maris
1234 1906 1350 1936 Ambr.
1366 1915 1435 1936 sec.
1455 1906 1603 1945 annisque

137 1947 267 1978 Thuan.
285 1958 304 1978 a
317 1957 360 1979 m.
376 1957 425 1988 pr.
459 1958 596 1988 annoque
610 1948 689 1978 Vat.
705 1948 812 1988 quint.
849 1948 982 1988 annique
998 1954 1067 1979 tres
1083 1949 1163 1978 Vat.
1182 1949 1256 1978 Pal.
1275 1949 1375 1978 Farn.
1394 1948 1484 1978 Prie.
1507 1949 1602 1978 Rott.

140 1989 245 2021 Oisel.
280 1992 437 2030 amnisque
453 1990 546 2021 Med.
561 1994 640 2020 tert.
658 1994 692 2020 et
705 1995 773 2021 vet.
790 1991 875 2030 Gyr.
910 1991 1064 2030 animique
1085 1990 1261 2022 Med..sec.
1279 2000 1354 2020 am.
1373 2000 1424 2029 pr.
1443 1989 1602 2020 Heinsius

138 2032 348 2072 ascripserat
363 2033 473 2063 locum
490 2042 532 2062 ex
558 2041 607 2062 ιν.
633 2032 734 2062 Cous.
754 2033 885 2063 Honor.
921 2033 930 2049 ‘
947 2032 1000 2063 Ne
1025 2036 1103 2072 pete
1127 2033 1344 2072 praescriptos
1361 2032 1485 2062 homini
1511 2036 1602 2063 tran-

139 2075 304 2106 scendere
319 2073 494 2105 fines.'—6
518 2074 578 2105 luci
594 2075 733 2113 noctique
745 2075 833 2114 conj.
850 2074 1034 2105 Heins.——7
1062 2075 1213 2105 Conscilio
1231 2074 1331 2106 Farn.
1350 2075 1510 2105 Heinsius
1523 2083 1602 2105 con-

806 2170 944 2201 NOTAE

182 2254 199 2282 1
226 2250 383 2291 Dubiam]
411 2251 554 2291 Pagani,
569 2251 673 2282 bonos
690 2259 766 2280 cum
792 2249 840 2279 af-

139 2300 209 2343 fligi
226 2301 404 2341 videbant,
420 2301 462 2333 de
479 2302 552 2332 Deo
568 2301 750 2341 divinaque
768 2309 842 2340 pro·

137 2350 289 2382 videntia
301 2351 403 2391 impie
421 2351 634 2382 dubitabant.
661 2351 838 2390 Lucanus:

138 2401 147 2418 ‘
165 2401 250 2433 Cum
268 2411 361 2433 caeco
386 2402 564 2442 rapiantur
591 2401 723 2442 singula
749 2410 840 2440 casu,

138 2451 327 2483 Mentimur
343 2461 487 2493 regnare
501 2453 521 2485 J
527 2451 646 2483 ovem!

180 2504 200 2533 3
225 2503 390 2544 Fluerent]
434 2503 572 2534 Incerto
603 2507 707 2543 atque
737 2501 839 2532 dubio

140 2559 220 2583 casu
234 2552 311 2583 hinc
327 2556 431 2594 atque
448 2553 524 2583 inde
542 2552 726 2590 ferrentur,
742 2561 840 2592 aquae

140 2598 275 2632 fluentis
287 2603 405 2641 instar,
432 2613 506 2644 quae
519 2603 578 2633 has
593 2603 734 2643 illasque
750 2603 841 2642 ripas

141 2650 248 2682 alluit.
284 2653 444 2684 Manilius
459 2664 466 2684 :
496 2656 505 2673 ‘
519 2653 611 2684 Hinc
640 2658 677 2684 et
706 2662 789 2693 opes
806 2657 843 2683 et

143 2709 249 2740 regna
263 2699 393 2733 fluunt!

184 2753 205 2782 -1
228 2750 374 2792 Foeaeru]
418 2753 516 2785 Illum
541 2763 653 2786 rerum
676 2753 844 2792 ordinem,

896 2258 963 2290 quo
995 2252 1108 2289 partes
1130 2258 1246 2280 omnes
1275 2248 1365 2279 inter
1393 2256 1480 2288 sese,
1511 2248 1604 2280 velut

896 2299 1040 2341 quodam
1057 2299 1199 2337 foedere,
1213 2299 1419 2329 vinciuntur.

937 2354 958 2381 6
987 2351 1089 2390 Vices]
1134 2349 1425 2387 vicissitudinem,
1451 2357 1517 2388 qua
1542 2349 1602 2379 lux

895 2406 930 2432 et
948 2411 1016 2431 nox
1038 2401 1100 2431 sibi
1128 2400 1273 2430 invicem
1291 2397 1490 2429 succedunt.
1536 2398 1603 2429 Mi-

893 2452 1008 2482 nutius
1035 2452 1153 2482 Felix:
1189 2453 1197 2468 ‘
1218 2449 1308 2482 Quid
1328 2448 1548 2479 tenebrarum
1565 2453 1602 2479 et

895 2502 1056 2533 luminum
1074 2502 1184 2533 dicam
1212 2505 1427 2531 recursantes
1446 2499 1547 2538 vices,
1564 2503 1602 2530 ut

895 2551 940 2582 sit
955 2552 1050 2582 nobis
1066 2552 1178 2592 operis
1195 2556 1229 2581 et
1251 2550 1371 2591 quietis
1396 2549 1528 2580 alterna
1552 2558 1603 2580 re·

896 2602 1031 2643 paratio
1042 2601 1065 2631 θ’

939 2656 958 2684 7
982 2653 1081 2693 Lege]
1099 2654 1203 2684 Certo
1220 2651 1472 2690 constitutoque
1489 2658 1603 2687 cursu,

896 2702 954 2743 qui
971 2703 1025 2733 lex
1042 2703 1190 2739 dicitur3
1226 2710 1299 2730 nam
1324 2700 1333 2717 ‘
1352 2700 1390 2730 ln
1408 2699 1494 2730 coelo
1519 2698 1602 2729 nihil

897 2751 1090 2793 fortuitum,
1103 2751 1182 2782 nihil
1199 2749 1416 2782 temerarium
1433 2748 1603 2791 provenit,
