1852 3193
248 224 334 266 390
719 234 796 265 ci„
829 229 1113 262 CLAUDIAM
1147 230 1233 261 xv.

250 328 313 371 Ut
329 329 485 370 sileam
504 328 665 377 varios,
687 338 860 366 mecum
882 336 995 377 quos
1017 325 1217 377 gesserit,
1238 328 1363 368 actus
1381 339 1392 378 ;

249 394 365 446 Quae
387 396 476 436 vidi
498 398 596 449 post
615 395 719 442 fata,
738 392 912 444 loquar.
975 389 1087 431 Cum
1109 392 1251 433 Divus
1272 394 1452 444 abirem,

251 462 345 503 Res
367 462 698 515 incompositas,
719 459 874 508 fateor,
896 458 1171 512 tumidasque
1190 459 1362 512 reliqui.

252 529 506 582 Stringebat
526 529 684 570 vetitos
705 527 938 568 etiamnum
959 527 1181 567 exercitus
1201 540 1330 567 enses

251 597 429 650 Alpinis
451 598 580 644 odiis,
603 597 855 649 alternaque
870 595 1018 649 jurgia
1039 595 1149 636 victi
1630 589 1718 634 295

254 663 547 718 Victoresque
568 665 749 707 dabant.
810 662 905 704 Vix
924 663 1022 703 haec
1045 662 1239 703 amentia
1259 661 1422 704 nostris

254 730 489 782 Excubiis,
506 732 663 773 nedum
684 745 822 786 puero
844 735 1028 780 rectore,
1051 731 1259 783 quiesset.

256 798 362 839 Heu
385 804 593 852 quantum
614 800 740 840 timui
762 799 909 848 vobis,
933 799 1037 852 quid
1056 798 1198 838 libera
1216 797 1329 838 tanti

258 865 416 907 Militis
438 865 616 908 auderet
636 867 789 917 moles,
814 880 916 907 cum
939 879 1062 909 caeca
1080 868 1244 906 remoto

256 1019 323 1049 quse
346 1009 443 1039 edidit
468 1019 597 1047 mecumv⁷
622 1009 724 1038 dicam
740 1018 791 1045 ea,
818 1018 888 1047 quae
902 1007 1010 1047 aspexi
1035 1010 1104 1046 post
1119 1009 1258 1037 mortem.
1306 1008 1385 1037 Cum
1401 1016 1456 1045 ego
1475 1006 1581 1038 Divus
1594 1006 1723 1048 fierem,

257 1052 392 1088 deserui,
408 1051 566 1092 confiteor,
592 1060 640 1080 res
651 1051 846 1080 inordinatas
866 1053 896 1080 et
918 1049 1082 1088 inquietus.
1128 1050 1212 1079 Tunc
1228 1049 1322 1078 etium
1336 1051 1493 1079 exercitus
1508 1049 1543 1079 ob
1558 1049 1725 1079 seditiones

257 1093 392 1133 Alpinas
405 1092 541 1123 nudabat
567 1093 691 1131 gladios
704 1093 843 1131 illicitos,
859 1095 889 1122 et
904 1091 981 1121 victi
997 1095 1026 1121 et
1041 1092 1172 1121 victores
1187 1092 1321 1121 vicissim
1333 1090 1514 1130 praebebunt
1530 1091 1727 1122 occasiones

257 1135 424 1165 rixarmn:
446 1135 510 1165 hoec
536 1135 661 1167 insania
684 1145 769 1174 oegre
783 1136 890 1165 sedatu
912 1133 1030 1171 fuisset
1052 1133 1166 1164 nostris
1180 1135 1274 1172 curis,
1300 1137 1330 1164 et
1347 1133 1449 1163 minus
1462 1132 1572 1163 adhuc
1589 1143 1608 1163 α
1630 1143 1726 1172 puero

256 1177 474 1215 gubernatore.
519 1178 572 1208 Ah
585 1178 600 1209 !
622 1182 769 1217 quantum
787 1187 849 1217 ego
865 1177 1006 1207 solicitus
1020 1176 1074 1214 fui
1091 1186 1152 1217 pro
1169 1176 1266 1215 vobis,
1283 1186 1320 1206 ne
1334 1176 1497 1206 multitudo
1516 1178 1561 1205 tot
1580 1175 1728 1217 militum,

258 1220 391 1251 liberata
406 1225 501 1252 metu
518 1220 689 1261 Principis,
712 1223 847 1251 tentaret
869 1219 998 1260 aliquid,
1021 1229 1089 1250 cum
1107 1220 1177 1258 jam
1190 1229 1297 1250 amens
1312 1221 1342 1250 et
1359 1219 1501 1258 gaudens
1516 1217 1727 1258 effervesceret

874 1304 1110 1316 eeeeeeeeeeee

263 1360 345 1390 haud
372 1359 532 1400 quisquam
558 1359 642 1399 legit
663 1358 838 1392 Heinsius,
874 1359 958 1390 vobis
981 1360 1112 1391 Tholos.
1149 1359 1237 1390 nodis
1263 1359 1348 1389 Exe.
1375 1357 1510 1389 Ruben.
1535 1356 1587 1388 ed.
1612 1357 1730 1388 Parm.

262 1401 349 1432 robis
364 1402 417 1432 vel
433 1402 522 1432 nodis
547 1403 630 1432 Exc.
650 1403 747 1434 Laeti.
784 1404 964 1433 clementior
980 1403 1108 1434 Moret.
1124 1412 1176 1442 pr.
1215 1402 1386 1432 devinctior
1402 1410 1516 1432 omnes
1531 1401 1626 1431 Vatt.
1648 1399 1727 1430 Pal.

263 1445 363 1475 Fam.
379 1445 478 1475 Rott.
501 1445 639 1475 devotior
656 1445 735 1476 Pat.
754 1451 789 1476 et
805 1445 885 1476 Ald.
902 1449 1005 1486 atque
1022 1446 1071 1476 ita
1088 1445 1284 1485 conjecerat
1302 1444 1584 1476 Heinsius.-291
1610 1445 1729 1472 taceam

264 1487 382 1518 Ambr.
399 1496 451 1527 pr.
487 1497 603 1517 mecum
620 1498 692 1528 quos
708 1488 787 1518 Vat.
806 1498 856 1528 pr.
874 1492 909 1518 et
927 1488 1037 1528 quint.
1055 1488 1164 1519 Oisel.
1182 1487 1311 1518 Mazar.
1334 1489 1414 1518 Pat.
1442 1487 1563 1517 Petav.
1580 1495 1631 1526 pr.
1648 1485 1731 1516 Vat.

262 1529 376 1561 Livin.
397 1534 535 1568 gesserat
553 1531 635 1562 Lov.
650 1531 783 1569 jusserit
798 1531 917 1562 Ambr.
933 1535 1012 1562 tert.
1034 1531 1167 1569 gesserit
1186 1530 1237 1561 vel
1251 1533 1391 1569 gesserat
1407 1529 1668 1559 Ument—292
1691 1527 1734 1556 lo-

264 1582 342 1611 quar
367 1573 466 1603 Voss.
505 1582 616 1612 sequar
642 1574 696 1603 vel
723 1574 830 1613 loquar
856 1574 1052 1613 Reg.—-293
1075 1573 1261 1613 timidasque
1286 1573 1340 1603 ed.
1367 1573 1482 1603 vicet.
1521 1570 1734 1609 Numidasque

265 1615 393 1644 Moret.
411 1624 462 1654 pr.
481 1624 524 1645 m.
543 1625 594 1654 pr.
617 1615 751 1654 relinqui
770 1617 849 1647 Vat.
868 1618 1057 1647 terh—294
1081 1616 1286 1654 Stringebant
1302 1615 1397 1646 etiam
1413 1614 1526 1645 vetitos
1542 1612 1661 1644 Ambr.
1677 1621 1732 1651 pr.

265 1657 349 1687 Var.
368 1657 435 1687 LL.
453 1657 509 1686 ed.
526 1657 632 1688 Antv.
671 1659 841 1688 etiamnum
864 1658 960 1688 Prie.
986 1659 1071 1688 Exc.
1098 1658 1198 1688 Laeti.
1228 1658 1297 1695 jam
1324 1661 1398 1688 tunc
1424 1656 1520 1686 Med.
1549 1656 1626 1694 duo,
1653 1654 1733 1685 Pat.

258 1700 328 1736 jam
343 1709 422 1729 nunc
439 1699 513 1730 Pal.
530 1699 625 1730 Med.
644 1709 696 1739 pr.
713 1709 798 1730 unus
816 1700 936 1731 Heius.
953 1700 1037 1730 Exc.
1055 1699 1199 1731 Gevart.
1224 1701 1319 1730 etiam
1334 1709 1414 1729 nunc
1430 1698 1498 1728 duo
1513 1698 1612 1728 Vatt.
1630 1697 1732 1727 Farn-

268 1741 374 1772 Oisel.
393 1741 488 1773 Med.
504 1747 583 1772 tert.
599 1742 653 1773 ed.
671 1742 784 1773 Vicet.
818 1743 913 1773 etiam
928 1746 1002 1773 tune
1015 1743 1138 1773 Petav.
1152 1751 1221 1773 sec.
1239 1743 1321 1772 Lov.
1340 1740 1437 1772 Leid.
1456 1750 1506 1781 pr.
1524 1739 1604 1770 Ald.
1638 1739 1734 1770 etiam

266 1787 338 1814 tunc
356 1784 468 1814 Oxou.
488 1793 555 1814 sec.
573 1784 700 1815 Moret.
718 1794 786 1815 see.
801 1785 872 1822 jam
887 1795 946 1815 non
964 1786 1222 1815 Floi·ent.-——295
1247 1784 1339 1814 victis
1358 1783 1451 1814 Med.
1469 1784 1659 1814 tert.—-296
1682 1783 1734 1813 de-

265 1826 384 1856 mentia
411 1826 538 1857 Moret.
565 1829 741 1857 see—297
763 1828 890 1857 necdum
919 1836 980 1857 sex
1007 1827 1092 1858 Mss.
1121 1827 1174 1857 ed.
1202 1826 1316 1857 Vicet.
1343 1826 1425 1856 Var.
1450 1826 1518 1857 LL.
1544 1825 1596 1856 ed.
1625 1823 1733 1857 Antv.

265 1870 381 1899 victore
395 1868 476 1899 Vat.
505 1869 614 1909 quint.
636 1869 770 1899 Thuan.
787 1869 898 1900 Oxon.
932 1868 1061 1909 quiescit
1079 1868 1174 1898 Leid.
1193 1878 1244 1908 pr.
1261 1878 1307 1898 ni.
1324 1877 1377 1908 pr.
1395 1867 1509 1898 Oxon.
1526 1877 1577 1907 pr.
1605 1867 1734 1898 Moret.

266 1921 337 1942 sec.
356 1910 444 1950 Reg.
463 1910 529 1941 duo
542 1912 639 1942 Vatt.
663 1912 795 1950 quiescet
811 1912 892 1942 Vnt.
907 1915 986 1942 tert.
1004 1912 1080 1943 Pal.
1097 1912 1197 1941 Farn.
1216 1912 1310 1942 Rott.
1326 1911 1434 1942 Oisel.
1460 1911 1572 1941 Vieet.
1603 1910 1736 1949 quiesset

269 1954 364 1984 Prie.
382 1953 478 1984 Med.
495 1963 562 1984 sec.
580 1964 624 1985 m.
646 1964 698 1993 pr.
724 1955 855 1985 Mazar.
872 1954 992 1985 Ambr.
1008 1959 1088 1985 tert.
1103 1954 1184 1985 Vat.
1200 1954 1309 1984 Livin.
1329 1954 1408 1985 Lov.
1426 1963 1468 1984 ex
1485 1952 1737 1991 emendatione,

270 1997 356 2028 Exc.
374 1996 474 2035 Laeti,
499 2006 539 2027 ac
558 1997 689 2028 Ruben.
704 1997 785 2027 Var.
800 1997 868 2027 LL.
887 2007 906 2027 e
923 2006 1025 2037 marg.
1041 1998 1158 2028 Parni.
1193 1997 1325 2036 quiesset
1342 1996 1395 2027 vel
1411 1996 1528 2036 quievit
1545 1996 1622 2027 Vat.
1639 2004 1737 2035 pr.—

267 2042 332 2070 298
355 2039 446 2070 timui
463 2038 549 2070 nobis
565 2039 698 2070 Thuan.
737 2039 829 2070 timui
844 2039 920 2070 liber
935 2040 1015 2070 Vat.
1034 2040 1142 2081 quint.
1166 2041 1219 2079 qui
1236 2040 1321 2079 Reg.
1353 2040 1433 2079 quod
1447 2038 1513 2069 duo
1538 2038 1634 2070 Vatt.
1660 2037 1736 2069 Pal.

270 2082 345 2122 quid
362 2081 457 2113 Leid.
475 2091 526 2122 pr.
542 2086 577 2112 et
591 2082 772 2113 duodecim
790 2082 858 2112 alii.
883 2083 962 2123 quod
978 2083 1032 2113 vel
1048 2082 1122 2123 quid
1136 2082 1217 2113 Put.
1239 2092 1296 2122 per
1309 2082 1443 2113 Tholos.
1467 2091 1505 2112 ne
1518 2081 1595 2111 Pat.
1615 2079 1736 2111 Ambr.

272 2134 340 2155 sec.
358 2124 413 2154 ed.
435 2124 549 2155 Vicet.
584 2125 696 2163 proelia
713 2125 766 2155 vel
784 2125 879 2155 libera
899 2126 979 2156 Put.
1013 2127 1095 2156 tanti
1111 2126 1192 2156 Exe.
1209 2125 1309 2156 Laeti.
1343 2127 1466 2155 tantum
1482 2124 1557 2154 Pal.
1575 2123 1668 2154 Med.
1685 2131 1736 2162 pr.

272 2169 378 2197 »299
401 2176 522 2196 carcere
537 2171 616 2196 moto
633 2167 711 2197 Vat.
729 2172 809 2199 tert.
838 2168 929 2199 Prie.
958 2168 1067 2200 Oisel.
1089 2168 1239 2199 Florent.
1267 2178 1310 2199 m.
1333 2177 1385 2208 pr.
1401 2167 1497 2198 Med.
1520 2175 1588 2197 sec.
1615 2165 1736 2197 Ambr.

272 2218 323 2248 pr.
342 2209 372 2239 V
376 2217 442 2241 arr.
458 2209 525 2240 LL.
539 2219 558 2239 e
577 2218 682 2249 marg.
699 2210 814 2241 Parni.
847 2221 968 2243 carcere
985 2214 1077 2252 moto,
1104 2211 1159 2242 vel
1174 2214 1260 2242 terra
1283 2214 1408 2251 remoto,
1436 2209 1491 2241 vel
1513 2218 1595 2241 caeca
1620 2210 1737 2240 remoto

940 2305 1082 2338 NOTAE

316 2379 379 2409 292
399 2378 479 2409 Cum
494 2377 597 2409 Dii-us
609 2377 740 2418 abirem]
758 2378 843 2410 Cum
854 2388 896 2410 ex
909 2379 979 2411 vita
1075 2384 1139 2413 297
1164 2382 1289 2413 Nedum
1302 2380 1412 2422 puero]
1449 2381 1524 2412 Hos
1540 2382 1650 2410 motus
1676 2387 1738 2418 ego

275 2428 404 2460 abirem
420 2428 510 2459 inter
530 2429 638 2460 Divos
652 2428 863 2461 referendus.
1032 2440 1098 2462 nou
1112 2432 1207 2471 potui
1224 2431 1345 2462 sedare
1364 2430 1446 2461 meis
1465 2429 1566 2468 curis,
1582 2428 1665 2459 meis
1682 2438 1740 2459 ex-

317 2481 379 2510 293
406 2477 570 2518 Tumidos]
603 2479 669 2510 Res
691 2479 779 2509 male
805 2479 980 2520 quiescen-
1033 2480 1161 2518 cubiis;
1178 2490 1197 2511 a
1213 2480 1346 2511 fortiori
1365 2489 1449 2520 puer
1465 2483 1579 2510 rector
1595 2477 1740 2520 Imperii

275 2534 341 2569 ῐεε,
368 2534 405 2560 et
424 2528 534 2560 adhuc
553 2529 774 2570 agitationem
798 2529 980 2561 ostenden-
1032 2530 1153 2562 sedare
1169 2540 1234 2561 non
1250 2530 1434 2571 potuisset.

275 2585 329 2612 tes
347 2579 456 2611 instar
472 2579 595 2611 tumidi
608 2580 722 2611 maris.
1075 2583 1139 2612 298
1162 2580 1292 2621 Libera]
1316 2580 1452 2621 Nequid
1476 2583 1657 2611 moverent
1678 2580 1741 2611 mi-

316 2633 379 2662 295
404 2631 532 2672 Alpinis
546 2630 642 2671 odiis]
665 2630 906 2662 Remanebant
921 2631 979 2662 ad·
1032 2631 1111 2662 lites
1134 2631 1270 2662 liberati
1292 2634 1388 2661 metu
1404 2629 1590 2669 Principis,
1607 2630 1665 2671 qui
1680 2639 1740 2661 eos

274 2684 341 2715 huc
357 2683 486 2714 semina
502 2683 569 2714 odii
578 2682 694 2723 Alpini
708 2696 716 2723 ;
731 2682 793 2714 hoc
809 2686 875 2722 est,
890 2681 981 2723 quod
1035 2690 1097 2712 sua
1112 2682 1318 2712 auctoritate
1336 2689 1553 2720 compescere
1568 2684 1718 2720 poterat.

276 2733 449 2774 Eugenius
487 2737 524 2764 et
558 2732 771 2774 Arbogastes
810 2733 982 2766 excitave-
1078 2734 1142 2762 299
1166 2731 1284 2773 Moles]
1331 2730 1538 2772 Multitudo,
1566 2729 1738 2772 roburque

278 2787 356 2814 rant
372 2782 415 2815 ad
431 2782 539 2826 Alpes
552 2787 672 2816 contra
688 2783 886 2827 Imperium.
1034 2780 1192 2815 militum.
