1857 3177
579 201 628 231 m
666 201 801 231 Pstou.
835 199 893 228 ET
927 197 1071 227 OLYB.
1106 196 1243 227 CONS-

175 299 280 348 Hic,
304 300 471 353 patrius
495 297 713 338 Mavortis
735 309 871 346 amor,
893 295 1113 348 soetusque
1137 296 1337 334 notantur

173 366 402 408 Romulei:
435 367 534 420 pius
556 366 694 406 amnis
716 367 840 414 inest,
863 368 906 405 ct
927 363 1075 403 bellua
1094 361 1260 401 n'utrix.

172 434 344 475 Elec->iro
365 434 550 481 Tiberis,
576 433 697 486 pueri
721 433 956 473 formantur
979 431 1022 470 in
1045 442 1169 470 auro.

172 501 362 554 Fingunt
380 514 468 541 a‘ra
490 500 640 553 lupum
658 515 667 541 t
702 500 883 540 Mavors
905 498 1136 539 adamante
1157 498 1375 538 coruscat.

168 568 272 610 Jam
293 568 421 609 simul
440 569 618 608 emissis
642 568 795 621 rapido
818 568 1010 608 velocior
1032 565 1150 605 Euro
1549 562 1630 602 100

171 635 325 677 Fertur
345 636 488 688 equis,
510 636 694 676 stridunt
715 635 919 688 Zephyri,
942 647 1160 686 cursuque
1180 636 1370 673 rotarum

167 702 332 744 Saucia
350 703 542 743 dividuis
564 704 812 744 clarescunt
829 702 980 742 nubila
1000 701 1151 742 sulcis:

169 770 265 811 Nec
288 774 457 811 traxere
481 784 640 819 moras,
663 771 740 810 sed
762 771 891 822 lapsu
911 769 1109 822 protinus
1131 781 1232 817 uno,

166 837 309 888 Quem
329 842 532 891 poscunt,
557 839 735 890 tetigere
756 839 922 888 locum;
954 850 1042 890 qua
1063 837 1146 876 fine
1167 837 1250 876 sub
1272 837 1360 877 imo

1547 903 1629 943 105

164 904 412 959 Angustam:
433 906 599 948 aditum
621 907 765 948 curvis
787 906 1055 947 anfractibus
1076 904 1230 958 Alpes,

153 1027 283 1067 fulgore
298 1027 508 1065 formidabili.
555 1028 596 1059 In
614 1028 668 1059 hoc
685 1028 806 1069 clypco
823 1038 909 1058 amor
926 1028 1044 1058 lilartz's
1069 1027 1182 1067 putris,
1197 1029 1225 1056 et
1243 1025 1311 1067 ficii
1329 1025 1400 1065 ejus
1424 1024 1627 1060 designantur

163 1071 314 1102 Romulus
329 1077 362 1102 ct
381 1072 506 1102 Remus
521 1082 528 1102 :
543 1071 664 1112 fluvius
678 1071 748 1111 pius
769 1072 850 1101 inest
875 1071 1000 1110 pictus,
1016 1074 1044 1100 et
1060 1072 1130 1109 Ιιιμιι
1148 1069 1268 1099 nutrix.
1316 1068 1418 1098 Tibris
1433 1068 1577 1107 pingitur
1593 1067 1626 1096 iu

162 1115 287 1153 electro,
301 1114 392 1154 puer-i
408 1115 439 1144 ἰιι
462 1124 555 1144 auro:
578 1115 650 1153 lupa
668 1124 709 1144 cx
727 1114 949 1153 ‹erefingitur:
976 1113 1065 1142 Mars
1082 1112 1187 1150 fuiget
1211 1113 1386 1141 adamante.
1433 1111 1509 1140 dum
1524 1110 1625 1139 subito

161 1156 268 1187 Roma
294 1157 431 1187 trahitur
455 1157 538 1196 equis
562 1156 691 1194 laxatis,
712 1157 862 1195 promtior
892 1158 979 1185 rento
1001 1155 1079 1185 leri:
1115 1155 1250 1194 Zephyri
1265 1153 1364 1193 flunt,
1394 1156 1422 1183 et
1447 1153 1626 1191 ‹nee-‚sectus

160 1200 293 1239 vestigio
309 1202 460 1235 rotarum,
476 1200 614 1238 splendet
630 1199 722 1229 velut
737 1199 830 1228 sulcis
845 1198 1014 1238 separatis.-
1036 1207 1090 1226 ηα-
1106 1197 1183 1237 equi
1207 1198 1408 1226 nudaverunt
1424 1205 1558 1233 cursum,
1573 1196 1626 1225 sed

158 1243 268 1272 statim
284 1253 343 1272 uno
359 1243 474 1282 impetu
489 1242 648 1280 attingunt
675 1242 784 1280 locum,
800 1250 885 1280 quem
899 1243 1006 1280 petunt
1020 1250 1030 1275 ;
1053 1249 1110 1279 qua
1129 1244 1227 1280 parte
1244 1240 1340 1278 Alpes
1352 1242 1473 1268 arctum
1490 1238 1624 1276 aditum,

774 1341 1006 1353 eeeeeeeeeeee

156 1422 252 1454 Med.
270 1432 321 1463 pr.
353 1423 438 1453 hoste
455 1432 516 1463 pro
533 1425 601 1453 arte
616 1421 700 1453 Exc.
725 1422 914 1453 Voss—96
935 1422 1040 1462 patris
1056 1421 1151 1453 Med.
1169 1426 1281 1462 quart.
1298 1420 1397 1460 patrii
1412 1420 1492 1450 Var.
1516 1419 1584 1450 LL.
1604 1430 1622 1450 e

156 1466 308 1506 margine
327 1466 443 1496 l’arm.
467 1469 533 1496 erut
552 1475 612 1506 pro
628 1475 714 1496 ‹tnwr
732 1465 825 1496 Med.
844 1468 983 1505 piu—07
1006 1466 1076 1506 pius
1088 1465 1187 1496 anneis
1202 1465 1283 1495 inest
1299 1464 1377 1494 Vat.
1397 1463 1505 1504 quint.
1525 1462 1621 1493 Leid.

156 1518 208 1549 pr.
228 1508 321 1540 Med.
338 1514 450 1549 quart.
471 1509 550 1539 Put.
577 1509 698 1539 I'etav.
717 1518 768 1548 pr.
792 1508 886 1539 Prie.
916 1509 1006 1548 prius
1032 1508 1125 1539 Med.
1153 1517 1206 1548 pr.
1234 1508 1316 1538 Vat.
1345 1515 1393 1547 pr.
1421 1506 1495 1536 Pal.
1519 1506 1622 1536 Farn.

152 1555 222 1592 post
246 1552 346 1582 amnis
372 1552 460 1591 vulg.
489 1551 571 1582 iners
596 1551 806 1583 Simia—98
830 1551 920 1591 pinus
954 1551 1010 1582 ed.
1043 1552 1247 1582 vicen—99
1273 1550 1413 1587 Fingunt
1445 1550 1525 1579 Vat.
1552 1553 1623 1588 opt.

155 1594 300 1633 Pingurzt
328 1599 396 1625 vet.
413 1596 499 1635 Gyr.
517 1595 638 1625 l'etav.
656 1604 706 1634 pr.
734 1603 753 1625 a
769 1604 814 1625 m.
841 1604 910 1625 sec.
947 1594 1085 1634 Tingunt
1104 1594 1177 1624 Pal.
1196 1594 1296 1625 Farn.
1314 1592 1405 1623 Prie.
1422 1592 1505 1623 Exc.
1524 1591 1622 1630 Laeti,

156 1637 254 1668 Leitl.
274 1647 324 1677 pr.
341 1638 397 1678 qni
415 1642 449 1668 et
465 1638 609 1668 udunzate
625 1637 727 1668 habet
751 1647 813 1678 pro
833 1639 1115 1669 adamanta—101
1139 1637 1276 1667 stridunt
1302 1637 1381 1666 Vat.
1406 1645 1457 1675 pr.
1487 1639 1523 1665 ot
1547 1634 1623 1664 Pal.

152 1681 285 1711 strident
303 1681 395 1711 Prie.
412 1680 507 1711 Med.
531 1685 643 1721 quart.
660 1689 823 1720 cursusque
838 1681 919 1711 Vat.
936 1691 988 1720 pr.
1011 1681 1219 1712 Famis—103
1247 1680 1318 1709 Non
1346 1678 1420 1708 Pal.
1456 1678 1515 1708 imo
1540 1677 1621 1707 Vat.

153 1726 313 1763 ρι·.-104
337 1734 396 1763 qua
415 1723 446 1762 f.
470 1734 495 1753 s.
523 1724 581 1753 imo
598 1725 780 1762 Angustam
796 1724 919 1754 I'etav.
936 1733 988 1763 pr.
1019 1724 1093 1764 quin
1108 1724 1190 1754 Lov.
1208 1727 1243 1753 et
1259 1727 1328 1752 vct.
1347 1722 1432 1761 Gyr.
1449 1724 1621 1761 corrupte.

153 1776 211 1807 qua
227 1766 322 1798 Med.
340 1766 418 1800 duo.
452 1777 512 1797 uno
528 1767 606 1798 Vat.
631 1777 683 1808 pr.
712 1767 787 1798 Pal.
810 1767 913 1797 Faru.
930 1767 1130 1798 Pric.—105
1155 1767 1337 1805 Angustam
1359 1764 1413 1795 cd.
1444 1764 1556 1795 Parm.
1587 1767 1623 1794 et

817 1864 960 1896 NOTAE

913 1961 950 1982 ro
967 1951 1099 1991 Lupam
1116 1950 1236 1981 Po'ctae
1253 1958 1436 1989 puerorum
1454 1947 1619 1978 nutricem

911 2001 1041 2041 fingere
1071 2002 1278 2038 maluerunt,
1310 1999 1400 2039 quod
1430 1998 1565 2029 Heroas
1597 2008 1618 2027 a

911 2052 992 2083 feris
1005 2052 1165 2082 educatos
1189 2051 1350 2081 inducere
1373 2058 1439 2079 non
1464 2047 1621 2088 displice-

151 1946 206 1987 do,
221 1949 298 1989 qnia
319 1949 448 1980 mulcet
473 1950 650 1992 mollitque
675 1949 804 1982 ferrum
822 1955 858 1982 et

151 1999 218 2029 alia
246 2000 384 2031 metalla
410 2001 598 2041 Vulcanus,
622 2006 658 2032 et
685 2002 790 2033 vertit
814 2002 856 2032 ad

150 2059 233 2090 quos
250 2050 395 2081 voluerit
411 2061 500 2083 usus.

192 2102 235 2131 96
261 2101 392 2131 Patrius
420 2102 577 2132 Mavortis
601 2102 702 2141 amor]
727 2102 766 2132 In
793 2102 855 2133 lioc

148 2159 270 2190 nempe
294 2151 417 2191 clypeo
446 2151 596 2191 pingitur
623 2152 714 2182 Mars
740 2162 855 2183 amans

147 2199 279 2232 Rhcam
309 2201 478 2242 Sylviam:
517 2202 704 2241 pinguntur
730 2206 765 2232 ct
790 2202 855 2233 Ro-

146 2253 255 2283 mulus
273 2257 308 2283 et
327 2252 468 2289 Renum,
486 2252 584 2292 pueri
602 2253 716 2283 Marte
732 2253 808 2283 sati.

189 2305 229 2334 97
255 2303 335 2333 Pius
361 2303 476 2343 amnis]
500 2303 645 2343 Tiberis,
672 2303 729 2344 qui
758 2305 853 2345 quasi

146 2354 219 2396 pins
249 2354 354 2386 fuerit
379 2356 412 2385 in
441 2365 563 2396 pueros
589 2356 778 2395 expositos,
802 2365 853 2388 re-

146 2406 289 2437 traxisse
318 2416 422 2447 aquas
445 2406 583 2445 dicitur,
608 2411 646 2437 ut
674 2406 713 2437 iis
737 2416 852 2447 paree-

145 2461 210 2487 ret.

187 2507 299 2538 Bellua
316 2506 445 2546 nutrix]
487 2507 583 2547 erpa
608 2507 754 2546 scilicet,
775 2517 849 2548 quae

144 2555 288 2588 Remum
307 2562 341 2588 et
356 2557 537 2588 Romulum
562 2558 683 2588 aluisse
712 2557 848 2589 dicitur.

144 2606 218 2638 Hos
235 2618 314 2639 vero
343 2608 427 2638 aluit
454 2608 548 2639 Acca
571 2608 756 2638 Laurentia
781 2617 849 2638 me-

143 2657 263 2696 retrix,
288 2658 443 2689 Faustini
471 2658 617 2698 pastoris
641 2667 737 2688 uxor.
776 2658 848 2689 Me-

145 2706 286 2738 tetricos
300 2713 414 2739 autem
430 2708 534 2740 dictae
552 2713 631 2740 sunt
646 2709 767 2749 Lupae.
806 2708 847 2740 Id

143 2755 233 2797 quod
250 2754 371 2789 fabulae
388 2757 486 2789 dedit
500 2759 723 2791 occasionem.
760 2759 846 2791 Por—

911 2107 983 2133 ret:
1009 2102 1057 2132 sic
1084 2102 1194 2141 Cyrus
1216 2111 1235 2131 a
1259 2101 1350 2131 Cane
1375 2099 1542 2129 nutritus:
1568 2098 1616 2128 sic

911 2151 1062 2182 Achilles
1074 2150 1218 2182 medulla
1233 2149 1357 2181 Leonis
1370 2153 1504 2189 pastus:
1521 2153 1557 2180 et
1571 2149 1620 2179 illi

910 2202 1086 2233 fortissimi
1104 2205 1296 2232 evaserunt.

952 2257 993 2284 98
1019 2252 1159 2292 Electro]
1184 2252 1360 2282 Electrum
1385 2251 1439 2282 vel
1465 2255 1519 2282 est
1546 2259 1619 2281 suc-

909 2304 1035 2344 cinum,
1052 2304 1105 2334 vel
1122 2303 1295 2334 metallum
1323 2311 1475 2340 aureum,
1498 2301 1531 2331 in
1548 2310 1615 2342 quo

908 2355 1072 2387 miscetur
1088 2355 1207 2396 quinta
1224 2363 1299 2394 pars
1316 2351 1460 2392 argenti.

953 2409 1011 2437 101
1030 2405 1183 2446 Zephyri]
1200 2405 1327 2435 Notum
1344 2401 1498 2433 omnibus
1518 2402 1613 2434 Deos

907 2455 991 2487 ferri
1008 2456 1120 2487 ventis
1137 2454 1343 2486 afflantibus.

950 2510 1011 2538 105
1035 2506 1146 2547 Alpes]
1181 2506 1318 2536 Montes
1349 2508 1427 2534 sunt
1461 2502 1612 2534 altissimi

904 2558 993 2589 inter
1006 2558 1155 2589 Galliam
1182 2562 1217 2587 et
1245 2555 1393 2594 Italiam,
1420 2559 1455 2585 et
1473 2553 1611 2595 utrique

905 2608 1035 2649 regioni
1059 2609 1151 2639 velut
1172 2606 1364 2638 communia
1381 2606 1545 2643 claustra,
1562 2611 1612 2636 at-

904 2669 969 2699 que
986 2659 1150 2700 repagula
1168 2657 1268 2688 variis
1295 2657 1435 2696 rupibus
1459 2655 1608 2687 salebro-

903 2718 952 2740 sa.
988 2710 1060 2740 Hos
1080 2713 1223 2747 montes,
1236 2706 1346 2747 ruptis
1363 2706 1443 2747 igne
1459 2711 1496 2738 et
1509 2710 1607 2738 aceto

902 2760 1004 2802 saxis,
1020 2758 1197 2801 superavit
1213 2757 1372 2790 Annibal.
