1852 3193
231 217 317 261 408
720 227 795 257 cn.
828 222 1109 256 CLAUDIAM
1144 223 1229 253 xv.

233 325 438 366 Offensus
460 324 641 365 stridore
657 323 776 363 tubae
796 335 805 361 :
838 320 1072 374 discatque
1095 324 1294 369 coactus,

234 391 361 443 Quas
381 393 532 445 vigilat
553 390 734 438 Veneri,
759 389 917 429 castris
936 388 1187 441 impendere
1209 393 1374 429 noctes.
1605 387 1691 428 450

231 460 389 501 Nonne
412 460 520 500 niori
544 459 699 506 satius,
728 456 830 497 vitae
853 469 984 510 quam
1007 455 1115 496 serre
1138 456 1344 508 pudorem
1363 456 1381 494 'l

229 527 347 568 Nam
370 542 468 580 quae
485 528 576 581 jain
599 526 717 578 regio
738 527 886 573 restat,
910 524 963 573 si,
987 523 1132 564 dedita
1157 523 1330 563 Mauris

228 594 441 647 Regibus,
465 594 655 648 Illyricis
679 593 914 633 accesserit
936 590 1093 632 Africa
1116 590 1323 631 damnis?

225 661 255 701 J
259 676 310 702 us
332 663 522 711 Latium,
542 662 663 715 quod
686 665 788 701 tunc
813 659 979 709 Meroe,
1001 661 1214 712 rubroque
1231 659 1405 699 solebat

227 728 407 771 Oceano
430 731 559 782 cingi,
582 729 808 784 Tyrrhena
824 728 1043 769 clauditur
1062 728 1182 768 unda
1195 728 1212 767 ’ἒ
1602 726 1690 769 455

225 796 284 837 Et
306 798 377 837 cui
398 811 486 837 non
507 797 655 847 Nilus,
677 810 762 837 non
784 796 928 836 intulit
951 796 1079 836 India
1100 800 1255 844 metas,

225 864 416 906 Romani
431 867 525 920 jam
546 866 643 905 finis
666 865 747 905 erit
766 864 995 904 Trinacria
1016 864 1166 916 regni?

223 932 291 973 Ite
312 934 543 986 recepturi,
566 932 719 985 praedo
742 945 869 983 quem
891 931 1080 980 sustulit,
1105 944 1252 980 axem,

221 999 518 1053 Ereptumque
541 998 727 1038 Notum.
791 997 940 1049 Caput
959 998 1254 1050 insuperabile
1271 1010 1411 1036 rerum

220 1067 314 1108 Aut
329 1070 436 1115 ruet,
455 1067 498 1105 in
518 1065 677 1104 vestris
698 1067 772 1104 aut
794 1063 929 1103 stabit
952 1063 1098 1103 Roma
1118 1064 1313 1104 lacertis.
1600 1064 1685 1105 460

219 1134 307 1175 Tot
327 1133 431 1174 mihi
453 1132 619 1173 debetis
641 1130 850 1184 popuIOS,
870 1133 938 1170 tot
960 1143 1072 1179 rura,
1094 1133 1159 1171 tot
1179 1131 1307 1170 urbes

217 1201 437 1242 Amissas.
499 1199 599 1240 Uno
622 1199 809 1252 Libyam
828 1197 1050 1239 defendite
1070 1198 1201 1239 bello.

218 1270 405 1311 vestros
428 1268 663 1321 imperium
683 1279 843 1317 remos,
866 1269 907 1306 et
928 1269 1072 1307 vestra
1089 1270 1295 1320 sequatur

216 1385 398 1416 saltationes
412 1386 600 1423 canentium,
616 1384 688 1425 ipse
700 1386 789 1415 lcesus
803 1386 946 1424 clangore
961 1384 1057 1425 talne,
1069 1387 1098 1415 et
1111 1384 1229 1415 inritus
1239 1384 1338 1414 discat
1354 1382 1507 1414 insumere
1523 1382 1555 1413 in
1571 1383 1684 1414 castris

216 1432 329 1468 noctes,
342 1438 418 1467 quas
432 1428 559 1458 insumit
576 1428 609 1458 in
623 1427 842 1468 voluptatibus.
886 1429 938 1459 An
954 1438 1013 1458 nou
1025 1431 1192 1468 proestaret
1208 1427 1315 1465 emori,
1342 1435 1433 1466 quam
1454 1425 1525 1466 pati
1550 1426 1613 1456 hoc
1630 1427 1683 1456 de-

216 1473 306 1502 decus
326 1469 425 1502 vitoe?
471 1472 599 1501 Etenim
626 1481 694 1511 quce
710 1472 781 1509 jam
810 1481 866 1501 ora
894 1474 1033 1512 superest
1046 1470 1156 1510 nobis,
1178 1470 1205 1500 si
1226 1469 1352 1509 Africa,
1374 1468 1500 1499 subacta
1522 1479 1540 1499 a
1556 1468 1682 1508 regibus

214 1514 351 1554 Mauris,
365 1515 499 1544 addatur·
507 1514 645 1551 jacturae
661 1512 822 1554 Illyriae?
868 1514 1039 1555 Imperium
1056 1514 1175 1552 Italiae,
1192 1514 1271 1553 quod
1296 1515 1494 1543 consueverat
1519 1515 1592 1542 tunc
1617 1514 1681 1542 ter-

214 1557 329 1587 minari
346 1557 464 1596 ZlIeroe',
480 1560 511 1586 et
542 1557 623 1587 mari
646 1557 750 1596 rubro,
778 1557 966 1588 terminatur
994 1557 1084 1597 aquis
1110 1553 1300 1587 Hetrurz'oe?
1347 1556 1390 1586 Et
1405 1555 1516 1585 Sicilia
1529 1555 1598 1593 jum
1621 1554 1683 1585 erit

213 1599 301 1629 limes
315 1600 444 1638 Imperii
458 1600 604 1639 Romani,
615 1600 665 1629 cui
691 1610 750 1630 non
767 1601 864 1631 Nilus
878 1601 964 1631 dedit
990 1600 1117 1638 limites,
1145 1609 1204 1630 non
1219 1599 1321 1629 India.
1367 1599 1539 1638 Properate
1554 1597 1680 1628 milites

212 1642 393 1672 rcstituturi
407 1643 577 1680 regionem,
604 1646 633 1672 et
659 1646 807 1673 tractum
822 1644 1001 1673 Australem
1024 1642 1173 1682 ablatum,
1199 1652 1286 1682 quem
1303 1641 1408 1672 Gildo
1430 1642 1538 1680 praedo
1564 1640 1681 1679 cripuit

212 1684 324 1715 nobis.
370 1684 470 1715 Roma
486 1687 577 1724 caput
593 1685 777 1714 indomitum
794 1685 921 1724 Mundi,
937 1688 992 1715 aut
1014 1686 1103 1714 cadet
1130 1685 1163 1714 in
1189 1684 1326 1714 brachiis
1348 1684 1472 1722 cestris,
1495 1686 1549 1713 aut
1571 1682 1680 1714 stabit.

212 1726 347 1758 Debetis
361 1727 438 1757 mihi
453 1730 500 1757 tot
513 1730 635 1766 gentes,
652 1729 697 1757 tot
710 1736 814 1766 agroS,
826 1730 870 1757 tot
888 1728 999 1767 oppida
1015 1730 1140 1766 erepta:
1162 1726 1312 1756 tutamini
1328 1725 1461 1765 Libyam
1476 1734 1534 1755 uno
1559 1726 1679 1765 praele'o.

213 1770 383 1810 Imperium
409 1770 574 1800 comitetur
592 1773 710 1800 vestras
731 1780 836 1808 παῖε-ς,
865 1773 896 1800 et
921 1771 987 1800 cela
1014 1773 1129 1801 vestra.
1175 1769 1327 1799 Reducite
1352 1772 1440 1799 trans
1467 1767 1567 1799 maria
1595 1769 1678 1808 leges

803 1853 1037 1865 eeeeeeeeeeee

208 1897 305 1929 Med.
325 1900 548 1939 quarn—449
574 1897 720 1939 Offensus
735 1897 846 1929 Oxou.
865 1908 932 1930 sec.
959 1899 1110 1928 Ostensus
1125 1898 1208 1928 Exc.
1225 1896 1433 1928 Laeti.-450
1467 1895 1577 1935 vigilet
1593 1895 1677 1928 Put.

204 1941 327 1982 jugulat
340 1941 454 1971 Vicet.
471 1941 605 1972 vitiose.
629 1942 798 1981 castrisque
815 1942 868 1972 cd.
886 1941 1107 1973 vicen—451
1133 1951 1224 1981 quam
1236 1940 1310 1971 vitoe
1327 1943 1473 1980 quatuor
1489 1939 1584 1970 Vatt.
1602 1938 1677 1972 Pal.

207 1984 297 2015 Flor.
315 1983 411 2015 Med.
429 1994 496 2014 sec.
517 1984 611 2016 Leid.
630 1994 698 2014 sec.
712 1985 844 2015 Thuan.
862 1985 939 2015 Pat.
956 1984 1076 2015 Anibr.
1096 1989 1175 2015 tert.
1201 1983 1273 2014 ritoe
1294 1993 1385 2023 qaam
1401 1983 1498 2013 Rott.
1522 1981 1678 2013 Oisel.-—

205 2029 270 2058 452
294 2037 434 2067 quoeuam
451 2028 580 2057 Mazar.
614 2037 682 2067 qua>
695 2027 764 2065 jam
783 2028 834 2058 vel
851 2037 992 2067 quamam
1009 2028 1096 2059 Exc.
1112 2027 1212 2058 Laeti.
1246 2028 1345 2057 restat
1361 2025 1448 2064 regio
1464 2025 1589 2057 Moret.
1605 2034 1673 2057 sec.

204 2069 310 2100 debita
326 2070 479 2100 Florent.
499 2070 581 2100 Put.
599 2070 713 2100 Oxou.
731 2080 782 2110 pr.
807 2071 935 2101 Moret.
955 2080 1005 2110 pr.
1036 2070 1102 2101 duo
1127 2069 1330 2101 Mem—453
1368 2068 1491 2099 illicitis
1516 2068 1596 2099 Vat.
1624 2077 1675 2108 pr.

205 2122 250 2143 m.
268 2123 321 2152 pr.
339 2113 550 2143 Fam—454
573 2113 667 2143 Latio
683 2114 762 2144 Vat.
781 2118 862 2145 tert.
901 2114 1000 2144 lutum
1012 2114 1095 2145 Exc.
1111 2113 1251 2144 Gevart.
1273 2122 1353 2143 nunc
1369 2111 1463 2142 Prie.
1487 2114 1560 2141 tunc
1576 2111 1674 2144 Leid.

205 2163 257 2195 pr.
288 2155 410 2186 Petav.
439 2165 491 2193 pr.
525 2155 710 2186 Pau-455
740 2156 837 2195 jungi
860 2156 980 2188 Sched.
998 2156 1198 2188 Gna—456
1225 2155 1295 2193 jam
1320 2155 1415 2187 Nilus
1440 2154 1553 2185 Oxou.
1578 2163 1673 2195 pr.—

205 2199 270 2228 459
294 2197 500 2237 Erectumque
517 2198 630 2228 Oxou.
648 2201 828 2229 sem—460
867 2199 921 2230 Vel
945 2203 1015 2230 ruet
1043 2204 1078 2230 et
1105 2199 1151 2230 rel
1178 2199 1275 2230 stabit
1299 2198 1425 2229 Moret.
1443 2206 1510 2228 sec.
1542 2199 1616 2228 ruat
1639 2197 1674 2228 in

203 2239 319 2270 ‘nostris
333 2240 407 2271 Pal.
423 2240 574 2270 Florent.
592 2240 688 2271 Med.
714 2251 765 2280 pr.
791 2251 876 2272 unus
893 2242 1013 2273 Heins.
1030 2242 1167 2272 Tholos.
1195 2242 1261 2272 duo
1274 2240 1392 2272 Ambr.
1410 2240 1494 2272 Cod.
1508 2240 1671 2270 Barth.—

204 2284 267 2313 461
291 2282 419 2313 dilectos
446 2283 521 2314 Pal.
548 2283 641 2313 Med.
673 2292 723 2322 pr.
747 2292 832 2314 unus
861 2284 983 2315 Heins.
1009 2285 1087 2322 jura
1111 2286 1189 2315 Vat.
1218 2294 1287 2315 sec.
1316 2284 1391 2315 Pal.
1420 2284 1516 2314 Rott.
1541 2282 1671 2314 Thuan.

204 2325 331 2357 Mazar.
348 2325 414 2356 duo
432 2326 551 2357 Petav.
584 2335 659 2356 rura
686 2325 865 2357 duodecim
884 2327 951 2358 alii.
985 2337 1061 2358 rura
1086 2328 1138 2359 vel
1162 2328 1240 2366 jura
1264 2327 1342 2358 Vat.
1368 2328 1526 2367 pr.-—463
1564 2327 1668 2356 vestra

243 2489 306 2518 453
330 2487 485 2529 Illyricis]
529 2488 649 2529 Illyria
670 2492 775 2530 capta
791 2487 904 2520 fuerat
1007 2492 1069 2520 457
1097 2488 1275 2528 Trinacria]
1296 2487 1412 2519 Sicilia
1427 2485 1488 2517 ἀπὸ
1502 2486 1564 2516 τῶν
1576 2486 1669 2526 τριῶν

200 2547 239 2569 ac
257 2542 391 2570 vastata
407 2540 448 2570 ab
465 2539 615 2572 Alarico.
958 2539 1067 2579 ἆκρῶν,
1085 2549 1104 2569 a
1133 2539 1240 2570 tribus
1264 2536 1519 2579 promontoriis,
1546 2540 1584 2567 ut
1612 2546 1666 2567 su-

241 2591 305 2620 454
342 2589 466 2629 Meroe]
514 2590 638 2631 Hodie,
656 2591 831 2631 Gueguere,
855 2590 903 2621 in·
957 2600 1019 2631 pra
1035 2589 1164 2621 dictum
1180 2594 1244 2620 est.

200 2639 273 2670 sula
290 2649 389 2681 quam
406 2641 505 2672 Nilus
522 2640 636 2673 efficit.
998 2644 1062 2672 459
1087 2640 1220 2680 Notum]
1251 2640 1411 2669 Tractum
1429 2647 1489 2668 seu
1506 2635 1662 2668 Africam

240 2693 301 2721 455
330 2691 504 2732 Tyrrhena]
550 2693 736 2732 Hetrusca,
758 2702 816 2723 seu
832 2702 900 2723 ma-
959 2692 1166 2731 Australem,
1185 2691 1238 2721 vel
1255 2690 1494 2721 Meridianam.

198 2739 224 2769 ri
253 2739 374 2781 infero,
398 2742 487 2783 quod
505 2748 540 2774 et
556 2743 766 2783 Tyrrhenum
784 2743 900 2784 appel-
997 2745 1059 2773 463
1084 2740 1267 2782 Imperium]
1295 2741 1518 2780 Quocumque
1534 2748 1659 2778 remos,

196 2790 297 2821 lfltffl'-
955 2802 1125 2835 navesque
1141 2791 1262 2833 agazi&
1277 2789 1437 2831 vincatis,
1464 2793 1500 2821 et
1522 2789 1570 2822 sie
1598 2799 1658 2820 vos
