1857 3177
525 229 571 258 IN
610 228 746 258 PROB.
782 227 841 255 ET
874 226 1021 255 OLYB.
1054 225 1193 254 CONS-

138 326 315 366 AEstix‘o
339 326 526 366 candore
558 325 690 365 mori:
724 324 803 365 sed
826 322 976 365 vivida
997 320 1171 361 frondet

139 393 405 446 AEquaevum
426 393 663 445 complexa
685 396 821 444 caput
843 405 853 431 :
886 389 1058 430 taurina
1078 388 1281 427 levantur

138 458 318 500 Cornua
340 459 612 511 temporibus
633 472 791 498 raucos
806 455 1010 497 sudantia
1032 456 1165 496 rivos.

138 526 382 566 Destillant
406 539 481 578 per
502 531 662 578 pectus
687 539 813 579 aqua:
836 539 844 565 :
877 525 1000 564 frons
1018 522 1198 575 hispida
1214 523 1367 561 manat

139 593 360 633 Imbribus
379 606 387 632 ε
412 593 454 632 in
478 593 671 645 liquidos
691 593 834 632 sontes
858 605 903 631 se
921 592 1061 630 barba
1082 589 1288 642 repectit.

138 659 267 700 Palla
287 673 442 711 graves
464 660 670 699 humeros
695 660 828 706 velat,
853 670 987 710 quam
1010 662 1189 696 nex-erat
1210 668 1325 696 uxor

138 726 238 776 Ilia,
265 739 523 779 percurrens
545 728 707 766 vitreas
729 726 808 765 sub
831 724 999 776 gurgite
1024 723 1150 762 telas.

196 794 275 835 Est
296 795 340 834 in
359 794 581 834 Romuleo
604 793 901 845 procumbens
920 791 1064 830 insula
1084 789 1225 839 Tibri,

138 859 243 910 Qua
261 860 428 901 medius
446 861 640 912 geminas
662 858 867 899 interfluit
894 858 1043 898 alveus
1064 857 1198 896 urbes

137 929 369 970 Discrctas
410 928 624 968 subeunte
658 926 787 975 freto,
820 927 1068 978 pariterque
1090 925 1310 964 minantes

137 994 291 1049 Ardua
312 996 531 1048 turrigerae
556 999 736 1047 surgunt
759 996 801 1035 in
824 994 1016 1034 culmina
1046 993 1171 1045 ripae.

134 1101 192 1132 soli
216 1101 400 1140 extinguere
426 1110 499 1131 earn
529 1101 670 1130 adustam
705 1101 805 1130 calore
829 1100 969 1130 oestntis:
993 1101 1026 1128 at
1050 1098 1106 1127 illa
1134 1097 1241 1135 rigens
1259 1095 1449 1134 frondescit,
1471 1097 1600 1135 cingens

134 1144 279 1174 verticem
294 1154 426 1174 coaecum
442 1154 450 1173 .·
473 1153 585 1173 cornua
610 1143 693 1173 tum-i
710 1142 870 1172 cornibus
887 1141 1010 1170 similia
1025 1140 1209 1169 attolluntur
1225 1139 1416 1178 ‹fflmdentin
1430 1148 1471 1170 ex
1484 1142 1598 1178 tempo-

136 1186 346 1226 ribusfluvios
361 1196 482 1215 sonoros
496 1197 505 1215 :
529 1196 615 1224 uqiue
634 1185 740 1225 fluunt
754 1194 808 1224 per
824 1185 945 1214 sitium.-
969 1182 1062 1220 frons
1077 1182 1198 1212 liii-sata
1220 1183 1322 1211 stillat
1337 1181 1454 1220 pluviis
1470 1192 1479 1211 :
1503 1181 1598 1212 barba

136 1238 168 1259 se
182 1229 334 1268 componit
352 1228 496 1266 insontes
512 1230 610 1257 clm-ns
623 1238 632 1256 .·
655 1228 782 1267 pultium
809 1227 886 1264 tcgit
913 1226 1054 1255 humeros
1071 1226 1223 1262 ingentes,
1239 1225 1316 1263 quot!
1335 1224 1473 1262 pallium
1489 1224 1600 1261 conjux

137 1271 201 1302 Ilia
217 1274 370 1307 texuerat,
387 1271 546 1311 conficiens
566 1271 645 1299 tetus
660 1269 857 1308 crystallinus
878 1268 931 1297 sub
947 1267 1062 1296 vortice
1079 1276 1148 1296 suo.
1200 1266 1301 1295 Insula
1326 1268 1369 1294 est
1385 1266 1446 1295 situ
1462 1266 1493 1294 in
1513 1266 1601 1295 Tibri

137 1313 297 1351 Romuleo,
321 1322 378 1352 qua
396 1312 517 1352 fluvius
546 1312 747 1350 inem-positus
771 1311 886 1348 irrigat
911 1309 1003 1338 velut
1019 1309 1095 1337 duas
1123 1307 1212 1337 urbes
1224 1310 1384 1346 separatas
1400 1308 1488 1346 aquis
1504 1307 1601 1336 inter-

125 1354 309 1395 fluentibuS,
338 1357 369 1385 et
398 1355 505 1384 littora
530 1354 648 1383 excelsa
661 1353 823 1392 aqualiter
845 1356 880 1381 et
897 1352 1013 1381 turrita
1029 1349 1214 1380 attolluntur
1231 1349 1262 1378 in
1278 1349 1370 1378 moles
1383 1350 1473 1379 altus.
1521 1349 1600 1379 Con-

752 1419 988 1431 eeeeeeeeeeee

136 1466 216 1505 dno,
231 1466 332 1497 Farn.
350 1466 441 1497 Prie.
476 1466 621 1505 gramina
647 1466 742 1495 Prie.
766 1474 784 1494 a
806 1474 849 1495 m.
868 1474 917 1504 pr.
953 1462 1101 1502 gramina
1129 1462 1202 1491 collo
1232 1460 1472 1491 Moret.—219
1496 1460 1603 1492 int-ida

134 1510 260 1549 spondet
276 1509 329 1540 ed.
357 1510 469 1540 Vicet.
500 1508 650 1546 frondent
682 1508 806 1538 Moret.
832 1514 866 1537 et
892 1507 971 1536 Vat.
999 1506 1212 1545 quint—221
1233 1513 1294 1544 pro
1318 1512 1424 1533 raneos
1441 1503 1602 1535 Heinsius

135 1552 336 1592 conjiciebat
355 1551 457 1591 flavos
485 1552 539 1582 vel
557 1552 800 1589 glaucos—222
823 1550 979 1580 distillant
995 1549 1220 1578 vicen—223
1246 1547 1374 1585 repectit
1392 1546 1514 1576 Moret.
1532 1546 1599 1577 duo

135 1595 215 1625 Vat.
232 1595 298 1624 duo
315 1594 410 1625 Med.
432 1595 531 1624 Farn.
564 1594 687 1624 Petav.
716 1603 766 1633 pr.
792 1592 924 1632 reflectit
950 1591 991 1622 al.
1016 1590 1141 1621 resolvit
1168 1599 1252 1619 nnus
1268 1589 1385 1619 Barth.
1402 1593 1436 1618 et
1452 1589 1601 1621 Palmer.

135 1636 250 1677 recepit
266 1637 379 1668 Vicet.
394 1637 508 1667 Parin.
528 1636 606 1667 Ald.
623 1636 853 1675 Isingr.-—2·25
880 1634 942 1665 Ilia
958 1634 1036 1664 Vat.
1056 1637 1126 1673 opt.
1147 1632 1270 1662 Moret.
1288 1632 1408 1662 Petav.
1426 1641 1477 1670 pr.
1493 1636 1528 1662 et
1545 1631 1599 1662 ed.

135 1679 248 1711 Vicet.
285 1679 337 1709 Illi
355 1679 432 1709 Vat.
450 1679 558 1719 quint.
587 1679 682 1709 Leid.
709 1688 758 1718 pr.
780 1679 856 1708 Pal.
883 1677 978 1707 Prie.
1006 1677 1090 1707 Exc.
1108 1675 1208 1705 Laeii.
1244 1674 1444 1714 procumbens
1456 1683 1517 1713 pro
1530 1684 1602 1713 per-

134 1731 260 1752 currens
289 1723 474 1753 Par—226
502 1722 664 1752 Heinsius
693 1721 727 1751 iu
759 1720 910 1760 margine
942 1719 1060 1759 primae
1087 1727 1155 1748 suae
1184 1717 1267 1748 edit.
1295 1716 1380 1755 legit
1407 1726 1600 1756 procurrens,

136 1767 241 1796 —227
267 1764 335 1800 Quo
351 1764 432 1796 Ald.
449 1765 546 1797 Junt.
564 1764 675 1796 Colin.
712 1763 828 1794 mettius
840 1762 983 1802 geminus
996 1761 1117 1792 Petav.
1136 1770 1189 1800 pr.
1226 1759 1381 1801 interfluit
1396 1760 1475 1789 Vat.
1492 1759 1601 1800 quint.

796 1843 942 1876 NOTAE

178 1919 239 1948 221
267 1915 409 1956 Cornua]
442 1916 529 1948 Haec
555 1916 755 1948 tribuuntur
779 1914 840 1946 flu-

137 1966 210 2005 viis,
230 1967 282 1996 vel
305 1966 347 1997 ob
364 1966 540 1997 fremitum
557 1976 718 2006 aquarum
735 1966 840 2005 mugi-

138 2016 280 2054 entium,
297 2017 351 2047 vel
374 2016 454 2057 quia
470 2015 643 2046 finduntur
660 2015 840 2056 aliquando

137 2067 171 2098 in
189 2076 326 2098 cornua.

184 2116 380 2156 Temporibus
389 2115 547 2154 sudantia]
579 2114 782 2145 Emittentia
799 2113 841 2144 ri-

137 2176 198 2198 vos
213 2176 256 2196 ex
273 2170 416 2207 utroque
433 2166 558 2204 capitis
571 2166 692 2196 latere.

179 2219 245 2247 224
263 2215 417 2255 Noverat]
434 2216 485 2245 Ex
502 2224 594 2245 more
611 2219 840 2244 matronarum

137 2271 304 2307 veterum,
321 2276 396 2308 quae
413 2271 524 2297 vestes
537 2265 664 2296 maritis
682 2263 841 2296 conficie-

137 2318 234 2349 bant.

179 2371 241 2399 225
268 2367 347 2407 Ilia]
382 2366 515 2397 Romuli
542 2370 664 2404 mater,
681 2374 766 2396 uxor
782 2364 841 2395 Ti·

136 2419 241 2459 beris,
275 2418 332 2459 qui
363 2418 439 2448 ideo
464 2417 506 2448 ab
536 2417 681 2447 Horatio
704 2416 842 2455 dicitur,

139 2470 149 2486 ‘
162 2469 310 2500 Uxorius
324 2467 452 2498 amnis)

178 2521 243 2550 226
266 2517 432 2557 Romuleo]
450 2517 562 2548 Tibris
580 2516 706 2547 dicitur
719 2516 842 2547 Romu-

138 2570 210 2600 leus
241 2569 445 2610 praesertim,
472 2568 548 2608 quia
579 2567 723 2597 Maritus
755 2566 842 2605 Iliae,

140 2628 215 2658 quae
243 2623 354 2649 mater
385 2622 460 2649 erat
491 2617 647 2655 Romuli3
687 2621 722 2648 et
748 2617 841 2658 quia,

138 2669 281 2699 Romulo
305 2673 342 2700 et
373 2670 480 2700 Remo
510 2667 687 2708 expositis,
717 2666 842 2698 dicitur

141 2726 246 2758 aquas
269 2718 464 2757 retraxisse,
491 2727 533 2749 ne
559 2718 673 2757 pueris
692 2720 842 2748 noceret.

182 2767 403 2809 Procumbens]
430 2768 471 2802 ln
488 2768 664 2811 planitiem
681 2771 843 2809 porrecta

893 1913 1028 1952 insula3
1059 1912 1108 1944 sic
1137 1914 1281 1952 apparet
1309 1909 1351 1940 ob
1374 1908 1498 1940 fretum
1529 1908 1601 1940 ar'c-

896 1968 983 1994 tum.

937 2014 1058 2053 Insula]
1091 2011 1288 2052 Tarquiniis
1305 2010 1441 2050 ejectis,
1456 2009 1599 2049 populus

894 2063 1010 2094 furens
1027 2072 1142 2093 eorum
1159 2067 1292 2101 segetes
1310 2061 1342 2091 in
1363 2069 1482 2099 campo
1507 2059 1600 2090 Mar-

894 2114 944 2144 tio
962 2113 1095 2143 avulsas
1113 2113 1145 2142 in
1160 2111 1306 2142 Tiberim
1329 2110 1497 2149 conjecit:
1522 2109 1600 2140 inde

895 2167 975 2193 nata
989 2162 1098 2192 insula
1116 2162 1148 2191 in
1166 2161 1291 2191 carinae
1304 2159 1447 2190 formam
1460 2159 1600 2197 coaluit,

895 2221 972 2253 quae
1001 2215 1136 2242 saci-ata
1160 2215 1212 2241 est
1239 2209 1445 2249 AEsculapio‚
1467 2213 1501 2240 et
1524 2218 1599 2249 quae

896 2263 1065 2303 serpentis
1096 2261 1273 2302 Epidaurii
1297 2262 1443 2302 appulsu
1472 2259 1601 2292 famosa

897 2318 959 2344 est.

937 2367 1000 2396 227
1026 2362 1291 2402 Geminasurbes]
1315 2361 1448 2393 Tiberis
1462 2361 1510 2392 ita
1523 2371 1600 2402 per-

894 2418 987 2445 meat
1004 2413 1160 2452 Romam,
1189 2417 1226 2443 ut
1249 2412 1326 2442 inde
1346 2410 1534 2442 velutduas
1548 2421 1602 2442 ur-

895 2465 955 2496 bes
970 2464 1108 2496 efficere
1130 2465 1299 2495 videatur.

938 2518 1002 2547 228
1027 2515 1202 2555 Minantes]
1229 2515 1295 2545 Res
1318 2513 1457 2544 altiores
1479 2512 1600 2544 minari

896 2566 1057 2598 dicuntur
1079 2577 1096 2597 a
1124 2566 1248 2597 Poetis.
1293 2564 1477 2605 Virgilius:
1510 2564 1602 2595 ‘Ge-

896 2617 1045 2657 minique
1060 2617 1232 2647 minantur
1257 2615 1292 2645 In
1311 2615 1431 2646 coelum
1446 2613 1600 2654 scopuli.'

939 2669 1003 2697 229
1028 2666 1186 2705 Culminu]
1222 2665 1321 2696 Villae
1355 2664 1510 2695 nimirum
1538 2673 1600 2694 seu

899 2716 1061 2756 praetoria
1103 2714 1329 2746 amoenissima
1356 2719 1466 2745 turres
1498 2713 1599 2744 altius

898 2767 1061 2799 attollunt
1077 2766 1118 2797 ad
1133 2765 1239 2807 ripam
1258 2769 1436 2806 utramque
1450 2764 1481 2796 T
1484 2763 1599 2800 iberis„
