1857 3177
550 247 611 277 DE
646 247 711 278 IV.

744 247 881 279 cons.
916 248 1102 279 nonen.
1476 241 1558 281 279

105 339 288 395 Accipit
308 341 382 383 ille
402 354 559 396 preces
583 343 745 393 varias,
767 343 978 397 tardeque
1001 346 1178 396 rogatus

104 408 303 460 Annuit3
327 414 369 451 et
387 423 546 462 magno
568 423 728 464 pacem
749 423 828 464 pro
850 424 1030 451 munere
1055 411 1204 451 donat.

105 474 355 517 Nobilitant
376 482 550 517 veteres
573 477 839 518 Germanica
861 477 1031 518 foedera
1052 477 1244 525 Drusus,
1477 479 1559 518 -155

108 541 255 583 Marte
278 544 355 584 sed
378 546 577 597 ancipiti,
601 545 678 585 sed
699 544 848 585 multis
869 544 1073 584 cladibus
1094 548 1220 585 emta.

109 606 225 658 Quis
247 610 410 651 victum
433 613 631 653 meminit
653 611 750 653 sola
771 611 1003 652 formidine
1026 611 1227 653 Rhenum
1243 613 1261 650 ’ἕ

108 675 244 727 Quod
263 678 406 730 longis
429 679 503 719 alii
527 680 654 719 bellis
675 682 861 731 potuere
885 678 1050 726 mereri,

108 741 212 784 Hoc
233 745 313 785 tibi
336 746 410 786 dat
430 746 689 785 Stilichonis
712 746 807 786 iter.

870 743 980 784 Post
1001 744 1092 784 otia
1113 743 1235 784 Galli

108 809 299 860 Limitis,
320 811 508 851 hortaris
531 811 694 852 Graias
716 811 871 851 fulcire
893 810 1066 851 ruinas:
1479 814 1562 854 4⁴50

107 929 218 968 recipit
232 930 471 969 supplicationes
485 930 634 969 diversas,
650 934 678 961 ct
695 933 843 961 exoratus
867 940 933 961 sero
949 931 1085 962 concedit
1104 931 1223 971 petita,
1240 932 1352 971 datque
1364 940 1468 971 pacem
1483 931 1563 961 rslut

106 972 219 1002 dorium
235 972 355 1009 ingens.
403 973 474 1002 l'aJ:
500 974 687 1004 Germanica
702 973 833 1004 celebrat
860 974 980 1004 Drusos
994 974 1147 1013 antiquos,
1161 975 1213 1004 sed
1229 974 1359 1014 quoesita
1375 974 1449 1003 bello
1463 974 1565 1009 dubio,

106 1016 138 1044 et
166 1015 324 1053 stragibus
348 1015 464 1046 multis.
505 1015 584 1049 Quis
614 1025 692 1046 vero
720 1017 899 1046 recordatur
923 1016 1061 1045 Rhenum
1085 1016 1242 1046 subactum
1258 1025 1329 1046 esse
1346 1016 1453 1046 timore
1474 1015 1566 1047 solo!

107 1055 267 1093 Profectio
280 1057 460 1087 Stilichonis
473 1058 527 1087 dat
543 1058 615 1095 tibi,
631 1067 649 1087 o
673 1058 818 1096 Honori,
843 1059 920 1097 quod
947 1059 1062 1088 Duces
1078 1059 1172 1089 ceteri
1188 1060 1347 1088 caluerunt
1361 1068 1472 1097 parare
1486 1068 1565 1098 prir-

106 1098 160 1129 liis
185 1100 294 1138 longis.
342 1100 417 1129 Post
444 1109 551 1140 pacem
583 1099 750 1130 redditam
781 1101 813 1130 in
833 1100 954 1140 finibus
987 1100 1112 1139 Gallioe,
1143 1101 1320 1130 ‹arhor-turis
1345 1101 1564 1131 Stilichonem

722 1171 956 1183 eeeeeeeeeeee

109 1213 203 1246 Pric.
221 1216 315 1246 Rott.
335 1215 440 1247 Oisel.
473 1217 596 1248 Cimber
613 1218 696 1257 neg.
715 1227 756 1247 m.
772 1227 821 1257 pr.
837 1217 948 1247 Oxou.
962 1228 1010 1258 pr.
1028 1219 1110 1248 Exc.
1125 1218 1268 1248 Luccns.
1282 1227 1350 1248 sec.
1377 1216 1470 1254 Alsm
1487 1217 1566 1247 Vat.

109 1267 161 1297 pr.
180 1259 277 1288 Farn.
309 1259 382 1289 Albi
404 1261 483 1289 Yat.
514 1266 592 1291 tert.
623 1261 716 1290 Albin
733 1265 810 1290 octo
827 1260 895 1297 alii,
922 1261 1003 1290 item
1030 1261 1108 1290 Var.
1128 1261 1194 1290 LL.
1212 1270 1228 1289 e
1243 1270 1346 1296 marg.
1365 1260 1478 1289 I’arm.
1509 1262 1568 1289 sc-

108 1301 195 1330 rechi
227 1301 306 1331 Vat.
332 1311 382 1340 pr.
411 1302 510 1332 Farn.
542 1303 679 1332 Cheruhi
698 1302 789 1332 l'ric.
824 1303 975 1332 (hertmti
1006 1302 1102 1332 Rott.
1131 1303 1280 1332 Florem.
1315 1302 1466 1331 t'luruclii
1493 1302 1568 1331 Pal.

111 1346 182 1373 tres
213 1343 310 1373 Vatt.
336 1343 478 1374 totidem
507 1344 602 1374 Med.
620 1344 746 1374 Moret.
767 1353 816 1383 pr.
843 1344 974 1374 (sheruct
997 1344 1050 1374 ed.
1068 1345 1181 1374 Parin.
1212 1344 1344 1373 Ceruclti
1361 1343 1479 1373 decem
1498 1344 1567 1378 alii,

107 1384 194 1415 Exc.
213 1385 356 1416 Lucens.
373 1395 422 1425 pr.
440 1386 493 1417 ed.
512 1387 626 1417 Vivet.
661 1386 806 1416 Cheiunti
822 1386 901 1416 Vnt.
919 1391 999 1416 tert.
1027 1386 1173 1416 Cherusci
1190 1387 1273 1416 Exc.
1292 1385 1391 1415 Laeti.
1422 1386 1569 1415 Ceraschi.

111 1427 166 1463 vel
184 1427 339 1458 Cheruchi
353 1432 420 1458 tres
435 1427 552 1459 Ambr.
569 1429 810 1459 'shows-⁴453
825 1429 970 1467 tardeque
983 1429 1066 1458 Exc.
1084 1428 1183 1458 Laui.
1202 1429 1348 1467 tardeque
1367 1427 1418 1457 vcl
1431 1429 1568 1457 {audem-

110 1479 167 1509 que
197 1470 283 1510 Reg.
316 1470 407 1501 Leid.
435 1474 597 1511 piu—456
619 1471 673 1502 sub
690 1471 820 1510 ancipiti
835 1471 959 1501 Sched.
985 1470 1075 1501 Gud.
1103 1472 1152 1501 sal
1168 1470 1569 1509 ancipitiquatuordecim

113 1511 182 1551 alii,
198 1512 282 1543 Exc.
302 1513 446 1545 Lucens.
463 1524 513 1553 pr.
538 1513 592 1544 ed.
621 1514 735 1544 Parm.
763 1519 799 1544 et
827 1513 940 1543 X'icet.
965 1513 1020 1543 sub
1049 1513 1099 1542 vel
1123 1515 1175 1543 scd
1197 1512 1327 1552 ancipiti
1346 1513 1431 1551 Reg.
1450 1511 1569 1542 Ambr.

112 1563 180 1585 sec.
210 1555 316 1585 multis
336 1557 389 1586 sed
417 1556 554 1587 cladibus
582 1556 707 1587 Moret.
732 1566 782 1596 pr.
824 1556 943 1586 casibus
965 1556 1061 1586 Meu.
1087 1562 1196 1595 quart.
1223 1555 1341 1585 casibus
1365 1555 1417 1585 xel
1433 1554 1570 1584 cladibus

112 1596 305 1636 neg—457
333 1598 418 1633 Quia
435 1599 528 1629 Leid.
545 1609 598 1639 pr.
630 1599 766 1629 tinctum
791 1599 939 1629 Floreut.
957 1599 1050 1629 Med.
1066 1604 1175 1638 quart.
1218 1598 1350 1627 Rhetam
1369 1598 1452 1627 Exc.
1471 1597 1570 1627 Laeti.

112 1638 272 1670 Rhetnum
299 1640 394 1670 Rott.
432 1652 561 1679 regnum
580 1642 701 1672 PetaV.
719 1644 904 1672 tert—458
927 1643 1009 1675 Quot
1036 1642 1113 1670 vat.
1131 1641 1347 1680 quint—>1159
1376 1639 1443 1668 Hoc
1458 1648 1571 1678 quoquc

112 1680 179 1713 inc.
203 1681 321 1713 Heius,
351 1683 430 1716 Quae
458 1690 491 1713 et
518 1684 597 1713 Hoec
626 1684 686 1713 tibi
712 1683 790 1714 Put.
830 1684 990 1713 Stiliconis
1017 1684 1096 1713 Vnt.
1125 1693 1174 1723 pr.
1205 1682 1308 1711 Gallis
1324 1682 1388 1711 (luo
1407 1682 1570 1711 Petam.—

113 1725 176 1755 460
201 1724 321 1756 Militis
336 1734 442 1765 marg.
457 1725 578 1766 Isingr.
604 1726 717 1756 sarcire
736 1727 840 1756 ruinas
859 1726 952 1757 ltott.
969 1726 1203 1757 Mamm-401
1225 1725 1347 1764 regitur
1363 1724 1435 1754 celis
1449 1723 1571 1754 l'etav.

773 1813 802 1844 N
811 1812 915 1843 OTAE

158 1884 323 1926 Cherusci]
346 1886 539 1918 Germaniae
564 1887 682 1927 populi
696 1887 816 1917 Trans-

115 1933 267 1966 rhenani.

871 1895 912 1926 pe
927 1894 1053 1924 anceps
1071 1889 1173 1915 estne
1190 1884 1311 1914 dubius
1333 1887 1484 1914 eventus.

912 1939 974 1966 457
1000 1935 1156 1974 Rhenum]
1188 1935 1337 1974 Populos
1348 1934 1501 1964 Rhenum
1517 1942 1574 1963 ac-

158 1986 220 2014 453
241 1985 354 2026 Tarde]
371 1987 562 2027 Majestatis
571 1988 729 2018 Romanae
743 1997 815 2018 esse

116 2039 241 2074 putant
266 2045 331 2065 non
350 2043 495 2076 promte,
525 2037 584 2067 sed
613 2037 710 2067 tarde
737 2047 815 2068 con-

116 2083 242 2114 cedere
259 2085 389 2124 petita;
424 2086 457 2115 id
488 2086 575 2126 quod
607 2091 643 2116 et
675 2085 755 2116 Itali
782 2090 816 2116 ct

118 2133 264 2173 Hispani
278 2134 431 2165 hodierni
449 2135 644 2166 observant.

159 2185 220 2213 455
248 2184 439 2224 Nobilitant]
463 2186 646 2216 Germania
663 2190 783 2225 pacata
800 2196 819 2216 a

117 2231 248 2271 Drusis,
278 2233 368 2274 ipsos
399 2235 581 2265 nobiliores
612 2246 651 2266 ae
679 2236 818 2265 celebri-

117 2292 191 2314 ores
223 2282 324 2315 facit:
358 2285 416 2316 sed
446 2291 559 2316 tamen
577 2285 609 2316 id
628 2286 819 2325 perfectum

117 2342 182 2364 non
212 2338 266 2365 est
289 2335 352 2365 nisi
383 2336 468 2366 hello
500 2341 535 2367 et
565 2337 672 2367 multa
695 2342 820 2376 strage.

117 2384 224 2416 Secus
241 2385 283 2416 de
304 2386 504 2426 Stilichone,
519 2389 575 2427 qui
593 2387 663 2418 solo
680 2387 822 2417 nominis

118 2435 169 2466 sui
200 2440 344 2475 terrore,
371 2436 443 2467 sine
480 2437 583 2475 bello,
615 2436 686 2467 sine
713 2435 822 2475 caede,

119 2485 339 2517 Germaniam
361 2486 502 2517 sedavit.
547 2487 602 2517 Sic
618 2485 737 2527 priscis
755 2486 823 2517 He-

117 2536 234 2568 roibus
245 2536 431 2577 praefertur
445 2537 598 2569 Stilicho.

163 2588 297 2629 Drusus]
329 2591 463 2621 Drusus
494 2594 594 2629 pater
623 2593 659 2620 et
692 2589 822 2620 Drusus

121 2637 222 2677 filius,
249 2640 306 2680 qui
336 2640 379 2671 ob
409 2649 462 2671 res
492 2639 675 2679 praeclaras
703 2643 825 2670 contra

122 2687 324 2729 Germanos,
356 2690 560 2721 Germanicus
584 2694 638 2721 est
654 2688 826 2729 cognomi-

122 2742 232 2769 natus.

166 2790 230 2820 456
253 2788 360 2820 Marte
370 2788 518 2829 ancipiti]
530 2789 640 2829 Bello,
655 2789 709 2830 cuj
715 2797 753 2819 us
763 2797 824 2819 sae-

871 1987 1023 2016 colcntcs
1051 1986 1121 2015 solo
1137 1984 1333 2015 stilichonis
1360 1984 1478 2013 timore
1495 1982 1572 2013 sub-

872 2041 974 2066 actos.
1031 2036 1156 2066 Mirum
1201 2039 1297 2064 certe
1334 2033 1382 2064 ita
1418 2032 1572 2063 Rhenum

872 2095 945 2116 esse
977 2085 1160 2115 domitum:
1194 2083 1254 2114 sed
1286 2093 1361 2123 quae
1391 2082 1574 2122 posteritas

870 2145 936 2165 non
953 2134 1128 2165 mirabitur
1153 2134 1297 2164 eundem
1330 2133 1497 2171 Rhenum,
1521 2142 1574 2163 re-

873 2187 1023 2217 luctante
1050 2186 1192 2215 hostium
1211 2183 1378 2221 exercitu,
1394 2192 1412 2212 a
1428 2182 1575 2213 Ludovi-

873 2246 913 2267 co
926 2237 1052 2276 Magno
1066 2235 1172 2266 tribus
1184 2233 1275 2264 horis
1287 2243 1361 2264 esse
1373 2233 1576 2273 trajectum?

916 2289 979 2317 459
1005 2285 1086 2324 Iler]
1125 2285 1203 2315 Sola
1232 2283 1426 2313 Stilichonis
1456 2282 1510 2312 via
1540 2287 1577 2313 ct

875 2336 1032 2367 celeritas
1044 2335 1180 2375 placans
1193 2332 1422 2369 Germaniam,
1433 2331 1494 2361 tibi
1505 2330 1576 2368 dat,

875 2396 894 2417 o
920 2385 1063 2424 Honori,
1094 2384 1182 2424 quod
1206 2383 1262 2414 alii
1286 2382 1401 2412 facere
1419 2390 1484 2410 non
1501 2390 1576 2421 pos-

877 2441 953 2468 sent
969 2435 1077 2475 longis
1094 2434 1199 2465 bellis.

922 2487 997 2516 Post
1012 2484 1091 2524 otia]
1116 2484 1200 2515 Post
1218 2482 1384 2513 redditam
1397 2481 1504 2513 Gallis
1519 2491 1577 2521 pa-

877 2547 963 2576 cem,
980 2536 1094 2567 deleto
1108 2535 1139 2564 in
1157 2533 1299 2573 Alpibus
1317 2532 1438 2562 Gallim
1455 2530 1576 2561 finibus

878 2587 1031 2627 Eugenio
1055 2587 1225 2626 Tyranno,
1251 2581 1397 2612 hortaris
1419 2580 1578 2611 Stilicho-

879 2648 966 2678 nem,
998 2642 1036 2667 ut
1066 2634 1227 2666 resarciat
1259 2633 1380 2662 damna
1416 2631 1577 2670 Graeciae,

879 2697 955 2728 quae
980 2687 1022 2717 ab
1049 2685 1186 2716 Alarico
1203 2681 1432 2712 vandalorum
1447 2685 1483 2710 et
1497 2679 1578 2711 Ala-

882 2747 999 2769 noi-um
1017 2737 1109 2776 Rege
1127 2739 1259 2764 vastata
1274 2731 1394 2763 fuerat.

926 2790 989 2819 460
1013 2784 1177 2825 Hortaris]
1213 2781 1369 2814 Hortaris
1390 2783 1534 2821 tantum,
1558 2789 1578 2811 o
