1857 3177
562 225 624 254 nu
658 224 722 254 lv.
756 222 891 252 cous.
928 222 1111 250 noxon.
1474 209 1556 249 2421

99 321 244 369 Error,
266 324 309 361 et
329 320 542 373 ambiguae
565 320 710 372 placet
731 317 972 369 ignorantia
991 316 1133 356 matri.
1473 314 1556 354 :210

101 387 287 429 Eurotas
319 388 516 441 proprios
539 387 780 427 discernere
802 385 944 426 nescit
965 385 1182 424 alumnos.

102 455 164 496 Ut
184 455 339 495 domus
359 456 537 507 excepit
559 454 755 501 reduces,
778 454 837 492 ibi
861 452 966 493 talia
987 455 1133 492 tecum

100 521 189 561 Pro
210 535 346 562 rerum
369 522 516 562 stabili
540 522 675 562 fertur
694 521 859 561 ditione
884 520 1081 559 locutus:

157 588 206 628 Si
229 590 303 630 tibi
328 590 590 630 Parthorum
613 589 768 629 solium
794 587 985 627 Fortuna
1007 586 1217 634 dedisset,

99 654 210 696 Care
233 670 352 709 puer,
375 659 583 709 terrisque
605 656 758 709 procul
786 654 1059 694 venerandus
1083 653 1189 694 Eois
1476 649 1560 689 2123

101 723 324 764 Barbarus
347 723 536 764 Arsacio
559 726 839 774 consurgeret
860 733 933 761 ore
964 721 1100 761 tiaras
1119 734 1129 772 ;

101 789 325 830 Sufficeret
346 791 528 830 sublime
550 802 698 841 genuS,
721 789 915 840 luxuque
940 786 1142 827 fluentem

102 857 270 898 Deside
290 857 494 897 nobilitas
516 860 665 909 posset
687 860 727 896 te
753 855 847 895 sola
867 855 992 895 tueri.

99 922 252 964 Altera
272 922 484 964 Romana}
506 923 634 975 longe
654 922 893 962 rectoribus
914 921 1028 962 aulae

101 989 330 1032 Conditio:
371 991 527 1032 virtute
546 990 686 1040 decet,
707 1003 790 1030 uon
809 990 1019 1042 sanguine
1042 988 1134 1031 niti.
1479 984 1562 1026 220

100 1111 164 1150 ipse
179 1112 311 1142 delectat
328 1112 448 1149 Jorcm,
465 1114 494 1141 et
512 1111 636 1140 inscitia
652 1114 768 1140 recreat
788 1111 925 1140 Matrem
940 1109 1076 1140 dubiam.
1102 1109 1239 1138 Eurotas
1253 1116 1311 1137 non
1340 1108 1439 1145 potest
1454 1105 1563 1135 discri-

100 1154 219 1184 minare
231 1155 366 1184 alumnos
377 1163 458 1183 suos.
476 1153 594 1183 Statim
607 1156 697 1192 atque
710 1154 734 1182 A
741 1154 792 1183 ula
804 1153 919 1190 recepit
932 1162 989 1182 vos
1002 1152 1172 1186 redeuntes,
1187 1150 1228 1179 iln'
1238 1148 1445 1179 Theodosius
1458 1156 1565 1176 narra-

96 1198 151 1226 tur
162 1196 280 1226 dixisse
290 1196 353 1226 haec
366 1196 467 1225 verba
478 1199 590 1231 tecam,
603 1206 621 1225 o
640 1195 781 1233 Honori,
793 1205 850 1234 pro
864 1195 1047 1234 Principatu
1060 1193 1163 1223 mundi
1177 1191 1392 1232 confirmando.
1416 1189 1564 1226 Sisatum

101 1239 295 1268 concessisset
312 1239 369 1268 tibi
391 1239 552 1277 imperium
569 1237 767 1275 Parthorum,
784 1237 863 1278 ofili
880 1238 1004 1270 dilecte,
1019 1239 1048 1266 et
1064 1236 1162 1266 tiaras
1178 1234 1367 1264 Barbaricas
1382 1233 1565 1262 reverendus

100 1281 190 1319 longe
202 1281 233 1310 in
246 1281 423 1319 regionibus
433 1281 571 1309 Orientis
582 1280 778 1309 attolleretur
790 1280 934 1318 incapite
949 1282 1001 1308 tuo
1010 1278 1138 1308 Arsacio
1149 1287 1158 1311 ;
1174 1277 1260 1314 origo
1271 1276 1388 1305 excelsa
1400 1274 1477 1304 satis
1489 1276 1564 1303 esset

102 1323 176 1360 tibi,
196 1326 289 1361 alque
318 1332 376 1352 una
393 1322 527 1361 generis
544 1322 671 1351 claritas
696 1322 809 1351 valerzt
829 1326 859 1351 te
883 1321 1036 1350 sustinere
1052 1321 1155 1350 etiam
1173 1319 1361 1359 diffluentem
1377 1317 1454 1345 luxu
1469 1315 1564 1345 molli.

103 1365 208 1403 Longe
217 1365 279 1394 alia
289 1374 353 1395 sors
366 1369 418 1395 est
430 1365 664 1394 Moderatorum
678 1363 809 1403 Imperii
823 1364 973 1393 Romani:
985 1361 1125 1392 convenit
1138 1363 1310 1391 sustentare
1322 1369 1353 1389 se
1365 1358 1492 1396 virtute,
1507 1367 1565 1387 non

718 1435 951 1447 eeeeeeeeeeee

101 1502 221 1533 Petav.
249 1505 327 1533 tert.
344 1502 470 1542 populos
485 1502 568 1532 Var.
587 1501 652 1532 LL.
669 1499 721 1530 ed.
740 1499 843 1530 Antv.
871 1500 1068 1538 Eurotasque
1083 1508 1152 1528 suos
1166 1497 1261 1527 nescit
1278 1497 1352 1527 disc.
1370 1496 1498 1527 Moret.
1515 1505 1566 1534 pr.

101 1547 195 1575 nescit
207 1545 378 1575 discernere
396 1545 470 1575 Pal.
486 1544 581 1575 Mea.
599 1553 648 1584 pr.
664 1543 761 1573 creuit
780 1542 874 1573 Rott.
889 1542 988 1572 cernit
1013 1541 1123 1572 Coda.
1145 1541 1242 1571 Voss.
1259 1540 1350 1570 Leid.
1368 1538 1481 1569 Oxou.
1502 1538 1566 1568 Lo·

102 1597 177 1618 van.
194 1593 229 1618 et
246 1587 402 1618 Puinian.
420 1588 505 1618 Exc.
524 1586 759 1618 Geva1·t.Var.
785 1585 850 1616 LL.
866 1584 919 1615 ed.
932 1583 1037 1615 Antv.
1053 1594 1096 1614 m.
1122 1592 1171 1624 pr.
1189 1583 1284 1613 nescit
1302 1582 1355 1612 vei
1371 1581 1466 1611 cernit
1480 1581 1567 1619 Reg.

101 1631 255 1660 dinoscere
272 1630 505 1661 Mania—212
528 1629 646 1668 accepit
663 1628 729 1659 duo
745 1628 826 1658 Vat.
851 1627 973 1658 Petav.
1001 1636 1048 1666 pr.
1077 1627 1157 1656 Lov.
1183 1626 1264 1657 Jun.
1292 1634 1341 1664 pr.
1359 1624 1483 1654 Moret.
1502 1632 1567 1653 sec.

101 1682 202 1703 secum
220 1672 327 1702 Oisel.
352 1672 447 1703 Med.
465 1682 533 1702 sec.
561 1673 690 1702 Mazar.
715 1680 822 1710 marg.
842 1670 1074 1709 lungun—213
1099 1669 1233 1699 statione
1255 1667 1350 1698 Prie.
1370 1667 1451 1696 Exc.
1468 1665 1567 1695 Voss.

103 1717 208 1746 —214
235 1715 358 1745 Natura
384 1716 462 1746 Put.
491 1715 567 1746 Pat.
597 1724 642 1744 m.
674 1724 722 1754 pr.
749 1712 867 1744 Anibr.
897 1722 948 1753 pr.
978 1712 1104 1743 Moret.
1129 1721 1194 1742 sec.
1225 1710 1345 1741 Sched.
1375 1708 1465 1739 Gud.
1484 1708 1567 1738 Exc.

101 1757 247 1796 schotti,
265 1758 297 1787 in
315 1757 437 1798 quibus
454 1757 646 1789 Gronovius
672 1756 845 1795 ascripsit,
863 1755 930 1786 vid.
948 1754 1023 1785 infr.
1040 1764 1087 1785 vs.
1112 1757 1186 1784 380.
1212 1753 1353 1784 Fortuna
1371 1751 1424 1781 vel
1443 1751 1568 1781 Natura

103 1800 214 1831 oxon.
241 1810 310 1831 sec.
328 1802 360 1830 in
389 1800 590 1841 quibusdam
618 1799 701 1830 Mss.
719 1801 846 1835 natura,
865 1797 925 1829 sed
949 1801 1143 1828 correctum
1160 1795 1415 1833 fortuna.-216
1440 1792 1568 1832 Assyrio

104 1843 181 1874 Vat.
200 1852 252 1883 pr.
276 1844 376 1874 Fan-n.
394 1843 557 1874 Heinsius
575 1846 754 1872 notaverat
771 1841 880 1871 locuni
900 1840 1063 1870 Prudent.
1094 1849 1127 1878 p.
1154 1841 1228 1869 257.
1247 1837 1303 1867 ubi
1331 1846 1371 1867 ex
1391 1840 1458 1866 vet.
1483 1834 1569 1865 eod.

105 1885 185 1917 Put.
204 1886 287 1926 legit
303 1886 427 1925 Assyrii
450 1886 552 1916 tiaroe.
566 1885 667 1923 vulgo
685 1884 730 1914 ibi
759 1884 896 1923 Assyria²
913 1882 1092 1912 edebatur.
1120 1890 1187 1910 cum
1211 1882 1351 1917 surgeret
1376 1878 1442 1908 (luo
1471 1877 1566 1907 Meti.

107 1930 185 1960 Put.
203 1929 330 1960 Mazar.
347 1929 427 1959 Var.
449 1929 516 1959 LL.
534 1927 586 1957 ed.
605 1927 710 1957 Antv.
727 1926 796 1956 orbe
814 1926 879 1955 dno
895 1925 973 1955 Vat.
990 1934 1043 1954 ore
1056 1924 1107 1953 vei
1125 1923 1195 1953 orbe
1208 1922 1415 1952 Farn.—2!7
1430 1920 1570 1960 fluentes

106 1971 180 2002 Pal.
201 1972 296 2002 Med.
317 1971 495 2011 {ir-fluente
511 1971 577 1999 (iuo
593 1969 785 2000 Van-218
804 1967 902 2007 possit
929 1968 1013 2006 Reg.
1043 1966 1336 2004 0x011.4›r.—2·20
1363 1961 1507 1991 Condilio
1523 1964 1568 1991 est

106 2013 218 2043 Oxon.
234 2022 301 2043 sec.
317 2018 499 2052 sequentes
514 2021 594 2042 vero
608 2020 724 2041 versus
741 2011 821 2041 Vet.
839 2009 980 2049 Gyrald.
993 2013 1028 2039 et
1043 2008 1100 2038 lib.
1118 2009 1261 2037 Lucens.
1286 2015 1353 2035 sec.
1369 2005 1431 2034 hoc
1449 2002 1566 2033 ordine

106 2055 287 2085 exhibent:
313 2056 321 2071 ⁶
348 2055 446 2085 Hanc
464 2060 578 2085 tamen
593 2053 680 2083 baud
697 2052 886 2093 qnisquam,
901 2051 958 2091 qui
982 2060 1049 2080 uon
1071 2049 1247 2089 agnoverit
1274 2052 1353 2078 ante
1382 2047 1510 2085 Semet,
1533 2049 1568 2075 et

105 2098 253 2128 incertos
271 2096 371 2127 animi
387 2096 575 2138 placaverit
590 2100 707 2135 aestus,
725 2095 900 2125 Inveniet:
917 2093 1024 2133 longis
1039 2093 1119 2122 ilinc
1138 2090 1333 2131 ambagibus
1345 2089 1425 2120 itur.
1456 2088 1568 2128 Major

774 2173 914 2204 NOTAE

149 2252 247 2281 Juvat
264 2250 364 2291 error]
387 2251 474 2281 Dum
495 2251 638 2281 alterum
652 2259 712 2290 pro
729 2249 811 2279 alte·
867 2253 1010 2285 rectum,
1022 2250 1058 2277 et
1073 2245 1165 2276 velut
1179 2252 1363 2282 consurgens
1378 2241 1570 2282 gestabant,

107 2311 144 2332 ro
160 2310 235 2332 esse
252 2306 382 2337 censet,
399 2301 516 2341 sicque
544 2305 650 2337 errat,
668 2298 810 2330 fallitur.
866 2297 940 2327 aliis
956 2296 1155 2336 depressum
1171 2292 1394 2334 gestantibus.
1441 2292 1486 2322 Et
1500 2297 1568 2322 tuni

108 2350 205 2391 Virg.
231 2352 239 2367 ‘
266 2350 378 2390 proles
408 2349 604 2380 Indiscreta
631 2349 710 2387 suis,
739 2357 813 2388 gra·
867 2347 1070 2378 Parthorum
1088 2344 1272 2375 dominatio
1290 2343 1358 2373 iate
1376 2342 1570 2383 pei-Orien-

112 2408 235 2444 tusque
253 2401 454 2442 parentibus
467 2400 585 2432 error!
870 2401 938 2428 tem
956 2395 1109 2436 patebat.

149 2455 211 2483 211
227 2452 377 2492 Eurotas]
413 2451 551 2482 Fluvius
576 2450 748 2489 Laconiae,
772 2448 815 2480 ad
913 2446 1044 2477 Arsacio
1073 2445 1267 2481 consurgeret
1294 2440 1358 2480 ore]
1382 2441 1571 2479 Consurge-

112 2511 211 2544 quem
225 2502 362 2532 educati
380 2501 503 2532 Castor
519 2505 553 2532 et
571 2501 706 2532 Pollux.
871 2503 924 2529 ret
940 2506 1042 2536 supra
1057 2504 1105 2532 os,
1119 2494 1148 2524 in
1166 2493 1279 2532 capite
1296 2491 1427 2522 scilicet
1438 2491 1569 2522 Princi-

148 2555 214 2585 214
231 2551 369 2591 Solium]
385 2551 573 2591 Imperium
588 2550 814 2581 Parthorum:
871 2549 924 2590 pis
939 2547 1062 2579 Arsacii
1075 2546 1127 2576 vel
1143 2545 1310 2582 Arme-itm,
1324 2552 1342 2572 a
1355 2542 1462 2582 primo
1477 2542 1569 2581 Rege

112 2602 243 2643 signum
257 2611 318 2642 pro
340 2611 376 2633 re
389 2601 534 2642 signata,
551 2601 814 2641 Metonymicas.
871 2599 998 2631 Arsace.

156 2654 219 2683 216
242 2652 406 2683 Barbarus
434 2652 549 2692 tiaras]
588 2652 733 2684 Qualem
762 2650 816 2681 ha·
913 2654 975 2682 217
1007 2651 1157 2689 Laxuque
1175 2644 1342 2687 fluentem]
1379 2644 1477 2675 More
1505 2643 1569 2673 Re-

116 2701 199 2732 bent
215 2701 379 2733 Barbari:
409 2702 520 2733 Tim-as
543 2707 656 2733 autem
682 2706 733 2732 est
752 2701 816 2731 Re·
870 2710 949 2741 gum
980 2699 1143 2736 Orientis,
1171 2696 1227 2736 qui
1253 2693 1422 2733 diffluunt,
1450 2702 1569 2724 consu-

117 2751 206 2792 gium
222 2751 344 2792 capitis
359 2752 504 2794 insigne,
520 2752 610 2795 quod
625 2752 686 2783 soli
703 2752 815 2792 Reges
870 2755 1074 2792 muniturque
1087 2746 1227 2780 deliciis.
