1842 3193
283 213 339 252 42
830 218 920 248 PRO
933 216 1202 246 LEGOMENA

284 316 336 356 In
362 314 623 369 quibusdam
662 325 846 355 acumen
879 313 1008 352 nimis
1042 311 1279 364 quaesitum
1310 312 1390 358 cst,
1426 312 1470 348 et
1507 319 1655 348 Χνιιι.
1690 310 1734 349 in

282 383 511 438 Sphaeram
534 382 824 424 Archimedis.
887 380 1086 419 Iuventio
1107 382 1172 418 est
1198 376 1521 418 venustissima.
1562 376 1736 431 Jupiter

280 452 496 506 Sphaeram
514 451 632 492 illam
652 449 870 490 admirans
891 447 1118 487 inducitur.

339 519 528 572 Elegans
562 517 774 558 sententia
807 515 1046 556 continetur
1081 512 1271 554 carmine
1309 524 1350 552 v.
1377 513 1421 553 in
1453 511 1679 560 concham,
1711 524 1737 551 e

279 600 366 640 qua
388 587 550 627 Serena
569 586 752 626 lavatur.
812 582 917 623 Huc
938 582 1121 635 pertinet
1148 594 1325 634 quoque
1348 591 1534 621 xxxiv.
1564 578 1618 619 de
1639 578 1735 619 bal-

279 655 374 695 neis
398 653 664 704 Quintianis.

340 722 425 762 Pro
461 722 822 775 epigrammatum
852 722 1009 760 natura
1035 717 1168 758 nimis
1190 716 1337 758 forsan
1357 716 1536 767 longum
1554 719 1621 756 est
1641 725 1670 755 1.
1693 718 1735 756 et

282 801 334 830 11.
366 803 547 843 quorum
568 789 755 843 primum
782 787 924 828 mulas
950 785 1148 826 Gallicas
1180 783 1390 824 describit
1417 782 1612 823 barbarae
1634 782 1735 823 voci

280 856 399 898 Galli
434 858 592 898 actoris
627 857 992 908 obtemperantes,
1039 855 1090 893 ut
1121 851 1279 892 mirum
1311 864 1399 891 non
1440 850 1630 903 amplius
1660 849 1734 899 sit,

282 922 504 977 Orpheum
527 926 657 964 cantu
676 921 868 976 pecudes
890 920 1176 961 demulsisse:
1210 919 1392 959 alterum
1411 918 1455 958 in
1477 930 1625 958 senem
1644 915 1736 957 Ve-

278 1003 517 1039 ronensem,
540 990 614 1043 qui
634 990 889 1030 suburbium
909 1000 1134 1041 nunquam
1150 998 1356 1041 egressus
1372 989 1460 1037 est3
1489 986 1535 1026 in
1551 997 1638 1038 quo
1658 997 1734 1025 na-

277 1060 369 1098 tura
389 1057 608 1110 ejusmodi
629 1056 832 1104 hominis,
875 1069 1014 1096 rerum
1043 1055 1306 1107 cognitione,
1330 1066 1462 1107 quam
1490 1052 1736 1106 peregrina-

277 1124 414 1164 tiones
437 1124 585 1164 afferre
602 1124 753 1172 solent,
775 1124 906 1175 plane
926 1123 1138 1170 destituti,
1163 1133 1423 1173 summaque
1444 1120 1547 1161 vitae
1566 1119 1735 1172 simpli-

277 1191 390 1230 citas
410 1191 619 1244 vigorque
641 1189 839 1242 corporis
860 1188 992 1229 nullis
1014 1188 1132 1229 vitiis
1149 1187 1420 1236 imminutus,
1435 1199 1535 1240 quae
1552 1186 1598 1226 in
1613 1198 1734 1239 mag-

276 1269 332 1297 no
352 1258 571 1297 hominum
590 1260 708 1297 coetu
724 1261 766 1296 et
785 1256 906 1296 nasci
921 1260 963 1297 et
979 1255 1089 1296 disci
1107 1255 1260 1304 solent,
1277 1254 1443 1307 egregie
1458 1252 1734 1294 describitur.

277 1321 477 1364 Acumen
507 1325 612 1364 latet
646 1324 692 1363 in
724 1322 894 1363 dnobus
915 1322 1120 1363 versibus
1157 1322 1387 1376 supremiS,
1419 1321 1494 1362 ubi
1522 1322 1598 1362 ille
1631 1333 1735 1362 cum

276 1392 591 1444 peregrinatore
613 1396 903 1442 comparatur.

333 1457 591 1499 Armentum
631 1457 842 1498 describit
884 1468 948 1496 IV.
998 1457 1042 1496 in
1081 1457 1231 1498 tabula
1269 1457 1421 1497 forsan
1459 1456 1642 1509 pictum,
1691 1458 1736 1496 et

278 1536 486 1566 xxxvn.
508 1524 761 1579 quadrigam
783 1536 1069 1564 marmoream
1090 1524 1292 1564 acumine
1307 1536 1492 1577 operose
1511 1523 1713 1576 quaesito.

332 1592 609 1633 Carminibus
632 1603 723 1632 xx.
750 1602 861 1632 xxi.
892 1602 1029 1633 xxm.
1062 1603 1217 1633 xxiii.
1253 1604 1433 1632 munera
1464 1590 1637 1632 Serenae
1674 1591 1732 1631 ad

276 1659 522 1700 Honorium
536 1660 672 1700 missa
685 1663 945 1712 prosecutus
965 1663 1056 1710 est3
1089 1672 1176 1700 non
1195 1660 1429 1701 invenusta
1443 1658 1520 1699 illa
1537 1658 1730 1712 quidem,

270 1728 521 1768 muneribus
542 1732 687 1768 tamen
707 1727 816 1781 ipsis
838 1727 1194 1768 commendanda.

332 1795 512 1847 Frigida
547 1800 649 1836 sunt
684 1806 757 1836 111.
803 1806 958 1836 xxxi.
994 1806 1183 1836 xxvni.
1225 1798 1268 1835 et
1307 1804 1479 1845 XL111.;
1529 1807 1609 1835 nec
1644 1807 1731 1836 non

271 1862 435 1904 Graeca
458 1868 774 1904 xv1.etXV11.
1533 1866 1536 1870 '

327 1930 587 1982 Fragmenta
620 1935 717 1971 sunt
752 1942 926 1972 xxxn.
967 1942 1133 1973 xxxv.
1168 1943 1398 1972 xxxviii.
1434 1942 1572 1971 xmv.
1612 1942 1653 1970 L.
1687 1934 1731 1971 et

272 2009 357 2039 XV.
381 1998 606 2046 Graecum,
630 2011 707 2038 seu
728 2011 817 2039 non
839 2000 946 2039 satis
967 1999 1117 2052 liquet,
1141 2001 1246 2054 quid
1268 2001 1354 2041 sibi
1374 1999 1562 2040 voluerit
1581 1998 1728 2052 poeta.

269 2065 437 2106 Forsan
458 2078 602 2105 amore
622 2071 848 2119 correptus
868 2065 1133 2119 Apollinem,
1165 2069 1241 2121 qui
1262 2069 1356 2121 ipse
1377 2080 1552 2121 quoque
1569 2067 1730 2107 amoris

266 2132 355 2171 vim
377 2136 583 2180 senserat,
605 2136 742 2184 rogat,
764 2140 811 2173 ut
831 2134 915 2173 sibi
937 2137 1118 2175 canturo
1139 2134 1271 2176 adsit.

324 2197 367 2237 A
388 2198 464 2251 pia
486 2197 659 2250 quidem
692 2204 852 2248 mente,
889 2200 965 2238 sed
1000 2201 1056 2239 ab
1090 2201 1205 2241 omni
1237 2202 1375 2253 gratia
1395 2200 1574 2253 poetica
1595 2200 1730 2242 desti-

265 2270 371 2315 tuta,
395 2276 514 2305 XLV.
539 2275 724 2306 xnvui.
749 2277 892 2306 xmx.
929 2266 1102 2316 Latina,
1138 2272 1181 2308 et
1215 2279 1354 2308 XLvi.
1379 2277 1542 2309 XLVII.
1565 2267 1729 2310 Graeca

266 2338 367 2374 sunt
386 2334 596 2387 profecta,
617 2338 664 2373 ut
683 2333 855 2373 mireris
877 2333 1028 2384 fuisse,
1049 2335 1123 2388 qui
1145 2335 1463 2385 arbitrarentur,
1493 2336 1570 2377 illa
1590 2335 1726 2378 Clau-

265 2401 381 2442 diani
400 2401 571 2454 ingenio
591 2401 754 2442 deberi.

324 2469 461 2509 Plane
483 2469 718 2509 obscurum
747 2472 813 2509 est
836 2479 950 2510 xlx.
981 2469 1028 2509 cle
1052 2468 1268 2525 Polycaste
1288 2477 1326 2510 et
1349 2470 1520 2511 Perdice
1541 2472 1727 2526 inscrip-

262 2540 369 2577 tum.
433 2537 616 2590 Spectat
635 2537 745 2577 enim
768 2550 856 2577 reni
891 2537 1098 2590 aliquam,
1132 2550 1232 2590 quae
1260 2539 1390 2578 nobis
1421 2539 1550 2592 plane
1571 2543 1638 2580 est
1657 2540 1724 2580 in-

264 2605 449 2656 cognita.

320 2670 644 2712 Demonstratis
678 2670 752 2721 iis,
791 2684 890 2724 quae
929 2671 1198 2713 Claudianus
1233 2674 1276 2713 in
1310 2672 1584 2723 inveniendo,
1620 2681 1720 2727 quae

268 2738 477 2791 primaria
506 2738 696 2793 poeseos
730 2739 866 2781 virtus
886 2743 968 2792 est,
1001 2745 1045 2782 et
1077 2741 1124 2782 in
1158 2741 1432 2796 disponendo
1459 2741 1721 2796 praestiterit,
