1852 3193
259 187 344 228 304
734 205 810 236 cn.
844 206 1130 237 cLAumANr
1166 208 1238 237 1x.

261 292 467 337 Carmina
486 310 567 339 nec
589 298 786 352 Superis,
808 314 887 341 nec
907 300 1171 353 displicuere
1191 303 1397 356 Tonanti,

317 361 428 403 Cum
447 367 604 405 teneris
625 372 805 407 nossent
825 379 1019 420 congrua
1037 374 1140 411 vota
1161 372 1322 414 modis.

258 427 470 471 Centauri
494 432 721 486 Faunique
741 438 916 486 negant.
977 434 1093 485 Quae
1114 437 1288 480 flectere
1313 440 1519 492 Rhaeton,

317 496 432 547 Quae
454 499 638 551 rigidum
661 503 866 552 poterant
888 502 1057 554 plectra
1076 516 1251 545 movere
1270 506 1485 549 Pholum?

257 562 454 617 Septima
473 565 550 605 lux
571 566 720 607 aderat
742 568 872 617 coelo,
897 569 1113 623 totiesque
1136 576 1288 613 renato
1664 580 1719 621 15

312 631 498 674 Viderat
520 638 705 675 exactos
726 635 960 689 Hesperus
983 638 1079 691 igne
1101 639 1270 682 choros.

253 752 318 792 bns,
334 757 363 784 et
376 755 477 784 traxit
492 754 523 784 in
538 766 699 787 cavernam
709 757 814 788 choros
830 758 1035 791 lascivientes.
1084 761 1258 793 Cantilenae
1272 763 1515 805 Terpsichores
1532 777 1624 808 neque
1645 767 1720 799 Jovz'

251 795 580 837 injucundoefuerunt,
603 809 698 839 neque
715 800 792 830 Diis
805 800 889 840 aliis,
918 812 986 832 cam
1014 808 1216 842 agnoscerent
1246 808 1373 846 nuptias
1397 817 1472 839 esse
1509 812 1721 842 convenientes

251 839 391 870 cantibus
407 841 538 871 tenellis.
587 842 738 872 Centauri
761 847 791 872 et
810 844 911 874 fauni
928 845 1108 886 inficiantur
1124 854 1242 878 cantus
1255 850 1525 890 cssejucundos.
1569 853 1638 884 Sed
1652 863 1719 893 quoe

250 881 389 912 carmina
413 882 554 913 valebant
583 887 711 923 tangere
739 885 899 924 Rhoetum,
930 898 998 926 (μα’
1028 889 1188 920 valebant
1220 894 1348 930 tangere
1373 893 1506 924 Pholum
1536 899 1690 934 agrestem
1703 895 1719 927 ζ’

248 923 390 964 Septima
406 925 471 956 dies
485 926 651 957 advenerat
666 928 761 967 Coelo,
782 933 811 959 et
828 939 933 969 vesper
948 930 1041 961 toties
1056 941 1219 971 resurgens
1235 939 1399 973 aspexerat
1416 946 1476 967 sua
1492 937 1560 968 luce
1578 939 1719 970 saltatio-

863 1021 1098 1035 eeeeeeeeeeee

249 1098 342 1129 Pric.
367 1098 486 1128 Ambr.
504 1109 555 1139 pr.
581 1100 676 1132 Med.
707 1106 875 1133 tem—ll
900 1103 932 1134 1ιί
957 1114 1015 1135 sex
1047 1115 1142 1148 seqq.
1173 1117 1289 1139 versus
1318 1108 1556 1142 desiderantur
1583 1112 1616 1144 in
1640 1114 1714 1147 Pal.

247 1143 334 1170 —12
356 1145 478 1171 nossent
496 1143 610 1172 teneris
627 1144 754 1174 Moret.
784 1155 835 1185 pr.
858 1151 982 1186 possent
999 1148 1122 1179 Petav.
1155 1153 1235 1180 tert.
1261 1155 1360 1181 essent
1388 1153 1468 1184 Jun.
1494 1164 1546 1194 pr.
1574 1165 1618 1186 m.
1646 1166 1713 1189 sec.

246 1183 373 1221 cognita
401 1183 454 1214 ed.
489 1183 691 1216 vicen—13
728 1187 890 1227 Faunique
920 1193 1035 1228 negant
1073 1191 1154 1222 Jun.
1182 1202 1233 1232 pr.
1264 1194 1377 1224 Oxon.
1406 1205 1457 1235 pr.
1483 1196 1562 1227 edd.
1600 1199 1713 1231 Vicet.

246 1225 365 1256 Parm.
384 1225 463 1256 Ala,
484 1231 519 1257 et
537 1228 580 1259 al.
603 1232 710 1260 notant
727 1231 810 1261 Var.
829 1231 899 1262 LL.
918 1232 974 1263 ed.
988 1232 1094 1264 Antv.
1123 1235 1239 1266 Craton
1270 1236 1379 1267 Oisel.
1408 1239 1490 1269 Lov.
1509 1239 1574 1271 inc.
1593 1240 1714 1273 Heins.

244 1267 359 1299 vicet.
379 1268 459 1299 Ald.
478 1270 594 1300 Parm.
613 1271 711 1303 Junt.
729 1272 853 1314 Isingr.
873 1274 982 1306 Colin.
999 1275 1133 1317 Gryph.
1162 1278 1299 1309 Crathon
1318 1285 1463 1319 quatuor
1488 1282 1586 1313 Vatt.
1617 1284 1713 1316 Rott.

244 1310 368 1341 Petav.
388 1316 467 1342 tert.
485 1313 591 1344 Chaon
609 1314 695 1345 Exc.
714 1315 854 1347 Gevart.
872 1318 954 1348 Var.
973 1319 1043 1349 LL.
1062 1320 1117 1350 ed.
1135 1319 1241 1351 Antv.
1262 1322 1376 1353 Crainn
1394 1324 1491 1355 Leid.
1508 1334 1560 1365 pr.
1574 1326 1714 1358 Trachon

244 1353 378 1385 Mazar.
406 1354 544 1385 Trathon
561 1357 645 1396 Reg.
674 1357 814 1389 Chraton
832 1360 954 1391 Petav.
984 1371 1051 1393 sec.
1078 1363 1160 1393 Var.
1190 1364 1259 1395 LL.
1289 1374 1307 1395 e
1331 1375 1438 1407 marg.
1467 1367 1583 1398 Parm.
1611 1369 1714 1401 Caron

243 1395 382 1427 Tholos.
411 1397 530 1428 Craton
547 1399 673 1431 Moret.
694 1409 763 1431 sec.
791 1402 914 1434 Rechon
932 1404 1060 1435 Moret.
1079 1415 1131 1445 pr.
1158 1406 1307 1437 Rhoetum
1324 1409 1419 1439 Med.
1439 1415 1551 1450 quart.
1575 1411 1712 1443 Rhoeton

243 1437 340 1469 Farn.
358 1439 454 1471 Med.
472 1444 552 1471 tert.
571 1447 638 1474 vet.
657 1442 741 1483 Gyr.
760 1444 843 1475 Exc.
863 1445 1010 1477 Lucens.
1030 1457 1098 1478 sec.
1118 1449 1241 1480 Rlzeton
1258 1450 1372 1481 Oxon.
1390 1461 1441 1492 pr.
1462 1452 1599 1484 Rhetum
1615 1455 1710 1486 Med.

243 1490 295 1520 pr.
314 1487 348 1512 et
364 1492 433 1512 sec.
452 1487 487 1513 et
503 1484 635 1516 Thuan.
663 1486 781 1517 Craton
797 1488 851 1518 vel
871 1488 993 1520 Charon
1010 1490 1086 1521 Pat.
1106 1491 1213 1522 Chaon
1225 1493 1279 1522 vel
1297 1494 1415 1524 Craton
1430 1495 1511 1526 Vat.
1531 1501 1611 1527 tert.
1632 1497 1711 1529 Cra-

243 1523 317 1554 tlwn
333 1525 387 1555 vel
407 1525 514 1556 Chaon
531 1527 612 1557 Put.
633 1528 739 1559 Chaon
756 1530 807 1560 vel
828 1530 946 1562 Cheton
964 1532 1119 1565 Florent.
1139 1535 1279 1566 Crathon
1296 1537 1349 1567 vel
1367 1537 1505 1568 Rhetum
1521 1539 1644 1570 Petav.
1658 1549 1711 1580 pr.

245 1567 363 1597 Craton
379 1568 433 1598 vel
449 1568 562 1600 Roeton
579 1569 699 1602 Ambr.
718 1581 787 1603 sec.
806 1573 943 1605 Crathon
961 1576 1015 1605 vel
1033 1576 1181 1607 Her-chon
1198 1578 1283 1610 Exc.
1300 1580 1489 1611 Voss.—-14
1515 1582 1561 1612 Et
1572 1582 1712 1621 rigidum

240 1608 306 1639 inc.
318 1609 440 1641 Heius.
451 1615 576 1650 poterat
592 1613 671 1644 edd.
686 1613 767 1646 Ald.
782 1615 905 1656 Isingr.
921 1617 1053 1658 Gryph.
1067 1619 1175 1650 Colin.
1189 1620 1302 1651 Pulm.
1316 1626 1463 1662 poterant
1477 1624 1560 1654 Lov.
1577 1625 1709 1656 Pholum

241 1650 321 1683 Ald.
338 1652 456 1684 Potum
471 1654 557 1685 Exc.
575 1655 806 1688 Gevart.—l5
842 1662 950 1689 renato
967 1661 1087 1700 viginti
1116 1662 1224 1693 Codd.
1249 1664 1336 1695 Exc.
1355 1665 1439 1696 Cod.
1458 1666 1575 1697 Rhem.
1593 1671 1628 1698 et
1645 1668 1709 1698 Lu-

902 1757 1039 1789 NOTAE

282 1838 323 1866 12
352 1835 446 1875 Vota]
482 1837 635 1878 Nuptiae,
666 1849 740 1880 quae
763 1845 843 1873 sunt
864 1847 945 1874 vota

239 1890 275 1916 et
305 1886 476 1918 desideria
501 1894 679 1928 parentum
707 1895 809 1932 atque
840 1892 942 1933 virgi-

237 1944 326 1967 num.

283 1987 427 2025 Congrua
449 1991 520 2019 vota
550 1991 663 2031 modis]
698 1992 738 2023 Id
770 1998 822 2025 est
849 1994 940 2025 modi

238 2041 426 2078 cantusque
457 2040 599 2080 congrui
631 2046 667 2072 et
698 2044 939 2076 convenientes

238 2087 327 2117 votis
344 2096 403 2117 seu
420 2089 568 2129 nuptiis;
592 2092 646 2122 vel
670 2093 821 2125 carmina
837 2094 941 2136 digna

234 2135 427 2167 festivitate
442 2140 652 2179 nuptiarum.

278 2189 317 2217 13
342 2187 475 2228 ,Γαυηῆ
524 2189 609 2220 Sunt
655 2193 783 2224 rustica
821 2194 938 2226 Numi-

235 2245 290 2268 na.

277 2287 421 2328 Negant]
446 2288 607 2321 Centauri
633 2296 668 2322 et
684 2293 791 2324 Fauni
807 2300 936 2335 negant

231 2338 350 2369 molles
366 2339 609 2380 Terpsichores
635 2348 756 2374 cantus
783 2345 934 2384 placere.

232 2388 437 2420 Claudianus
455 2400 517 2430 per
528 2392 719 2424 Centauros
735 2394 935 2436 Faunosque

231 2438 385 2470 creditur
411 2450 556 2481 carpere
592 2443 756 2483 quosdam
799 2445 933 2485 ineptos

230 2490 344 2521 aetatis
373 2500 444 2521 sum
473 2501 642 2534 censores,
672 2494 792 2535 quibus
820 2505 933 2527 versus

227 2549 305 2570 suos
322 2550 387 2572 non
405 2542 571 2581 placuisse
586 2549 802 2584 cognoverat.

273 2591 351 2625 Qwoe
371 2591 501 2631 flectere
529 2594 679 2635 Rhaeton]
717 2596 803 2628 Quae
828 2606 930 2637 porro

227 2641 363 2681 plectra
386 2652 445 2673 seu
462 2645 612 2675 carmina
639 2655 774 2677 movere
791 2652 930 2687 possent

226 2691 397 2733 Rhaeturn,
410 2693 568 2734 Pholum,
583 2700 619 2726 et
635 2696 716 2727 alios
740 2697 929 2729 Centauros

228 2746 390 2784 agrestes,
411 2743 527 2787 duros,
543 2745 788 2790 intractabiles,
809 2752 845 2780 et
859 2759 929 2781 rus-

1001 1844 1077 1875 ticis
1091 1846 1248 1877 cantibus
1266 1852 1420 1878 assuetos
1436 1848 1447 1878 ?

1043 1899 1080 1927 15
1117 1897 1259 1937 Septima
1290 1898 1345 1928 lux
1373 1898 1498 1939 aderat]
1533 1900 1704 1932 Numerus

997 1949 1209 1987 septenarius
1221 1950 1310 1989 apud
1325 1950 1482 1991 antiquos
1495 1951 1704 1992 celebratus,

996 2001 1031 2028 et
1048 2000 1241 2037 praesertim
1259 2000 1292 2030 in
1309 2001 1448 2041 nuptiis.
1494 2002 1653 2033 Donatus
1669 2003 1704 2034 in

996 2047 1208 2079 Phormione
1236 2049 1395 2081 Terentii
1410 2061 1420 2088 ς
1465 2050 1475 2067 ‘
1504 2051 1547 2082 In
1575 2052 1703 2092 nuptiis

996 2099 1161 2138 septimus
1174 2099 1246 2130 dies
1262 2100 1549 2133 instaurationem
1562 2102 1633 2134 voti
1644 2102 1702 2134 ha-

996 2147 1067 2188 bet,
1084 2154 1121 2179 ut
1139 2149 1171 2179 in
1188 2149 1309 2182 funere
1324 2160 1433 2182 nonus
1451 2152 1536 2192 dies,
1560 2163 1627 2194 quo
1643 2163 1701 2194 pa-

993 2199 1142 2229 rentalia
1158 2200 1434 2232 concluduntur!
1478 2202 1698 2234 Macrobius:

993 2249 1002 2264 ‘
1019 2247 1088 2279 Hic
1106 2259 1265 2281 numerus
1280 2255 1346 2290 ost,
1362 2251 1419 2291 qni
1435 2251 1602 2283 hominem
1619 2261 1699 2284 con·

990 2298 1073 2338 cipi,
1090 2297 1240 2339 formari,
1256 2300 1324 2339 edi,
1346 2301 1471 2342 vivere,
1487 2301 1545 2340 ali,
1567 2312 1606 2334 ac
1634 2312 1698 2343 per

990 2357 1105 2379 omnes
1122 2354 1261 2381 aetatum
1286 2351 1409 2390 gradus
1426 2351 1517 2382 tradi
1533 2357 1697 2393 senectae,

989 2402 1092 2438 atque
1110 2400 1244 2431 omnino
1261 2406 1418 2432 constare
1432 2400 1536 2433 facit!
1580 2403 1695 2434 Exhis

989 2447 1117 2480 Donat.
1142 2451 1382 2492 Macrobiique
1410 2452 1492 2482 locis
1519 2452 1602 2484 satis
1636 2463 1693 2494 pa-

989 2502 1040 2528 tet
1062 2508 1238 2530 numerum
1269 2502 1505 2541 Septenarium
1533 2503 1693 2544 nuptiali-

988 2548 1050 2580 bus
1082 2550 1270 2582 Gentilium
1307 2552 1557 2584 festivitatibus
1585 2554 1691 2587 fuisse

986 2600 1207 2632 destinatum.
1253 2602 1295 2633 Id
1323 2604 1424 2634 moris
1457 2604 1498 2635 ab
1531 2605 1690 2638 Hebraeis

985 2650 1136 2681 hausisse
1153 2652 1285 2693 Pagani
1304 2653 1473 2685 videntur.
1510 2656 1609 2686 Unde
1626 2657 1690 2688 La-

982 2698 1053 2731 ban
1067 2700 1170 2741 [Gen.
1189 2712 1219 2733 c.
1236 2703 1304 2743 29.]
1318 2704 1327 2721 ‘
1343 2704 1476 2745 Ilnple,'
1487 2705 1549 2745 ait,
1566 2706 1575 2723 ‘
1592 2707 1686 2739 Heb-

983 2749 1166 2783 domadam
1205 2752 1338 2786 dierum
1381 2754 1480 2796 liujus
1521 2757 1652 2798 copulae
1666 2757 1687 2788 :'
