1857 3177
518 181 567 210 xN
603 181 676 210 ct„
709 180 1065 213 cumprimum.
1473 174 1527 215 13

71 275 201 322 afflat,
234 278 281 314 ut
303 275 430 315 rebus
450 275 741 328 prtesentibus
776 276 903 327 quasi
925 275 1054 315 emoti
1087 282 1268 328 arteque
1290 279 1459 327 magica
1479 280 1522 319 in

71 353 210 381 novas
231 343 428 392 regiones
463 342 595 382 delati
632 343 762 382 aliam
806 348 848 383 et
881 345 1128 384 inusitatam
1171 357 1308 383 rerum
1345 345 1525 386 sormam

71 409 155 448 sibi
180 409 407 448 videantur
440 412 649 462 aspicere,
682 423 906 462 novosque
941 416 983 450 ct
1014 411 1214 450 insolitos
1236 411 1365 450 animi
1388 416 1528 452 motus

71 477 243 524 sentire,
291 489 472 528 quorum
528 478 801 530 perceptione
855 478 1151 530 voluptatibus
1193 478 1527 530 jucundissimis

70 543 394 594 perfundantur,
428 545 519 592 sed,
545 546 646 584 dum
684 559 812 586 aures
837 547 901 585 vel
940 548 1127 587 maxime
1162 547 1406 599 implentur,
1439 549 1530 587 ani-

70 622 167 649 mus
198 610 382 660 languet,
417 625 599 664 eumque
628 613 802 652 sudoris
826 614 1027 663 vestigia,
1052 626 1181 665 quem
1205 615 1338 653 anxia
1358 619 1400 654 et
1427 627 1532 667 opo-

69 689 168 717 rosa
207 678 310 716 artis
350 678 603 719 observatio
653 681 887 732 expressit,
930 680 1085 729 frigore
1135 681 1307 721 feriunt.
1382 680 1529 733 Magis

68 745 196 784 etiam
236 744 334 784 haec
376 745 519 785 locum
559 747 718 786 habent
754 747 797 786 in
834 747 1079 787 inventione
1118 752 1159 787 et
1193 748 1528 800 compositione,

68 823 167 864 quae
189 811 243 851 ad
265 817 381 852 certa
404 819 630 864 praecepta
664 814 860 853 revocari
894 814 1127 865 nequibat3
1160 827 1291 866 quam
1323 815 1359 854 si
1391 817 1530 868 respi-

69 878 176 927 cias,
199 876 316 918 facili
335 880 509 931 negotio
531 879 701 931 poetas,
725 880 884 932 quibus
907 881 1186 920 nascentibus
1211 880 1355 921 Musae
1377 882 1529 923 arrise—

67 945 163 993 rint,
196 945 251 985 ab
272 945 360 985 illis
382 947 532 998 possis
555 946 822 998 dignoscere,
856 947 929 1000 qui
953 947 1139 987 furorem
1162 949 1411 988 simulatum
1433 950 1529 1002 qui-

67 1012 222 1052 busvis
257 1013 386 1052 rebus
426 1014 588 1065 potius,
622 1027 755 1066 quam
796 1014 980 1054 sontium
1017 1015 1260 1055 divinorum
1296 1015 1528 1057 haustibus

68 1078 272 1129 debeant,
310 1081 482 1121 etiamsi
519 1080 563 1119 id
605 1082 764 1132 quavis
804 1082 967 1133 pagina
1009 1082 1075 1120 vel
1119 1082 1264 1122 verbis
1304 1084 1529 1136 conceptis

63 1145 223 1198 jurent.

127 1212 237 1253 Cum
260 1216 398 1255 omnis
421 1217 620 1268 poetices
642 1217 752 1256 ratio
775 1217 893 1269 apud
917 1217 1142 1257 Romanos
1164 1218 1206 1256 in
1228 1218 1339 1256 hunc
1367 1222 1528 1259 statum

67 1285 182 1320 esset
217 1281 375 1330 delata,
408 1288 454 1322 ut
488 1287 577 1322 arte
613 1283 752 1335 magis
781 1295 910 1335 quam
932 1283 1104 1334 ingenio
1128 1288 1353 1331 regeretur,
1376 1288 1529 1325 natum

67 1352 132 1388 est
153 1351 459 1402 panegyricum
482 1364 615 1403 genus
644 1352 901 1401 carminum,
923 1365 1009 1392 non
1029 1352 1156 1404 plane
1177 1353 1387 1394 hactenus
1408 1355 1529 1396 inau-

66 1414 216 1464 ditum,
258 1416 336 1456 sed
377 1418 526 1470 specie
567 1418 727 1471 aliqua,
765 1432 898 1471 quam
936 1420 1088 1471 origini
1124 1419 1289 1469 debuit,
1323 1421 1529 1473 singulari

65 1494 238 1522 novum.
299 1484 430 1533 Quod
471 1486 507 1524 si
539 1485 651 1524 enim
687 1489 883 1525 naturam
919 1486 1091 1526 illorum
1125 1487 1366 1527 carminum
1389 1488 1529 1529 solam

66 1555 252 1602 spectes,
274 1551 358 1591 huc
392 1551 535 1592 referri
557 1556 745 1605 possunt
775 1553 934 1600 onmia,
959 1553 1001 1592 in
1031 1554 1193 1605 quibus
1223 1554 1377 1594 laudes
1408 1555 1528 1596 Deo-

65 1629 159 1656 rum
180 1617 248 1657 vel
280 1617 456 1658 heroum
492 1619 562 1658 vel
597 1619 787 1659 virorum
820 1620 1050 1660 illustrium
1087 1620 1414 1660 celebrabantur
1443 1634 1528 1662 non

64 1683 201 1737 lyrica
227 1684 303 1725 sed
326 1687 453 1738 epica
482 1686 662 1737 ratione,
697 1691 742 1726 ut
765 1686 1025 1727 Callimachi
1055 1687 1221 1740 hymni,
1243 1691 1292 1727 ut
1310 1687 1529 1729 Theocriti

65 1763 240 1792 carmen
280 1752 335 1792 ad
378 1752 630 1802 Hieronem,
676 1753 898 1793 Hieroclis
934 1753 1085 1802 filium,
1126 1754 1329 1794 ultimum
1360 1754 1526 1795 Siciliae

65 1822 308 1870 tyrannum.
370 1819 581 1861 Fortasse
600 1822 732 1861 etiam
753 1821 798 1861 in
819 1821 1146 1861 recitationibus
1168 1820 1395 1873 poetarum
1416 1822 1528 1874 pub-

64 1884 178 1935 licis,
210 1900 310 1940 quae
340 1888 382 1927 in
419 1887 532 1928 ludis
559 1887 756 1941 Apollini
778 1892 820 1927 et
841 1886 988 1927 Musis
1007 1886 1293 1927 Alexandriae
1316 1888 1527 1928 institutis

65 1951 242 2002 fiebant,
263 1954 415 1994 laudes
448 1954 783 1995 Ptolemaeorum
815 1955 1100 1994 canebantur.
1160 1953 1284 1993 Idem
1321 1955 1406 1993 sere
1436 1955 1529 1995 fac-
1573 1947 1576 1950 ⁴

65 2021 157 2058 tum
193 2025 259 2060 est
293 2020 451 2061 Romae
481 2022 562 2060 sub
598 2020 818 2073 Augusto.
880 2021 993 2060 Illud
1028 2025 1169 2061 autem
1191 2033 1340 2072 genus,
1365 2021 1418 2061 de
1437 2034 1527 2074 quo

65 2102 178 2130 nunc
219 2092 404 2142 agimus,
438 2096 576 2132 ortum
619 2092 787 2133 videtur
826 2106 883 2132 cx
922 2092 1196 2132 orationibus
1235 2093 1527 2144 panegyricis,

66 2156 225 2209 quibus
246 2157 433 2209 primum
463 2158 665 2197 consules
699 2158 869 2197 suffecti
911 2170 962 2196 eo
995 2157 1080 2205 die,
1120 2169 1210 2210 quo
1243 2170 1399 2197 munus
1433 2159 1528 2199 adi-

64 2223 183 2273 bant,
206 2223 251 2263 in
281 2228 431 2264 senatu
452 2224 651 2264 solebant
682 2223 1025 2276 Imperatoribus
1047 2223 1212 2275 gratias
1242 2236 1384 2275 agere,
1407 2226 1528 2278 quod

67 2290 221 2331 deinde
241 2292 371 2332 etiam
396 2292 452 2332 ab
482 2291 578 2331 aliis
614 2296 657 2331 et
690 2291 878 2331 diversis
912 2291 1091 2344 quidem
1126 2291 1396 2343 temporibus
1429 2305 1527 2333 esse

64 2357 381 2411 frequentatum
415 2358 667 2410 reperimus,
731 2357 949 2411 Exempla
981 2362 1215 2405 oratorum,
1257 2359 1453 2409 praemiis
1485 2363 1528 2401 et

65 2424 303 2466 honoribus
325 2426 381 2465 ob
402 2425 514 2465 hanc
538 2439 625 2465 rem
647 2426 703 2465 ab
726 2425 1071 2478 Imperatoribus
1096 2430 1357 2472 ornatorum,
1389 2427 1527 2467 secuti

67 2496 165 2533 sunt
193 2493 356 2545 poetae,
387 2506 644 2546 omnemque
679 2498 812 2533 artem
849 2506 974 2533 suam
1005 2491 1059 2532 ad
1091 2505 1160 2532 res
1182 2496 1328 2544 gestas
1359 2492 1526 2534 illorum

69 2559 345 2600 celebrandas
384 2561 669 2601 contulerunt.
730 2560 788 2600 Et
834 2561 992 2614 cupide
1037 2572 1140 2600 sane
1178 2557 1527 2609 ingrediebantur

69 2625 200 2676 viam,
231 2640 320 2680 qua
339 2628 436 2668 sola
454 2627 631 2668 latranti
663 2627 887 2668 stomacho
915 2633 1098 2681 possent
1118 2637 1392 2675 succurrere3
1423 2638 1524 2667 nam

69 2693 209 2733 omnis
239 2692 402 2734 laboris
433 2693 621 2744 fructus,
655 2693 886 2735 Musarum
921 2694 1080 2735 studiis
1110 2691 1307 2743 insumi,
1330 2692 1424 2746 jam
1443 2692 1537 2735 Ju-·
