1857 3177
577 212 626 243 m
663 212 893 243 Romnum
929 212 1024 242 mn.
1057 211 1108 242 11.
1486 204 1569 245 173

115 308 181 349 Te
202 307 362 358 medio,
383 306 598 360 tantisque
621 307 749 348 simul
771 307 1062 361 spoliavimus
1083 307 1229 348 armis.
1484 308 1568 348 310

117 374 248 416 Nunc
271 375 428 428 epulas
448 378 631 427 tempus,
654 376 780 423 socii,
801 388 915 415 nune
937 375 1056 423 larga
1078 385 1231 427 parare

119 441 323 491 Munera,
347 442 684 495 donandumque
707 443 830 483 novis
848 442 1096 495 iegionibns
1117 453 1282 482 aurum.

120 508 384 562 Opportuna
404 510 514 549 meis
534 510 668 549 oritur
688 510 763 550 lux
785 510 976 549 crastina
997 509 1125 549 votis.

117 575 252 626 Quod
274 577 396 626 nolit,
420 577 520 617 Rex
545 577 640 631 ipse
662 578 779 626 velit,
794 576 1045 630 jubeatque
1068 580 1250 617 coactus

119 643 172 684 In
194 648 362 697 partem
385 645 489 684 mihi
509 658 642 697 regna
664 645 771 684 dari.
833 642 1064 695 Contingat
1083 644 1126 683 in
1146 655 1231 684 uno

118 710 286 751 Privati
306 711 470 763 fugisse
486 712 680 760 modum,
701 712 950 763 crimenque
966 711 1152 763 tyranni.

175 778 359 819 Talibus
381 778 775 819 acclamantdictis
798 777 955 817 infame
976 782 1213 818 nocentum

119 846 479 899 Concilinm‚·qui
499 846 726 899 perpetuis
747 858 919 885 crevere
940 845 1124 897 rapinis,

118 914 175 954 Et
196 925 306 966 quos
321 926 413 953 nna
434 911 538 952 facit
555 911 719 953 Rufino
743 925 881 953 causa
903 911 1095 962 sodales,

118 980 331 1022 Illicitum
353 980 536 1020 duxisse
556 980 677 1020 nihil.
739 980 919 1020 Delicta
940 980 1056 1020 fuere

1488 637 1573 684 ⁵315

1488 981 1573 1023 320

114 1094 144 1122 et
160 1101 219 1122 una
231 1091 372 1122 exuimus
387 1094 417 1121 te
432 1093 530 1121 tantis
545 1091 624 1121 tells.
673 1089 704 1121 Ο
722 1091 952 1126 commilitones,
967 1099 1045 1119 nunc
1071 1091 1190 1128 tempus
1206 1092 1258 1120 est
1282 1090 1481 1130 praeparancli
1504 1100 1574 1121 con-

115 1134 211 1172 vivia,
227 1144 306 1165 nunc
319 1135 398 1164 dona
410 1133 547 1173 profusa,
562 1137 591 1162 et
617 1143 726 1163 aarum
753 1134 886 1162 (landum
901 1131 1089 1162 exercitibus
1111 1132 1206 1162 noris.
1252 1133 1329 1162 Dies
1343 1133 1478 1163 crastina
1494 1141 1573 1162 com-

116 1178 206 1207 moda
220 1176 332 1206 lucebit
349 1177 424 1206 meis
438 1175 611 1206 desideriis.
658 1175 830 1215 Imperator
846 1176 910 1214 ipse
926 1179 1068 1212 cogetur
1084 1175 1170 1211 velle,
1185 1176 1264 1214 quod
1280 1175 1382 1214 nollet,
1407 1178 1437 1204 et
1451 1178 1573 1206 coactus

117 1218 280 1258 imperabit
293 1223 413 1258 partem
433 1218 560 1257 Imperii
575 1218 652 1247 mihi
668 1219 763 1249 tradi.
811 1218 977 1254 Continget
994 1217 1071 1246 mihi
1089 1217 1154 1253 uni,
1179 1221 1209 1246 et
1225 1217 1353 1247 evitasse
1369 1218 1574 1247 conditionem

115 1261 259 1291 hominis
273 1261 402 1300 privati,
419 1264 449 1291 el
467 1266 578 1290 tamen
594 1260 739 1290 evitasse
763 1260 859 1288 scelus
881 1258 1017 1298 tyranni.
1067 1259 1178 1297 Turpis
1194 1262 1287 1288 coetus
1300 1261 1432 1289 sontium
1447 1260 1573 1298 applau-

115 1304 162 1333 dit
178 1303 227 1333 his
241 1303 340 1333 verbis
360 1303 469 1332 Rufini
483 1313 490 1339 ;
516 1302 672 1340 sontium,
687 1303 739 1341 «μα’
752 1301 847 1331 evecti
860 1305 930 1330 sunt
947 1299 1050 1337 furtis
1065 1301 1207 1338 assiduis,
1230 1303 1259 1330 et
1276 1310 1348 1339 quos
1363 1310 1454 1331 causa
1468 1302 1574 1330 eadem

115 1346 219 1376 reddit
234 1345 330 1375 socios
344 1344 466 1385 Rufini,
491 1344 569 1374 nihil
584 1344 714 1374 scilicet
729 1346 843 1382 putare
858 1342 988 1373 vetitum
999 1353 1009 1373 .-
1034 1342 1165 1373 crimina
1180 1351 1294 1373 eorum
1304 1342 1437 1380 suerunt
1451 1343 1574 1373 vincula

727 1427 960 1439 eeeeeeeeeeee

115 1485 124 1502 ‘
140 1485 330 1516 Destructo
340 1485 440 1526 juvat
455 1485 535 1516 orbe
549 1483 656 1516 mori.²
700 1484 751 1514 Ex
769 1482 853 1514 Cod.
866 1488 936 1514 vet.
953 1483 1071 1514 medius
1086 1483 1185 1514 modo
1209 1482 1238 1513 in
1264 1482 1398 1523 bonam,
1413 1483 1514 1514 modo
1537 1483 1572 1514 in

114 1529 237 1559 malam
253 1533 383 1568 partein
402 1528 556 1558 sumitur.
571 1528 692 1567 virgil.
711 1528 719 1543 ‘
735 1527 826 1557 Dum
845 1526 920 1565 paci
937 1526 1085 1557 medium
1098 1536 1133 1556 se
1151 1525 1354 1557 offert.’-—3l
1366 1529 1380 1556 1
1395 1527 1491 1566 epulis
1506 1526 1573 1557 duo

116 1571 198 1602 Vat.
223 1571 299 1601 socii
315 1571 392 1602 Vat.
409 1581 459 1611 pr.
483 1571 574 1602 sociis
586 1569 698 1601 Oxou.
718 1579 785 1600 sec,
823 1572 932 1609 parate
959 1569 1025 1599 duo
1048 1570 1127 1599 Vat.
1154 1569 1245 1600 Prie.
1274 1568 1353 1599 Pat.
1370 1568 1487 1599 Ambr.
1505 1578 1573 1600 sec.

116 1613 201 1644 Exc.
226 1613 315 1644 Laeti
341 1619 375 1645 et
393 1614 447 1644 ed.
466 1614 579 1644 Pan-m.
617 1613 725 1652 parari
742 1611 818 1643 Vnt.
834 1621 902 1643 sec.
926 1616 964 1642 et
988 1612 1036 1642 sie
1064 1611 1149 1652 legit
1177 1611 1458 1642 Heinsius.-314
1497 1611 1575 1647 Quae

117 1656 212 1687 Leid.
229 1665 282 1696 pr.
299 1656 413 1688 Oxon.
431 1660 466 1687 et
482 1655 563 1687 Am.
588 1656 661 1691 Qua
677 1656 757 1686 Vat.
775 1655 883 1685 Livin.
918 1655 1015 1685 noluit
1040 1654 1140 1686 Faru.
1173 1655 1252 1685 volui
1281 1653 1373 1684 Med.
1391 1658 1471 1684 tert.
1505 1653 1575 1684 s'ub-

114 1701 202 1730 actus
218 1698 315 1729 Leid.
333 1709 384 1739 pr.
402 1699 461 1741 qui
477 1704 512 1729 et
527 1708 640 1737 magna
654 1697 791 1729 exhibet
807 1707 867 1738 pro
883 1700 1098 1736 regum—315
1123 1697 1156 1728 in
1182 1706 1277 1728 unum
1302 1696 1424 1727 iucert.
1454 1696 1580 1727 Heius.

115 1744 223 1772 ——316
245 1743 367 1772 domum
395 1752 456 1782 pro
481 1743 604 1773 modum
628 1740 745 1772 Ambr.
775 1750 842 1772 sec.
880 1749 1046 1780 nomenque
1057 1740 1188 1770 Moret.
1216 1749 1286 1770 sec.
1321 1739 1496 1779 crimenque
1519 1739 1575 1769 vel

115 1793 278 1824 nomenque
293 1785 372 1815 Vat.
390 1785 498 1826 quint.
516 1785 705 1815 Put.—317
729 1785 882 1815 exclamat
900 1784 981 1813 Lov.
1000 1784 1100 1813 Farn.
1136 1783 1231 1813 Med.
1259 1786 1368 1822 quart.
1396 1781 1477 1812 Var.
1504 1781 1576 1812 LL.

115 1826 170 1858 ed.
186 1826 291 1858 Antv.
325 1829 473 1858 acclamat
487 1827 634 1868 quinque
651 1827 730 1857 Vat.
747 1827 823 1857 Pal.
840 1827 934 1856 Rott.
952 1826 1060 1857 Oisel.
1092 1825 1220 1855 assentit
1237 1824 1333 1855 Leia.
1352 1833 1403 1863 pr.
1425 1825 1576 1855 accelerat

115 1869 248 1901 Thuan.
285 1872 436 1901 exclamat
462 1871 517 1900 vel
541 1871 691 1900 acclamat
718 1869 831 1899 Oxon.
856 1878 908 1908 pr.
942 1872 1083 1898 nocentes
1109 1876 1214 1905 marg.
1234 1866 1469 1897 Momm—318
1495 1868 1576 1896 Con-

114 1912 236 1943 scnium
252 1913 353 1944 Farn.
390 1913 563 1944 Consilium
580 1914 675 1943 Rott.
694 1911 774 1943 Vat.
792 1916 872 1942 tert.
902 1910 984 1941 Put.
1015 1911 1097 1940 Lov.
1126 1910 1206 1940 Pat.
1243 1910 1363 1939 nituere
1389 1909 1468 1939 Vat.
1493 1912 1573 1938 tert.

116 1954 198 1985 Pal.
213 1956 308 1986 Rott.
324 1955 418 1986 Med.
437 1966 488 1995 pr.
507 1964 592 1985 unus
610 1955 733 1985 Heins.
767 1963 888 1985 crevere
902 1953 1089 1983 velnituere
1105 1951 1199 1989 Med.
1216 1961 1285 1982 sec.
1307 1951 1408 1981 ruinis
1423 1951 1573 1980 Florem.

116 1999 223 2027 —319
246 1997 357 2038 Rufini
373 1997 438 2027 duo
456 1999 533 2027 Vat.
550 1998 684 2027 'I'holos.
702 1996 825 2026 Petav.
856 2005 906 2035 pr.
932 1995 1044 2035 R²fi²¹⁰
1060 1995 1113 2023 vel
1132 1994 1240 2034 Rufini
1256 1993 1368 2023 Oxon.
1386 2002 1436 2031 pr.
1460 1992 1575 2033 fideles

117 2038 252 2070 Thuan.
290 2040 408 2070 sodales
422 2040 475 2070 vel
491 2039 604 2070 sodalis
619 2039 730 2070 Oxon.
746 2040 907 2078 pru-320
929 2037 1046 2067 dixisse
1062 2036 1140 2066 Vat.
1158 2045 1209 2075 pr.
1237 2045 1280 2066 m.
1304 2044 1357 2075 pr.
1382 2034 1461 2066 Pat.
1488 2035 1575 2066 Exc-

772 2124 804 2155 N
811 2123 916 2155 OTAE

161 2203 222 2232 311
263 2202 356 2232 Nunc
382 2200 500 2241 epulas]
546 2201 643 2230 More
672 2199 819 2240 priorum

118 2250 327 2292 Principum,
342 2251 398 2292 qui
417 2250 512 2281 initio
526 2250 677 2290 Imperii,
695 2249 819 2289 populo

118 2300 243 2333 dabant
258 2302 407 2342 epulum,
418 2305 453 2332 et
467 2296 628 2331 militibus
643 2299 817 2330 donativa:

117 2351 151 2382 in
180 2351 301 2392 quibus
329 2352 378 2382 vis
403 2356 498 2382 tanta
524 2350 602 2389 fuit,
631 2355 669 2381 ut
695 2350 819 2380 milites

119 2401 241 2441 saepius
270 2400 425 2432 faverent
456 2401 506 2433 'iis
545 2401 602 2441 qui
644 2400 819 2441 pecuniosi

118 2455 232 2482 essent
246 2456 282 2482 et
299 2451 465 2483 liberales.

160 2494 223 2532 3121
247 2501 334 2542 Rex]
358 2502 550 2542 Imperator
568 2501 746 2532 Arcadius.

162 2551 311 2592 Coactus]
370 2552 498 2592 Magna
536 2551 648 2583 Rufini
679 2551 819 2582 hominis

120 2602 278 2633 scelerati
314 2602 542 2641 confidentia3
587 2603 656 2642 qui,
699 2601 818 2632 accitis

121 2650 293 2691 Bai-baris,
305 2653 466 2693 sperabat
482 2663 521 2683 eo
538 2662 639 2683 seres
653 2652 819 2683 adductu-

122 2709 208 2737 rum,
220 2702 354 2742 ut‘ipse
369 2703 560 2744 Imperator
578 2702 745 2733 Arcadius
768 2711 817 2732 se-

121 2750 230 2790 ipsum
241 2749 375 2792 imperii
388 2751 504 2784 facere
516 2758 707 2784 consortem
718 2761 818 2792 coge-

874 2202 980 2229 retur.

917 2251 978 2279 315
1005 2248 1174 2287 Contingat
1186 2247 1219 2277 in
1235 2246 1308 2286 uno]
1339 2247 1412 2286 Ego
1430 2246 1572 2278 Rufinus

873 2298 984 2329 factus
1010 2308 1146 2329 consors
1174 2297 1326 2337 Imperii,
1352 2295 1479 2336 fugiam
1508 2307 1574 2328 nio-

874 2348 953 2379 dum
970 2358 1028 2379 seu
1045 2348 1271 2379 conditionem
1287 2347 1430 2376 hominis
1462 2347 1574 2386 priva-

873 2399 919 2430 ti:
943 2397 1070 2437 fugiam
1087 2398 1191 2428 etiam
1205 2397 1314 2427 scelus
1332 2396 1477 2435 tyranni,
1494 2405 1573 2426 nam

873 2457 940 2480 non
957 2448 1112 2479 invadam
1130 2447 1317 2488 imperium,
1330 2445 1389 2476 scd
1405 2445 1572 2477 Arcadius

873 2499 960 2539 ipse,
975 2498 1060 2529 ‘meis
1077 2497 1206 2528 artibus
1223 2500 1372 2532 coactus,
1390 2494 1472 2525 iliud
1490 2493 1572 2525 mihi

875 2550 962 2580 ultro
1001 2549 1215 2579 committere
1250 2545 1431 2583 videbitur,
1457 2545 1572 2586 sicque

874 2600 1068 2639 Imperator
1085 2608 1153 2634 ero,
1166 2606 1231 2627 non
1247 2597 1433 2635 Tyrannus.

916 2653 979 2680 318
1005 2649 1135 2679 Cret-ere
1150 2646 1281 2685 rapinis]
1315 2645 1486 2684 Congesto
1500 2646 1571 2684 'per

874 2699 1000 2731 furtum
1017 2709 1099 2730 auro
1115 2696 1226 2729 evecti
1249 2699 1325 2725 sunt
1349 2693 1389 2725 ad
1408 2694 1573 2734 honores,

875 2755 957 2792 quos
971 2760 991 2780 a
1009 2748 1130 2780 Rufino
1147 2750 1313 2778 emerant.
