1857 3177
584 209 645 239 1)ss
680 208 752 238 111.
786 206 923 237 CONS.
960 206 1145 236 HONOR.

120 308 360 363 Spectandi
379 306 522 347 studio
544 311 716 353 inatres,
739 303 973 357 puerisque
992 302 1132 342 severi

121 376 354 417 Certavere
377 386 516 422 selles,
539 387 637 412 cuin
660 377 706 412 tu
729 372 933 424 genitoris
953 370 1095 410 amico

121 444 350 497 Exceptus
372 442 534 494 gremio
556 441 741 479 medinm
764 439 966 479 veherere
989 450 1067 490 per
1088 436 1254 483 urbem,

122 510 385 564 velaretque
406 510 506 562 pios
528 509 770 548 communis
792 507 938 546 laurea
959 518 1110 546 currus
1129 505 1138 544 !

1501 500 1582 542 130

122 577 236 628 Quis
255 590 338 617 uon
360 577 609 617 Luciferum
629 587 753 614 roseo
775 586 873 613 cum
896 573 998 612 Sole
1021 572 1158 612 videri

121 644 333 694 Credidit,
358 651 432 685 aut
450 645 655 697 junctum
679 640 859 681 Bromio
881 639 1049 679 radiare
1066 637 1342 678 Tonantem?

123 713 271 754 Floret
294 713 484 752 cristatis
507 711 725 751 exercitus
746 707 938 760 undique
962 707 1125 755 turmis,

121 780 324 834 Quisque
348 793 429 819 sua
451 784 491 819 te
511 790 623 818 voce
644 789 820 816 canens.

882 774 1158 825 Praestringit
1180 772 1320 812 ahena

119 904 345 932 contemserunt
367 898 579 930 verecundiam
602 897 774 938 cupiditate
800 896 936 935 ridendi,
959 898 988 926 et
1016 904 1101 925 senes
1129 893 1228 932 rigidi
1251 892 1474 922 contenderunt
1509 899 1584 920 cum

115 944 235 984 pueris,
257 953 326 974 cum
350 946 383 972 tu
410 945 550 982 receptus
572 941 604 971 in
629 941 700 970 sinu
721 949 792 970 caro
807 939 908 979 patris
927 938 1063 976 ferreris
1075 947 1130 977 per
1145 937 1301 967 cit-itatem
1316 934 1459 972 mediam,
1473 943 1508 964 ac
1521 933 1585 963 lau-

118 996 173 1016 rus
194 987 361 1017 communis
386 986 524 1023 cingeret
549 993 656 1014 currus
677 993 779 1012 sacr-ns
792 983 806 1013 ,Ι
854 982 968 1020 Ecquis
992 990 1051 1010 non
1064 979 1256 1010 existimarit
1271 977 1354 1008 cerni
1374 976 1585 1016 Phosphorum

116 1039 186 1060 cum
203 1029 272 1059 Sole
284 1038 451 1069 purpureo,
466 1031 520 1057 aut
537 1028 646 1057 dorem
662 1026 776 1056 micare
790 1024 985 1062 conjunctum
1006 1022 1139 1054 Baccho.
1183 1021 1320 1059 Agmina
1337 1019 1528 1059 composita
1543 1027 1584 1048 ex

119 1072 293 1103 cohortibus
316 1071 452 1110 galeatis
466 1069 639 1109 florescunt
665 1069 883 1107 undequaque:
907 1066 1108 1106 unusquisque
1129 1064 1303 1104 proedicans
1326 1065 1356 1093 te
1383 1063 1491 1101 lingua
1509 1070 1586 1091 sua:

737 1148 970 1160 eeeeeeeeeeee

121 1222 174 1252 vel
190 1231 269 1252 nunc
285 1221 371 1260 Reg.
420 1220 521 1254 Quam
537 1221 638 1248 tutum
655 1217 752 1247 Varr.
773 1216 840 1246 LL.
855 1215 909 1246 ed.
925 1214 1138 1245 Antv.——l27
1163 1211 1330 1252 Spectandi
1344 1219 1472 1250 puerum
1489 1209 1585 1240 Med.

120 1274 188 1295 sec.
214 1275 258 1295 ιιι.
283 1273 334 1303 pr.
371 1262 516 1302 puerique
544 1262 627 1291 Exc.
657 1260 801 1290 Lucem.
830 1260 990 1297 pr.-128
1012 1259 1118 1296 patres
1143 1254 1222 1285 vat.
1251 1255 1361 1295 quint.
1390 1253 1515 1282 Moret.
1535 1261 1586 1292 pr.

116 1311 225 1346 patres
242 1307 294 1336 vel
321 1315 407 1335 senes
424 1305 503 1334 Vnt.
522 1307 633 1343 quart.
650 1303 768 1331 Petav.
786 1310 837 1340 pr.
876 1310 942 1329 cum
957 1302 991 1328 tu
1008 1299 1092 1336 Reg.
1108 1307 1151 1327 ιιι.
1167 1306 1235 1326 sec.
1273 1306 1365 1326 curru
1377 1295 1457 1325 Vat.
1475 1304 1525 1333 pr.
1542 1303 1585 1325 m.

121 1359 172 1388 pr.
207 1358 275 1377 cam
290 1352 321 1378 te
334 1348 412 1376 Vnt.
430 1350 509 1376 tert.
546 1349 580 1375 tu
595 1354 686 1384 quum
705 1343 965 1373 Florent.-—-l29
990 1342 1157 1379 Susceptus
1182 1337 1275 1368 Med.
1301 1347 1351 1377 pr.
1374 1337 1455 1366 Vat.
1473 1345 1586 1366 sec.—

120 1393 181 1421 130
210 1390 390 1429 Velaritque
409 1389 487 1418 Pat.
517 1387 680 1426 Velarique
697 1386 777 1415 Pnt.
795 1385 895 1414 crines
911 1383 1004 1413 Prie.
1028 1391 1134 1412 cursus
1147 1381 1389 1411 Th0105.——131
1409 1377 1586 1415 Lucifero...

119 1434 166 1464 tel
182 1433 253 1464 Sole
270 1432 456 1463 Pan—132
479 1431 631 1461 dimotum
648 1429 732 1459 Exc.
750 1428 894 1458 Lucens.
918 1435 971 1466 pr.
1008 1426 1127 1455 ,Iuncto
1143 1423 1262 1453 Ainhr.
1287 1431 1338 1461 pr.
1375 1421 1491 1451 rictum
1506 1420 1586 1452 Jun.

121 1486 174 1516 pr.
212 1476 348 1507 tinctum
365 1474 420 1505 ed.
437 1474 552 1504 Vicct.
572 1471 776 1503 [θιὼ-133
802 1470 911 1501 Floret
924 1469 1005 1499 Vat.
1023 1472 1104 1498 tert.
1130 1466 1226 1496 Rott.
1251 1464 1358 1495 Oisel.
1387 1463 1479 1495 Med.
1507 1467 1587 1494 tert.

119 1519 201 1552 Jun.
219 1529 286 1549 sce.
301 1519 432 1549 Thnan.
447 1517 532 1547 Exc.
549 1516 694 1547 Lucens.
708 1524 776 1545 sec.
794 1518 829 1543 et
850 1511 974 1542 Sched.
994 1510 1088 1541 Gud.
1124 1509 1236 1539 Hoeret
1253 1508 1364 1538 Oxou.
1383 1516 1433 1546 pr.
1475 1506 1587 1536 Hoeret

119 1562 175 1593 vel
192 1562 299 1593 Floret
316 1560 409 1592 Med.
424 1570 492 1590 sec.
527 1559 592 1590 Iret
609 1557 697 1597 Reg.
739 1557 850 1587 Ferret
869 1553 1126 1595 quatuordecim
1145 1551 1201 1582 alii
1218 1555 1253 1581 et
1269 1551 1320 1581 ed.
1335 1549 1447 1580 Vicet.
1480 1549 1588 1579 Fleret

120 1605 251 1636 Bonou.
270 1604 387 1634 Ambr.
403 1613 454 1643 pr.
474 1603 596 1633 Petav.
612 1610 680 1631 sec.
720 1599 830 1630 Flebat
848 1598 926 1628 Put.
968 1596 1078 1628 Flebat
1105 1598 1141 1625 et
1161 1593 1295 1624 emend.
1335 1592 1450 1623 Fertur
1463 1591 1589 1621 Pan.-

122 1650 182 1678 1:34
202 1647 401 1687 praestringit
420 1647 504 1676 Exc.
523 1645 619 1675 Laeti.
653 1641 853 1683 praffstrinxit
869 1641 997 1672 Moret.
1016 1649 1084 1670 sec.
1101 1638 1186 1668 Exc.
1202 1637 1343 1670 Lucens.
1362 1644 1412 1674 pr.
1439 1633 1592 1674 perstriu-

116 1692 169 1729 git
187 1695 254 1721 tres
270 1690 350 1720 vat.
368 1690 495 1720 Moret.
514 1697 565 1727 pr.
584 1688 684 1717 Farn.
701 1685 800 1716 Rott.
817 1685 940 1715 Petav.
958 1692 1010 1724 pr.
1027 1682 1163 1714 Junian.
1181 1680 1292 1711 Oxon.
1320 1676 1510 1718 prestringit
1534 1676 1587 1706 vel

117 1733 530 1774 1›r·oestrinxitch.—l35
554 1730 716 1770 strictique
739 1737 826 1767 seges
851 1726 970 1758 Atnbr.
997 1729 1078 1756 tert.
1114 1732 1199 1764 sepes
1212 1722 1296 1752 Var.
1315 1721 1381 1752 LL.
1408 1720 1462 1751 ed.
1482 1719 1587 1750 Antv.

121 1777 256 1816 vualane
270 1785 331 1816 pro
347 1775 480 1815 nudique
498 1774 577 1804 Vat.
595 1783 646 1813 pr.
677 1771 764 1810 ferri
792 1770 886 1802 Med.
912 1774 1024 1811 quart.
1052 1768 1137 1798 Exc.
1168 1767 1313 1797 Lucens.
1338 1773 1390 1804 pr.
1427 1762 1497 1793 belli
1523 1761 1588 1792 duo

121 1819 201 1851 Vat.
220 1820 314 1850 Rott.
333 1818 440 1849 Oisel.
469 1818 620 1848 florent.
644 1815 711 1846 duo
729 1814 825 1845 Med.
840 1813 923 1844 Var.
941 1812 1007 1843 LL.
1021 1810 1074 1842 ed.
1093 1809 1197 1841 Autv.
1216 1807 1275 1838 ed.
1289 1808 1404 1838 Parm.
1421 1810 1456 1837 et
1472 1804 1586 1835 Vicet.

786 1926 817 1957 Ν
824 1925 925 1957 OTAE

123 2019 241 2049 dorum
258 2017 472 2057 Principum.

169 2071 229 2099 128
255 2068 422 2097 Certavere
436 2064 536 2102 senes]
559 2064 663 2094 Senes
690 2062 754 2092 etsi
780 2071 829 2091 se·

123 2119 194 2150 veri
212 2122 338 2148 suntet
354 2117 479 2153 tetrici,
494 2119 606 2145 tamen
620 2123 695 2143 cum
712 2111 829 2152 pueris

122 2173 344 2200 certaverunt
360 2167 536 2198 alacritate
558 2163 729 2202 currendi,
756 2172 826 2202 pru:

123 2219 292 2250 desiderio
308 2217 470 2248 cernendi
486 2215 661 2256 triumphi.

166 2271 228 2300 130
254 2268 432 2298 Communis
447 2266 568 2305 laurea]
592 2266 636 2295 Et
654 2264 755 2304 patri,
771 2264 826 2304 qui

123 2320 266 2359 vicerat,
290 2324 325 2349 et
348 2317 429 2357 tilio,
441 2317 537 2357 cujus
550 2315 718 2346 felicitate
729 2314 828 2345 citior

124 2370 268 2403 victoria
286 2369 493 2409 contigerat.
785 2360 788 2363 ’

166 2422 245 2453 Ρίοε
259 2419 382 2459 currus]
408 2419 533 2457 Patris,
547 2417 601 2459 qui
616 2417 745 2457 pietate
758 2425 827 2446 mo-

124 2477 180 2504 tus
197 2473 340 2511 vicerat,
358 2476 395 2501 nt
411 2474 571 2511 pacatum
595 2467 710 2498 liberis
726 2467 826 2497 relin-

124 2528 248 2567 queret
284 2522 483 2562 Imperium.
544 2519 742 2551 Notandum
775 2522 828 2548 est

123 2584 242 2606 currus
267 2572 489 2612 triumphales
518 2579 638 2601 aureos
664 2567 766 2599 fuisse
794 2571 830 2597 et

123 2625 306 2656 laureatos.

169 2676 230 2705 131
257 2674 335 2709 Quis
346 2683 405 2703 ηοιι
420 2671 616 2710 Luciferum]
650 2670 719 2702 Qui
737 2668 829 2699 videt

126 2723 394 2764 triumphantem
407 2722 649 2761 Theodosium,
666 2729 744 2751 cum
760 2718 829 2748 filio

126 2775 292 2816 Honorio,
320 2774 349 2805 is
373 2778 476 2815 putet
505 2772 622 2805 videre
647 2781 685 2804 se
715 2771 829 2803 Solem

883 2019 959 2041 cum
988 2007 1202 2047 Phosphoro,
1231 2008 1290 2035 aut
1314 2001 1492 2039 Lucifero;
1528 2004 1587 2031 aut

881 2060 1003 2092 Jovem
1020 2067 1096 2088 cum
1112 2055 1248 2086 Baccho
1265 2053 1345 2084 filio.

927 2111 987 2139 132
1004 2105 1146 2145 Bromio]
1166 2105 1314 2140 Baccho,
1331 2103 1386 2143 qui
1403 2102 1451 2131 sic
1463 2101 1588 2131 dicitur

882 2158 942 2190 ἀπὸ
965 2159 1021 2189 τοῦ
1046 2155 1181 2197 βρέμειν,
1200 2154 1350 2192 fremere,
1377 2159 1589 2186 murmurare,-

884 2210 1011 2251 quippe
1038 2212 1138 2239 natus
1165 2209 1219 2236 est
1233 2203 1387 2235 Bacchus
1409 2202 1499 2232 inter
1522 2199 1589 2230 fre-

883 2260 1010 2290 mentia
1026 2258 1175 2289 tonitrua
1191 2267 1199 2294 3
1228 2254 1282 2286 vel
1299 2253 1426 2284 dicitur
1443 2251 1587 2282 fremere

883 2310 925 2341 ab
941 2309 1071 2341 effectis
1089 2307 1167 2339 vini.

927 2364 986 2392 133
1004 2360 1112 2391 Floret
1128 2355 1296 2394 exercitus]
1314 2353 1370 2385 Ob
1387 2353 1508 2384 cristas
1526 2351 1589 2382 sci-

882 2413 964 2444 licet
988 2410 1080 2442 floris
1104 2410 1209 2439 instar
1232 2405 1430 2437 mnicautes.
1478 2402 1588 2441 Virgi-

882 2464 967 2494 lius:
990 2464 1000 2479 ‘
1018 2463 1195 2492 Florentes
1210 2466 1276 2488 ’.ει-ε
1291 2453 1473 2485 catervas?
1517 2452 1586 2483 Alii

883 2515 1013 2554 legunt⁷
1028 2512 1152 2549 Ferret,
1167 2509 1199 2538 ia
1217 2513 1279 2546 est,
1296 2505 1394 2536 ardet
1410 2504 1588 2543 honorare,

884 2570 918 2595 et
935 2563 1127 2605 praedicare
1144 2558 1351 2597 Principem.

927 2618 989 2646 134
1028 2614 1105 2643 Voce
1130 2608 1256 2647 canens]
1295 2605 1432 2637 Diversi
1469 2602 1588 2644 populi

884 2667 1019 2698 diversa
1044 2670 1076 2695 te
1101 2664 1215 2702 lingna
1237 2662 1364 2690 canunt
1380 2661 1482 2696 atque
1495 2663 1586 2685 com-

883 2716 1056 2749 mendant.
1102 2710 1290 2744 Martialis:
1326 2708 1335 2723 ‘
1350 2707 1426 2737 Vox
1450 2704 1587 2735 diversa

882 2771 993 2809 sonat,
1009 2764 1210 2808 populorum
1226 2764 1278 2792 est
1293 2768 1358 2790 vox
1376 2761 1491 2789 tamen
1506 2763 1586 2794 una,
