1857 3177
526 211 576 242 1N
611 208 685 242 CL.
719 209 1076 240 eLAcoiANuu.
1482 196 1535 235 11

83 314 215 367 dique
237 324 386 366 genus,
409 308 524 364 quod
558 311 730 348 secutus
750 310 828 354 est,
862 306 1069 357 cognosci
1100 306 1256 358 possit,
1280 307 1443 358 quippe
1465 309 1538 360 qui

85 379 412 422 similitudinem
436 377 530 429 ejus
547 375 740 422 samnite,
773 375 814 412 in
835 386 921 425 qua
943 378 1069 412 nutus·
1092 377 1156 411 est
1175 376 1218 412 et
1238 373 1467 422 educatus,
1496 376 1539 413 in

86 448 289 488 omnibns
311 446 401 484 sui>¹
421 444 681 483 (inminibus
703 454 793 494 pra·
812 454 856 479 sc
874 440 997 480 serat.

142 515 301 554 Adhuc
329 513 503 565 juvenis
546 511 587 549 in
625 510 879 550 Gra=corum
915 508 1092 560 scriptis
1124 510 1338 554 versatus,
1363 518 1541 558 quorum

87 594 284 624 sermone
303 581 430 619 ctiam
468 580 677 618 hactenns
711 577 752 615 in
787 576 1051 615 carminibus
1081 573 1289 615 smriondis
1311 586 1416 612 usus
1447 587 1544 613 esse

87 650 268 697 videtur,
304 648 452 687 nescio
475 659 560 699 quo
583 657 690 686 casu
722 648 764 683 et
796 656 882 695 quo
918 656 1029 683 anno
1060 642 1249 682 Romam
1273 647 1339 680 est
1360 641 1543 682 delatus.

86 717 156 758 Ibi
175 715 518 757 Alexandrinum
540 713 642 753 illud
667 712 882 763 ingenium
914 711 1074 750 invenit
1107 709 1264 757 solum,
1300 708 1343 747 in
1365 721 1450 761 quo
1469 708 1545 749 lae-

86 785 175 826 tius
208 784 355 836 potuit
385 781 666 821 efflorescere.
726 779 828 818 ‹lann
864 778 1028 830 pridem
1049 778 1161 816 enim
1185 790 1325 815 sermo
1353 776 1545 825 Latinus,

88 851 145 893 ad
168 851 375 891 rationem
398 848 622 901 poetarum
646 845 1037 886 Alexandrinorum
1073 848 1350 896 temperatim,
1383 856 1409 882 a
1438 843 1548 895 pris-

89 919 179 961 tina
211 917 492 970 simplicitate
522 915 772 961 deflexerat,
804 911 1122 963 candoremque
1156 923 1284 950 suum
1318 922 1417 949 cum
1450 909 1550 961 ipsa

89 987 251 1028 civium
272 986 466 1026 libertate
488 984 707 1023 amiserat.
754 981 856 1021 Non
879 981 991 1020 enim
1014 979 1203 1031 amplius
1218 978 1374 1030 patrias
1399 977 1548 1025 amori,

90 1053 343 1106 frugalitati,
366 1051 581 1103 gravitati,
605 1059 730 1102 atque
765 1047 1023 1088 constantia}
1048 1048 1089 1086 in
1126 1047 1252 1086 rebus
1275 1045 1549 1097 gravissimis

90 1120 364 1167 inserviebat,
400 1117 475 1157 sed
499 1117 703 1169 publicus
731 1116 827 1166 ejus
859 1128 964 1154 usus
995 1115 1036 1153 in
1062 1113 1282 1153 adulando
1317 1116 1408 1152 erat
1428 1112 1551 1165 posi-

94 1190 179 1237 tus,
201 1187 438 1240 depravato
461 1183 630 1236 pulchri
652 1182 823 1233 judicio
847 1181 1221 1228 accommodatus,
1243 1184 1371 1232 atque
1393 1180 1439 1219 in
1460 1180 1552 1220 rhe-

93 1258 233 1294 torum
273 1251 432 1292 scholis
473 1248 785 1299 auditoriisque
833 1247 1108 1286 recitantium
1145 1249 1363 1297 troporum
1396 1246 1554 1296 figura-

94 1332 275 1371 rumque
306 1316 595 1363 multitudine,
621 1314 898 1354 formularum
928 1312 1240 1352 subtilitatibus
1274 1312 1555 1364 pronuntian-

94 1387 226 1440 dique
245 1385 431 1426 mollitia
451 1386 669 1430 oneratus,
692 1381 953 1421 obscuratus
971 1383 1102 1432 atque
1124 1383 1363 1418 enervatus.
1397 1376 1556 1419 Omnia

95 1453 152 1495 ad
189 1453 360 1493 aurium
392 1450 663 1503 voluptatem
700 1447 1025 1497 ret'erebantur3
1056 1450 1098 1486 et
1135 1460 1224 1499 quo
1265 1446 1365 1499 quis
1414 1446 1555 1497 magis

96 1527 433 1569 ostentationem
465 1524 613 1577 ipsam
646 1521 907 1570 ostenderet,
949 1533 1002 1560 eo
1042 1520 1195 1573 majori
1236 1520 1391 1572 plausu
1432 1519 1556 1559 exci-

97 1596 299 1649 piebatur
320 1593 416 1647 ejus
447 1593 601 1633 oratio.
663 1590 751 1630 Sed
785 1588 838 1629 de
865 1589 934 1628 his
964 1588 1139 1628 uberius
1176 1587 1262 1627 alio
1284 1587 1382 1627 loco
1404 1586 1556 1639 dispu-

97 1664 298 1705 tavimus.

155 1730 247 1772 Diu
266 1730 361 1783 jam
392 1742 418 1769 a
438 1728 684 1768 rhetoribus
705 1729 795 1767 erat
815 1728 1052 1778 receptum,
1071 1728 1119 1764 ut
1136 1726 1327 1763 veterum
1350 1721 1558 1762 orationi-

100 1798 198 1847 bus,
219 1795 574 1852 praeclarissimis
594 1799 759 1835 naturae
783 1796 915 1846 atque
939 1791 1098 1844 ingenii
1120 1790 1313 1836 foetibus,
1338 1788 1558 1836 excussis,

100 1878 187 1908 non
237 1865 380 1906 solum
435 1876 576 1904 rerum
632 1861 942 1910 inventionem,
991 1859 1066 1899 sed
1107 1863 1153 1898 et
1200 1855 1576 1910 compositionem.

101 1944 358 1985 omnemque
398 1931 686 1971 elocutionem
723 1929 780 1970 ad
819 1932 961 1969 certas
999 1924 1398 1980 praeceptiunculas
1438 1934 1561 1962 revo-

104 2004 269 2048 carent,
300 1997 491 2050 indeque
527 2001 662 2037 artem
700 1996 931 2045 efficerent,
954 2008 1044 2047 qua
1077 1993 1446 2047 quis'instructus
1465 2001 1561 2029 ora-

105 2065 246 2106 tiones
272 2077 358 2104 non
390 2064 476 2103 illis
515 2062 703 2115 quidem,
738 2075 795 2103 ex
830 2062 989 2114 quibus
1024 2060 1182 2113 regulae
1204 2062 1323 2097 erant
1345 2056 1561 2104 deductae,

105 2143 250 2185 pares,
272 2130 348 2170 sed
382 2141 527 2168 earum
561 2128 870 2167 similitudines
902 2127 1115 2166 imitando
1151 2136 1388 2176 expressas
1409 2126 1564 2174 posset

106 2199 340 2240 elaborare.
401 2195 453 2235 In
493 2196 575 2235 hac
613 2199 704 2235 arte
743 2193 1009 2246 perficienda
1051 2196 1094 2232 et
1129 2189 1438 2243 locupletanda
1474 2202 1564 2242 quo

106 2266 244 2318 magis
263 2267 386 2305 erant
415 2263 636 2316 occupati,
676 2275 727 2302 eo
758 2261 994 2314 proclivior
1027 2259 1203 2313 quidem
1227 2258 1303 2298 via
1336 2256 1566 2298 videbatur

107 2334 274 2376 munita
299 2331 356 2373 ad
395 2331 657 2384 eloquentiae
693 2330 883 2378 laudem,
921 2329 1051 2369 etiam
1089 2328 1145 2368 iis
1166 2339 1279 2379 quos
1313 2325 1481 2365 aditum
1507 2325 1566 2366 ad

107 2406 330 2443 oratorum
367 2405 531 2441 coetum
571 2403 726 2439 natura
762 2410 891 2451 paene
923 2398 1168 2449 negaverat,
1211 2394 1289 2434 sed
1329 2405 1380 2432 eo
1421 2393 1565 2445 magis

107 2468 282 2523 ingenia
301 2469 414 2522 ipsa,
453 2479 554 2521 quae
589 2467 728 2507 libero
765 2478 897 2506 cursu
926 2465 1074 2505 forsan
1106 2474 1273 2503 summa
1305 2460 1566 2509 attigissent,

108 2536 572 2591 praeceptiuncularum
611 2532 820 2586 angustiis
852 2531 1197 2583 circumscripta,
1233 2528 1334 2567 dum
1370 2527 1567 2567 locorum

112 2605 242 2658 copia
263 2608 394 2657 atque
414 2603 607 2643 ubertate
639 2605 811 2654 parata,
844 2603 1009 2639 remoto
1042 2597 1195 2637 mentis
1231 2594 1274 2634 in
1306 2592 1568 2634 inveniendo

111 2674 157 2712 et
185 2671 482 2724 excogitando
515 2670 682 2718 labore,
714 2673 950 2716 uterentur,
982 2671 1155 2719 torpore
1189 2661 1379 2715 quodam
1393 2672 1568 2700 exares-

117 2738 285 2781 cebant,
346 2738 471 2780 Idem
498 2737 584 2779 fere
618 2737 663 2777 in
698 2735 895 2789 poetices
926 2733 1086 2775 studiis
1118 2728 1336 2772 accidisse
1356 2739 1568 2782 perquam
