1842 3193
279 215 335 255 110
815 222 1185 256 PRoLEGoMENA

279 319 557 373 quibusdam,
579 334 677 376 quae
700 320 825 361 Statii
856 320 1004 373 Sylvis
1027 320 1308 368 continentur,
1339 318 1511 371 illisque
1538 316 1726 360 Ausonii

279 389 557 438 carminibus,
590 403 687 441 quae
710 390 791 428 sub
812 389 963 428 eodem
983 389 1154 428 nomine
1175 386 1425 437 venduntur,
1453 386 1734 428 continentia.

280 454 458 496 Habent
476 457 557 496 hoc
590 456 826 509 peculiare,
843 454 959 508 quod
981 467 1070 494 rem
1094 455 1301 507 aliquam,
1316 454 1385 494 vel
1405 454 1547 494 minus
1568 458 1733 504 notam,

277 523 346 564 vel
365 524 700 571 memorabilem,
722 525 960 574 exponunt,
994 525 1068 562 aut
1088 521 1253 573 aliquid
1274 521 1347 561 vel
1368 534 1394 561 a
1413 525 1566 562 natura
1587 521 1655 562 vel
1677 522 1732 561 ab

277 593 366 630 arte
387 591 625 643 profectum
648 590 914 630 describunt.
977 589 1028 629 In
1050 592 1141 630 toto
1161 589 1244 629 hoc
1265 602 1414 641 genere
1436 589 1602 642 saepius
1617 589 1733 629 acci-

276 657 354 706 dit,
377 661 424 698 ut
440 658 583 711 po'ctae
606 658 818 710 pictorum
837 657 980 697 officia
1009 661 1051 697 et
1083 669 1239 697 munus
1261 660 1489 709 occupent,
1523 657 1568 696 in
1595 669 1733 709 eoque

276 726 563 778 nequicquam
582 725 792 774 laborent,
811 725 927 778 quod
941 724 1130 778 poeseos
1152 725 1261 764 ratio
1277 737 1362 764 non
1382 724 1525 776 possit
1544 722 1731 764 efficere.

277 791 533 845 Descriptio
556 792 667 832 enim
702 792 889 846 alicujus
919 793 981 832 rei
1002 793 1146 833 verbis
1167 792 1380 839 instituta,
1401 804 1499 845 quae
1528 804 1733 831 necessa-

274 859 341 899 rio
361 859 408 899 fit
429 860 626 912 partibus
650 860 747 900 aliis
784 863 887 912 post
919 860 1030 900 alias
1053 859 1303 911 descriptis,
1337 871 1520 911 quarum
1536 858 1731 911 priorum

274 925 484 977 imagines
506 928 576 967 vel
596 927 746 968 deletae
768 931 866 968 sunt
886 928 955 968 vel
977 927 1252 967 obscuriores
1277 925 1406 966 factae
1427 925 1562 978 priUS‚
1596 936 1728 978 quam

274 993 424 1033 ordine
446 995 501 1033 ad
522 995 781 1047 posteriores
801 996 988 1044 veneris,
1024 999 1113 1035 tam
1133 994 1284 1036 vivida
1304 997 1347 1034 et
1375 993 1598 1033 luculenta
1628 1004 1725 1032 esse

270 1061 389 1101 nullo
410 1061 540 1101 modo
561 1065 720 1114 potest,
756 1074 888 1114 quam
909 1061 1105 1114 ejusdem
1126 1063 1271 1113 imago
1289 1060 1562 1101 lineamentis
1584 1063 1627 1101 et
1658 1072 1731 1099 co-

270 1125 434 1166 loribus
456 1128 498 1166 in
519 1127 666 1167 tabula
687 1128 835 1179 aliqua
856 1140 1066 1180 expressa
1088 1128 1315 1179 oculisque
1334 1126 1554 1179 exposita.
1615 1125 1733 1166 Ima-

271 1194 446 1245 ginandi
467 1194 535 1234 vis
556 1194 601 1234 in
629 1194 822 1235 ordinem
854 1195 980 1248 quasi
1014 1198 1172 1235 coacta
1205 1198 1248 1234 et
1280 1193 1492 1242 coercita,
1523 1192 1730 1235 facultate

270 1259 403 1300 libere
425 1261 581 1312 agendi
601 1262 800 1311 exclusa,
822 1262 1046 1302 incassum
1064 1263 1238 1302 laborat
1253 1274 1306 1302 ea
1322 1263 1516 1314 repetere
1532 1273 1611 1301 seu
1628 1260 1731 1301 reti-

271 1340 386 1375 nere,
410 1341 510 1381 quae
541 1327 636 1381 jam
671 1330 866 1370 extincta
899 1334 999 1371 sunt
1035 1343 1111 1371 seu
1143 1333 1429 1378 evanescunt,
1463 1331 1595 1381 atque
1631 1327 1731 1368 inde

269 1393 410 1445 frigus
431 1395 586 1434 animis
608 1396 813 1445 oboritur,
850 1397 969 1450 quod
1003 1398 1072 1438 vel
1109 1396 1479 1451 splendidissimae
1513 1395 1728 1436 dictiones

270 1473 355 1500 non
376 1465 562 1513 possunt
583 1461 825 1504 defendere.
887 1463 1104 1505 Videntur
1123 1465 1219 1506 haec
1242 1464 1436 1505 carmina
1466 1462 1522 1503 ad
1555 1474 1608 1502 ea
1629 1474 1728 1515 per-

269 1528 416 1577 tinere,
438 1529 482 1568 in
504 1529 663 1582 quibus
685 1531 938 1584 plerumque
969 1532 1131 1585 ingenii
1151 1532 1391 1585 periculum
1412 1531 1621 1578 facerent,
1652 1529 1730 1582 qui

270 1596 468 1636 versibus
489 1597 732 1637 scribendis
753 1610 929 1651 operam
960 1599 1061 1639 dare
1081 1600 1367 1648 instituerent,
1401 1601 1474 1638 aut
1489 1597 1585 1651 jam
1604 1609 1730 1638 exer-

270 1663 394 1703 citati
421 1664 465 1703 in
494 1663 577 1704 hac
598 1677 643 1704 re
663 1665 797 1706 otium
830 1666 1034 1707 fallerent.
1096 1667 1305 1708 Fortasse
1340 1666 1471 1707 etiam
1491 1665 1576 1705 hoc
1593 1676 1730 1717 genus

269 1729 314 1769 in
331 1731 710 1782 grammaticorum
727 1733 886 1774 scholis
907 1737 1055 1776 natum
1074 1739 1154 1785 est,
1172 1748 1272 1775 cum
1288 1733 1481 1787 magistri
1498 1731 1730 1786 discipulis

268 1809 359 1837 rem
382 1798 588 1851 aliquam,
623 1812 649 1839 a
670 1803 812 1841 vetere
834 1801 984 1854 aliquo
1000 1801 1134 1854 poeta
1154 1802 1311 1856 paucis
1331 1804 1497 1841 tantum
1528 1798 1728 1840 versibus

268 1867 513 1916 tractatam,
531 1868 801 1917 imitandam,
834 1868 1103 1918 variandam,
1122 1869 1326 1922 omnique
1345 1867 1512 1908 ratione
1531 1865 1730 1919 locuple-

267 1932 445 1972 tandam
467 1940 770 1987 proponerent.
832 1935 953 1977 Hinc
975 1949 1001 1977 a
1020 1936 1167 1990 poetis
1187 1936 1519 1984 recentioribus,
1552 1933 1728 1987 ingenio

265 2011 354 2039 non
389 2001 621 2042 admodum
657 2003 995 2053 abundantibus,
1031 2003 1109 2044 sed
1143 2004 1353 2045 sermonis
1390 2002 1558 2057 poetici
1593 2005 1730 2042 artem

265 2067 403 2119 probe
425 2068 611 2119 edoctis,
650 2074 859 2111 retentum
887 2076 953 2112 est
975 2072 1208 2126 studioque
1246 2072 1456 2124 singulari
1491 2069 1726 2111 excultum.

268 2134 580 2176 Narrationem
603 2139 793 2179 continet
811 2140 999 2192 primum
1021 2153 1208 2188 carmen,
1242 2139 1360 2192 quod
1381 2139 1640 2190 inscriptum
1661 2139 1729 2177 est

269 2199 446 2240 ΡΙιαηιί1Ἴ
460 2218 473 2245 ;
504 2207 545 2242 et
565 2204 812 2256 septimum,
846 2206 891 2244 in
910 2207 1255 2259 quossexponitur
1276 2206 1396 2258 pium
1415 2204 1586 2245 facinus
1618 2203 1726 2244 duo-

265 2281 358 2308 rum
377 2269 567 2319 fratrum,
589 2271 665 2323 qui
685 2275 888 2324 parentes
912 2286 1014 2313 suos
1038 2286 1161 2314 senes
1184 2273 1226 2312 in
1251 2273 1397 2313 AEtnae
1416 2272 1574 2313 montis
1596 2285 1726 2326 erup-

264 2336 379 2376 tione
400 2337 589 2378 humeris
606 2338 805 2380 sublatos
821 2345 1060 2383 servarunt.
1122 2341 1316 2394 Reliqua
1332 2341 1405 2381 vel
1424 2353 1515 2380 rem
1532 2339 1727 2394 aliquam

267 2403 535 2454 describunt,
571 2407 640 2446 vel
670 2408 1039 2450 narratiunculam
1060 2409 1340 2462 descriptioni
1378 2409 1628 2464 adjunctam
1647 2408 1726 2449 ha-

264 2471 378 2511 bent.
422 2471 682 2526 Quanquam
703 2489 887 2517 acumen
906 2479 1156 2531 quaesitum,
1178 2478 1388 2519 doctrinae
1410 2477 1660 2527 ostentatio,
1681 2479 1725 2518 et

264 2538 568 2580 miraculorum
608 2543 801 2583 studium
842 2544 887 2584 in
917 2547 1117 2586 omnibus
1150 2559 1196 2585 se
1237 2549 1436 2586 exserat:
1485 2549 1646 2593 tamen,
1683 2543 1724 2585 si

264 2619 410 2648 verum
433 2608 657 2650 fatendum
676 2615 756 2661 est,
779 2612 874 2653 haec
897 2627 1035 2666 parva
1055 2614 1248 2654 carmina
1266 2614 1354 2653 illis
1374 2613 1659 2666 longioribus,
1679 2612 1723 2652 in

265 2675 426 2727 quibus
447 2677 588 2718 rhetor
606 2690 652 2718 se
670 2677 824 2733 jactat,
858 2681 983 2734 longe
1003 2685 1215 2735 praestare
1230 2680 1440 2722 videntur.
1501 2678 1721 2730 Colorem,

266 2754 352 2794 quo
380 2743 543 2785 scholae
564 2745 807 2804 infecerunt
824 2749 1015 2802 poetam,
1047 2750 1178 2791 etiam
1199 2749 1245 2790 in
1265 2749 1331 2791 his
1353 2748 1525 2801 videas3
1558 2747 1720 2803 praeci-
