<?xml version="1.0" encoding="UTF-8"?>
<!DOCTYPE html PUBLIC "-//W3C//DTD XHTML 1.0 Transitional//EN"
    "http://www.w3.org/TR/xhtml1/DTD/xhtml1-transitional.dtd">
<html xmlns="http://www.w3.org/1999/xhtml" xml:lang="en" lang="en">
 <head>
  <title>
</title>
<meta http-equiv="Content-Type" content="text/html;charset=utf-8" />
  <meta name='ocr-system' content='tesseract 3.04.00' />
  <meta name='ocr-capabilities' content='ocr_page ocr_carea ocr_par ocr_line ocrx_word'/>
</head>
<body>
  <div class='ocr_page' id='page_1' title='image "./operaomniaexedit01clauuoft_0228.png"; bbox 0 0 1852 3193; ppageno 0'>
   <div class='ocr_carea' id='block_1_1' title="bbox 255 188 1219 230">
    <p class='ocr_par' dir='ltr' id='par_1_1' title="bbox 255 188 1219 230">
     <span class='ocr_line' id='line_1_1' title="bbox 255 188 1219 230; baseline -0.006 0"><span class='ocrx_word' id='word_1_1' title='bbox 255 188 340 230; x_wconf 72' lang='grc'>208</span> <span class='ocrx_word' id='word_1_2' title='bbox 710 199 783 229; x_wconf 68' lang='lat' dir='ltr'>or„</span> <span class='ocrx_word' id='word_1_3' title='bbox 815 196 1096 229; x_wconf 68' lang='lat' dir='ltr'><strong>CLAUJMANI</strong></span> <span class='ocrx_word' id='word_1_4' title='bbox 1135 196 1219 225; x_wconf 73' lang='lat' dir='ltr'>vii.</span> 
     </span>
    </p>
   </div>
   <div class='ocr_carea' id='block_1_2' title="bbox 249 290 1543 751">
    <p class='ocr_par' dir='ltr' id='par_1_2' title="bbox 249 290 1497 681">
     <span class='ocr_line' id='line_1_2' title="bbox 252 290 1325 350; baseline -0.007 -13"><span class='ocrx_word' id='word_1_5' title='bbox 252 296 520 350; x_wconf 80' lang='lat' dir='ltr'>Sceptraque</span> <span class='ocrx_word' id='word_1_6' title='bbox 543 294 713 349; x_wconf 71' lang='lat' dir='ltr'>dejecto</span> <span class='ocrx_word' id='word_1_7' title='bbox 739 293 919 334; x_wconf 78' lang='lat' dir='ltr'>dederat</span> <span class='ocrx_word' id='word_1_8' title='bbox 941 291 1145 332; x_wconf 71' lang='lat' dir='ltr'>Romana</span> <span class='ocrx_word' id='word_1_9' title='bbox 1167 290 1325 332; x_wconf 84' lang='lat' dir='ltr'>clienti.</span> 
     </span>
     <span class='ocr_line' id='line_1_3' title="bbox 251 361 1367 416; baseline -0.007 -11"><span class='ocrx_word' id='word_1_10' title='bbox 251 363 281 405; x_wconf 88' lang='lat' dir='ltr'><strong>J</strong></span> <span class='ocrx_word' id='word_1_11' title='bbox 286 377 356 404; x_wconf 84' lang='lat' dir='ltr'>am</span> <span class='ocrx_word' id='word_1_12' title='bbox 379 364 591 416; x_wconf 75' lang='lat' dir='ltr'>Princeps</span> <span class='ocrx_word' id='word_1_13' title='bbox 608 363 779 402; x_wconf 77' lang='lat' dir='ltr'>molitur</span> <span class='ocrx_word' id='word_1_14' title='bbox 800 361 895 408; x_wconf 80' lang='lat' dir='ltr'>iter,</span> <span class='ocrx_word' id='word_1_15' title='bbox 919 363 1153 411; x_wconf 69' lang='lat' dir='ltr'>gentesque</span> <span class='ocrx_word' id='word_1_16' title='bbox 1174 362 1367 399; x_wconf 80' lang='lat' dir='ltr'>remotas</span> 
     </span>
     <span class='ocr_line' id='line_1_4' title="bbox 253 427 1405 483; baseline -0.007 -11"><span class='ocrx_word' id='word_1_17' title='bbox 253 431 431 483; x_wconf 77' lang='lat' dir='ltr'>Colligit</span> <span class='ocrx_word' id='word_1_18' title='bbox 453 430 650 478; x_wconf 54' lang='grc' dir='ltr'>Δια-01111,</span> <span class='ocrx_word' id='word_1_19' title='bbox 674 427 866 469; x_wconf 65' lang='lat' dir='ltr'>[uiuidus</span> <span class='ocrx_word' id='word_1_20' title='bbox 888 438 1190 479; x_wconf 62' lang='lat' dir='ltr'>(prascumque</span> <span class='ocrx_word' id='word_1_21' title='bbox 1212 428 1405 478; x_wconf 78' lang='lat' dir='ltr'>pererrat</span> 
     </span>
     <span class='ocr_line' id='line_1_5' title="bbox 252 491 1497 551; baseline -0.006 -13"><span class='ocrx_word' id='word_1_22' title='bbox 252 497 513 551; x_wconf 60' lang='lat' dir='ltr'>Euphrates,</span> <span class='ocrx_word' id='word_1_23' title='bbox 534 510 643 549; x_wconf 73' lang='lat' dir='ltr'>quas</span> <span class='ocrx_word' id='word_1_24' title='bbox 662 496 816 535; x_wconf 76' lang='lat' dir='ltr'>lustrat</span> <span class='ocrx_word' id='word_1_25' title='bbox 839 493 1000 546; x_wconf 76' lang='lat' dir='ltr'>Halys,</span> <span class='ocrx_word' id='word_1_26' title='bbox 1030 505 1140 545; x_wconf 83' lang='lat' dir='ltr'>quas</span> <span class='ocrx_word' id='word_1_27' title='bbox 1162 492 1272 532; x_wconf 75' lang='lat' dir='ltr'>ditat</span> <span class='ocrx_word' id='word_1_28' title='bbox 1294 491 1497 533; x_wconf 82' lang='lat' dir='ltr'>Orontes.</span> 
     </span>
     <span class='ocr_line' id='line_1_6' title="bbox 250 559 1356 613; baseline -0.005 -7"><span class='ocrx_word' id='word_1_29' title='bbox 250 565 507 606; x_wconf 70' lang='lat' dir='ltr'>Thur-iseros</span> <span class='ocrx_word' id='word_1_30' title='bbox 529 564 700 604; x_wconf 77' lang='lat' dir='ltr'>Arabes</span> <span class='ocrx_word' id='word_1_31' title='bbox 722 563 873 611; x_wconf 66' lang='lat' dir='ltr'>salius,</span> <span class='ocrx_word' id='word_1_32' title='bbox 896 561 1007 601; x_wconf 67' lang='lat' dir='ltr'>vada</span> <span class='ocrx_word' id='word_1_33' title='bbox 1031 559 1195 613; x_wconf 77' lang='lat' dir='ltr'>Caspia</span> <span class='ocrx_word' id='word_1_34' title='bbox 1220 559 1356 610; x_wconf 76' lang='lat' dir='ltr'>Medi,</span> 
     </span>
     <span class='ocr_line' id='line_1_7' title="bbox 249 627 1267 681; baseline -0.008 -8"><span class='ocrx_word' id='word_1_35' title='bbox 249 632 446 673; x_wconf 80' lang='lat' dir='ltr'><strong>Armenii</strong></span> <span class='ocrx_word' id='word_1_36' title='bbox 469 631 645 679; x_wconf 71' lang='lat' dir='ltr'>Phasin,</span> <span class='ocrx_word' id='word_1_37' title='bbox 670 630 821 669; x_wconf 77' lang='lat' dir='ltr'>Parthi</span> <span class='ocrx_word' id='word_1_38' title='bbox 842 629 1005 681; x_wconf 74' lang='lat' dir='ltr'>liquere</span> <span class='ocrx_word' id='word_1_39' title='bbox 1028 627 1267 680; x_wconf 79' lang='lat' dir='ltr'>Niphaten.</span> 
     </span>
    </p>

    <p class='ocr_par' dir='ltr' id='par_1_3' title="bbox 310 693 1543 751">
     <span class='ocr_line' id='line_1_8' title="bbox 310 693 1543 751; baseline -0.005 -11"><span class='ocrx_word' id='word_1_40' title='bbox 310 699 422 751; x_wconf 82' lang='lat' dir='ltr'>Quae</span> <span class='ocrx_word' id='word_1_41' title='bbox 444 699 524 739; x_wconf 87' lang='lat' dir='ltr'>tibi</span> <span class='ocrx_word' id='word_1_42' title='bbox 547 702 647 739; x_wconf 74' lang='grc'>111110</span> <span class='ocrx_word' id='word_1_43' title='bbox 669 697 826 737; x_wconf 77' lang='lat' dir='ltr'>Martis</span> <span class='ocrx_word' id='word_1_44' title='bbox 847 697 1004 746; x_wconf 74' lang='lat' dir='ltr'>rabies,</span> <span class='ocrx_word' id='word_1_45' title='bbox 1028 697 1306 748; x_wconf 71' lang='lat' dir='ltr'>quantusque</span> <span class='ocrx_word' id='word_1_46' title='bbox 1329 693 1543 747; x_wconf 86' lang='lat' dir='ltr'>sequendi</span> 
     </span>
    </p>
   </div>
   <div class='ocr_carea' id='block_1_3' title="bbox 1657 491 1713 533">
    <p class='ocr_par' dir='ltr' id='par_1_4' title="bbox 1657 491 1713 533">
     <span class='ocr_line' id='line_1_9' title="bbox 1657 491 1713 533; baseline 0.036 -2"><span class='ocrx_word' id='word_1_47' title='bbox 1657 491 1713 533; x_wconf 85' lang='lat'>70</span> 
     </span>
    </p>
   </div>
   <div class='ocr_carea' id='block_1_4' title="bbox 247 812 1720 1028">
    <p class='ocr_par' dir='ltr' id='par_1_5' title="bbox 247 812 1720 1028">
     <span class='ocr_line' id='line_1_10' title="bbox 254 812 1720 859; baseline -0.005 -7"><span class='ocrx_word' id='word_1_48' title='bbox 254 822 477 859; x_wconf 75' lang='lat' dir='ltr'>Occidentales,</span> <span class='ocrx_word' id='word_1_49' title='bbox 492 825 521 851; x_wconf 79' lang='lat' dir='ltr'>et</span> <span class='ocrx_word' id='word_1_50' title='bbox 537 821 711 851; x_wconf 77' lang='lat' dir='ltr'>tradiderat</span> <span class='ocrx_word' id='word_1_51' title='bbox 743 819 911 859; x_wconf 77' lang='lat' dir='ltr'>Imperium</span> <span class='ocrx_word' id='word_1_52' title='bbox 928 819 1102 848; x_wconf 81' lang='lat' dir='ltr'>Romanam</span> <span class='ocrx_word' id='word_1_53' title='bbox 1118 815 1225 846; x_wconf 75' lang='lat' dir='ltr'>clienti</span> <span class='ocrx_word' id='word_1_54' title='bbox 1238 815 1305 846; x_wconf 78' lang='lat' dir='ltr'>rili.</span> <span class='ocrx_word' id='word_1_55' title='bbox 1327 816 1403 845; x_wconf 82' lang='lat' dir='ltr'>Jam</span> <span class='ocrx_word' id='word_1_56' title='bbox 1433 814 1584 853; x_wconf 70' lang='lat' dir='ltr'>Princeps</span> <span class='ocrx_word' id='word_1_57' title='bbox 1609 812 1720 844; x_wconf 82' lang='lat' dir='ltr'>Theo·</span> 
     </span>
     <span class='ocr_line' id='line_1_11' title="bbox 252 857 1718 903; baseline -0.007 -8"><span class='ocrx_word' id='word_1_58' title='bbox 252 865 364 895; x_wconf 82' lang='lat' dir='ltr'>dosius</span> <span class='ocrx_word' id='word_1_59' title='bbox 380 864 507 903; x_wconf 76' lang='lat' dir='ltr'><strong><em>suscipit</em></strong></span> <span class='ocrx_word' id='word_1_60' title='bbox 534 863 627 902; x_wconf 81' lang='lat' dir='ltr'>viam,</span> <span class='ocrx_word' id='word_1_61' title='bbox 644 867 673 893; x_wconf 68' lang='lat' dir='ltr'>el</span> <span class='ocrx_word' id='word_1_62' title='bbox 691 865 859 902; x_wconf 69' lang='lat' dir='ltr'>congregat</span> <span class='ocrx_word' id='word_1_63' title='bbox 870 862 995 901; x_wconf 74' lang='lat' dir='ltr'>populas</span> <span class='ocrx_word' id='word_1_64' title='bbox 1018 861 1200 898; x_wconf 71' lang='lat' dir='ltr'>longinquos</span> <span class='ocrx_word' id='word_1_65' title='bbox 1218 858 1371 897; x_wconf 74' lang='lat' dir='ltr'><strong><em>Orientis,</em></strong></span> <span class='ocrx_word' id='word_1_66' title='bbox 1387 868 1459 897; x_wconf 81' lang='lat' dir='ltr'>quos</span> <span class='ocrx_word' id='word_1_67' title='bbox 1487 859 1634 897; x_wconf 79' lang='lat' dir='ltr'>peragrat</span> <span class='ocrx_word' id='word_1_68' title='bbox 1653 857 1718 886; x_wconf 85' lang='lat' dir='ltr'>Ea·</span> 
     </span>
     <span class='ocr_line' id='line_1_12' title="bbox 247 900 1719 946; baseline -0.005 -10"><span class='ocrx_word' id='word_1_69' title='bbox 247 907 376 946; x_wconf 75' lang='lat' dir='ltr'>phrates</span> <span class='ocrx_word' id='word_1_70' title='bbox 405 910 546 945; x_wconf 77' lang='lat' dir='ltr'>turgens,</span> <span class='ocrx_word' id='word_1_71' title='bbox 566 916 638 946; x_wconf 78' lang='lat' dir='ltr'>quos</span> <span class='ocrx_word' id='word_1_72' title='bbox 664 906 767 945; x_wconf 77' lang='lat' dir='ltr'>Halys</span> <span class='ocrx_word' id='word_1_73' title='bbox 790 905 894 942; x_wconf 74' lang='lat' dir='ltr'>alluit,</span> <span class='ocrx_word' id='word_1_74' title='bbox 916 914 988 944; x_wconf 79' lang='lat' dir='ltr'>qaas</span> <span class='ocrx_word' id='word_1_75' title='bbox 1017 904 1151 932; x_wconf 71' lang='lat' dir='ltr'>Orontes</span> <span class='ocrx_word' id='word_1_76' title='bbox 1177 901 1351 940; x_wconf 75' lang='lat' dir='ltr'>locupletat.</span> <span class='ocrx_word' id='word_1_77' title='bbox 1375 900 1494 931; x_wconf 77' lang='lat' dir='ltr'><em>Arabes</em></span> <span class='ocrx_word' id='word_1_78' title='bbox 1519 900 1719 930; x_wconf 71' lang='lat' dir='ltr'>deseruerunt</span> 
     </span>
     <span class='ocr_line' id='line_1_13' title="bbox 249 942 1718 990; baseline -0.006 -10"><span class='ocrx_word' id='word_1_79' title='bbox 249 951 352 990; x_wconf 73' lang='lat' dir='ltr'>sylvas</span> <span class='ocrx_word' id='word_1_80' title='bbox 365 948 547 986; x_wconf 68' lang='lat' dir='ltr'>tharifhras,</span> <span class='ocrx_word' id='word_1_81' title='bbox 565 949 654 978; x_wconf 77' lang='lat' dir='ltr'>Medi</span> <span class='ocrx_word' id='word_1_82' title='bbox 668 958 752 978; x_wconf 66' lang='lat' dir='ltr'>mam</span> <span class='ocrx_word' id='word_1_83' title='bbox 770 947 929 986; x_wconf 75' lang='lat' dir='ltr'>Caspium,</span> <span class='ocrx_word' id='word_1_84' title='bbox 945 945 1085 976; x_wconf 76' lang='lat' dir='ltr'>Armenii</span> <span class='ocrx_word' id='word_1_85' title='bbox 1103 944 1235 983; x_wconf 76' lang='lat' dir='ltr'>Phasin,</span> <span class='ocrx_word' id='word_1_86' title='bbox 1251 943 1366 973; x_wconf 80' lang='lat' dir='ltr'>Parthi</span> <span class='ocrx_word' id='word_1_87' title='bbox 1384 942 1553 982; x_wconf 80' lang='lat' dir='ltr'>Niphalem</span> <span class='ocrx_word' id='word_1_88' title='bbox 1577 942 1718 972; x_wconf 82' lang='lat' dir='ltr'>deseru-</span> 
     </span>
     <span class='ocr_line' id='line_1_14' title="bbox 251 983 1717 1028; baseline -0.006 -5"><span class='ocrx_word' id='word_1_89' title='bbox 251 997 360 1023; x_wconf 84' lang='lat' dir='ltr'>erunt.</span> <span class='ocrx_word' id='word_1_90' title='bbox 409 991 518 1026; x_wconf 76' lang='lat' dir='ltr'>Qualis</span> <span class='ocrx_word' id='word_1_91' title='bbox 535 990 594 1020; x_wconf 72' lang='lat' dir='ltr'>tibi</span> <span class='ocrx_word' id='word_1_92' title='bbox 621 994 686 1020; x_wconf 75' lang='lat' dir='ltr'>tum</span> <span class='ocrx_word' id='word_1_93' title='bbox 716 993 783 1019; x_wconf 73' lang='lat' dir='ltr'>erat</span> <span class='ocrx_word' id='word_1_94' title='bbox 810 999 896 1019; x_wconf 85' lang='lat' dir='ltr'>amor</span> <span class='ocrx_word' id='word_1_95' title='bbox 923 988 1007 1028; x_wconf 71' lang='lat' dir='ltr'>belli,</span> <span class='ocrx_word' id='word_1_96' title='bbox 1035 997 1054 1018; x_wconf 92' lang='lat' dir='ltr'>o</span> <span class='ocrx_word' id='word_1_97' title='bbox 1074 987 1218 1026; x_wconf 80' lang='lat' dir='ltr'>Honori,</span> <span class='ocrx_word' id='word_1_98' title='bbox 1242 986 1341 1026; x_wconf 76' lang='lat' dir='ltr'>qualis</span> <span class='ocrx_word' id='word_1_99' title='bbox 1367 986 1523 1025; x_wconf 76' lang='lat' dir='ltr'><em>cupiditas</em></span> <span class='ocrx_word' id='word_1_100' title='bbox 1548 983 1717 1015; x_wconf 75' lang='lat' dir='ltr'>comitandi</span> 
     </span>
    </p>
   </div>
   <div class='ocr_carea' id='block_1_5' title="bbox 864 1068 1099 1079">
    <p class='ocr_par' dir='ltr' id='par_1_6' title="bbox 864 1068 1099 1079">
     <span class='ocr_line' id='line_1_15' title="bbox 864 1068 1099 1079; baseline -0.009 0"><span class='ocrx_word' id='word_1_101' title='bbox 864 1068 1099 1079; x_wconf 65' lang='lat' dir='ltr'>aeaeaeaeaeaeaeaeaeaeaeae</span> 
     </span>
    </p>
   </div>
   <div class='ocr_carea' id='block_1_6' title="bbox 248 1121 1726 1510">
    <p class='ocr_par' dir='ltr' id='par_1_7' title="bbox 248 1121 1726 1510">
     <span class='ocr_line' id='line_1_16' title="bbox 249 1121 1719 1167; baseline -0.004 -9"><span class='ocrx_word' id='word_1_102' title='bbox 249 1129 394 1159; x_wconf 81' lang='lat' dir='ltr'>Lucens.</span> <span class='ocrx_word' id='word_1_103' title='bbox 410 1137 478 1158; x_wconf 84' lang='lat' dir='ltr'>sec.</span> <span class='ocrx_word' id='word_1_104' title='bbox 498 1128 609 1167; x_wconf 70' lang='lat' dir='ltr'>glossa</span> <span class='ocrx_word' id='word_1_105' title='bbox 625 1130 698 1157; x_wconf 85' lang='lat' dir='ltr'>erat</span> <span class='ocrx_word' id='word_1_106' title='bbox 715 1126 798 1156; x_wconf 67' lang='lat' dir='ltr'>exal.</span> <span class='ocrx_word' id='word_1_107' title='bbox 826 1125 848 1155; x_wconf 90' lang='lat' dir='ltr'>i.</span> <span class='ocrx_word' id='word_1_108' title='bbox 865 1135 894 1155; x_wconf 87' lang='lat' dir='ltr'>e.</span> <span class='ocrx_word' id='word_1_109' title='bbox 922 1122 1096 1163; x_wconf 75' lang='lat' dir='ltr'>Eugenius</span> <span class='ocrx_word' id='word_1_110' title='bbox 1114 1125 1149 1153; x_wconf 89' lang='lat' dir='ltr'>et</span> <span class='ocrx_word' id='word_1_111' title='bbox 1163 1121 1389 1161; x_wconf 83' lang='lat' dir='ltr'>Arbogastus.</span> <span class='ocrx_word' id='word_1_112' title='bbox 1413 1131 1482 1151; x_wconf 86' lang='lat' dir='ltr'>oras</span> <span class='ocrx_word' id='word_1_113' title='bbox 1497 1121 1589 1152; x_wconf 87' lang='lat' dir='ltr'>Med.</span> <span class='ocrx_word' id='word_1_114' title='bbox 1607 1124 1719 1162; x_wconf 80' lang='lat' dir='ltr'><strong>quart.</strong></span> 
     </span>
     <span class='ocr_line' id='line_1_17' title="bbox 250 1164 1718 1204; baseline -0.003 -4"><span class='ocrx_word' id='word_1_115' title='bbox 250 1171 380 1201; x_wconf 79' lang='lat' dir='ltr'>Morot.</span> <span class='ocrx_word' id='word_1_116' title='bbox 399 1180 467 1201; x_wconf 84' lang='lat' dir='ltr'>sec.</span> <span class='ocrx_word' id='word_1_117' title='bbox 489 1170 578 1200; x_wconf 75' lang='lat' dir='ltr'>arbes</span> <span class='ocrx_word' id='word_1_118' title='bbox 594 1170 646 1200; x_wconf 82' lang='lat' dir='ltr'>vel</span> <span class='ocrx_word' id='word_1_119' title='bbox 674 1169 765 1199; x_wconf 85' lang='lat' dir='ltr'>horas</span> <span class='ocrx_word' id='word_1_120' title='bbox 781 1167 893 1198; x_wconf 82' lang='lat' dir='ltr'>Oxou.</span> <span class='ocrx_word' id='word_1_121' title='bbox 913 1168 1067 1196; x_wconf 74' lang='lat' dir='ltr'>scc.—-67</span> <span class='ocrx_word' id='word_1_122' title='bbox 1095 1165 1235 1196; x_wconf 74' lang='lat' dir='ltr'>Fortuna</span> <span class='ocrx_word' id='word_1_123' title='bbox 1252 1164 1433 1195; x_wconf 57' lang='lat' dir='ltr'>Prien—70</span> <span class='ocrx_word' id='word_1_124' title='bbox 1458 1164 1540 1194; x_wconf 74' lang='lat' dir='ltr'>&lt;litat</span> <span class='ocrx_word' id='word_1_125' title='bbox 1555 1164 1672 1204; x_wconf 81' lang='lat' dir='ltr'>Halys,</span> <span class='ocrx_word' id='word_1_126' title='bbox 1688 1175 1718 1203; x_wconf 82' lang='lat' dir='ltr'>q.</span> 
     </span>
     <span class='ocr_line' id='line_1_18' title="bbox 249 1206 1720 1252; baseline -0.004 -9"><span class='ocrx_word' id='word_1_127' title='bbox 249 1214 361 1244; x_wconf 77' lang='lat' dir='ltr'>lustrat</span> <span class='ocrx_word' id='word_1_128' title='bbox 381 1213 421 1243; x_wconf 92' lang='grc' dir='ltr'>Ο.</span> <span class='ocrx_word' id='word_1_129' title='bbox 450 1213 532 1245; x_wconf 84' lang='lat' dir='ltr'>Jun.</span> <span class='ocrx_word' id='word_1_130' title='bbox 558 1222 612 1252; x_wconf 85' lang='lat' dir='ltr'>pr.</span> <span class='ocrx_word' id='word_1_131' title='bbox 635 1211 706 1243; x_wconf 77' lang='lat' dir='ltr'>Alis</span> <span class='ocrx_word' id='word_1_132' title='bbox 732 1211 930 1242; x_wconf 83' lang='lat' dir='ltr'>Vicet.-71</span> <span class='ocrx_word' id='word_1_133' title='bbox 949 1207 1070 1239; x_wconf 80' lang='lat' dir='ltr'>Arabes</span> <span class='ocrx_word' id='word_1_134' title='bbox 1097 1207 1233 1247; x_wconf 82' lang='lat' dir='ltr'>plurimi</span> <span class='ocrx_word' id='word_1_135' title='bbox 1261 1207 1371 1238; x_wconf 88' lang='lat' dir='ltr'>Codd.</span> <span class='ocrx_word' id='word_1_136' title='bbox 1398 1207 1482 1237; x_wconf 78' lang='lat' dir='ltr'>Exc.</span> <span class='ocrx_word' id='word_1_137' title='bbox 1501 1206 1646 1237; x_wconf 85' lang='lat' dir='ltr'>Lucens.</span> <span class='ocrx_word' id='word_1_138' title='bbox 1665 1216 1720 1246; x_wconf 86' lang='lat' dir='ltr'>pr.</span> 
     </span>
     <span class='ocr_line' id='line_1_19' title="bbox 250 1248 1720 1295; baseline -0.004 -9"><span class='ocrx_word' id='word_1_139' title='bbox 250 1261 285 1287; x_wconf 87' lang='lat' dir='ltr'>et</span> <span class='ocrx_word' id='word_1_140' title='bbox 300 1256 382 1287; x_wconf 86' lang='lat' dir='ltr'>Var.</span> <span class='ocrx_word' id='word_1_141' title='bbox 417 1257 485 1286; x_wconf 87' lang='lat' dir='ltr'>LL.</span> <span class='ocrx_word' id='word_1_142' title='bbox 514 1265 532 1286; x_wconf 90' lang='lat' dir='ltr'>e</span> <span class='ocrx_word' id='word_1_143' title='bbox 556 1265 661 1295; x_wconf 76' lang='lat' dir='ltr'>marg.</span> <span class='ocrx_word' id='word_1_144' title='bbox 687 1251 1047 1285; x_wconf 75' lang='lat' dir='ltr'>Pa1·m.saltusArabes</span> <span class='ocrx_word' id='word_1_145' title='bbox 1062 1250 1184 1281; x_wconf 82' lang='lat' dir='ltr'>Ambr.</span> <span class='ocrx_word' id='word_1_146' title='bbox 1209 1260 1260 1289; x_wconf 87' lang='lat' dir='ltr'>pr.</span> <span class='ocrx_word' id='word_1_147' title='bbox 1287 1249 1402 1280; x_wconf 85' lang='lat' dir='ltr'>Oxon.</span> <span class='ocrx_word' id='word_1_148' title='bbox 1425 1258 1492 1280; x_wconf 83' lang='lat' dir='ltr'>sec.</span> <span class='ocrx_word' id='word_1_149' title='bbox 1517 1248 1570 1279; x_wconf 84' lang='lat' dir='ltr'>ed.</span> <span class='ocrx_word' id='word_1_150' title='bbox 1587 1249 1720 1280; x_wconf 83' lang='lat' dir='ltr'>Claver.</span> 
     </span>
     <span class='ocr_line' id='line_1_20' title="bbox 249 1291 1723 1335; baseline -0.005 -7"><span class='ocrx_word' id='word_1_151' title='bbox 249 1299 366 1329; x_wconf 78' lang='lat' dir='ltr'>Elzev.</span> <span class='ocrx_word' id='word_1_152' title='bbox 392 1298 532 1330; x_wconf 81' lang='lat' dir='ltr'><strong><em>Arabum</em></strong></span> <span class='ocrx_word' id='word_1_153' title='bbox 556 1298 670 1328; x_wconf 76' lang='lat' dir='ltr'>Vicet.</span> <span class='ocrx_word' id='word_1_154' title='bbox 688 1297 802 1327; x_wconf 85' lang='lat' dir='ltr'>Parm.</span> <span class='ocrx_word' id='word_1_155' title='bbox 818 1295 945 1335; x_wconf 76' lang='lat' dir='ltr'>Isingr.</span> <span class='ocrx_word' id='word_1_156' title='bbox 972 1294 1104 1333; x_wconf 72' lang='lat' dir='ltr'>Gryph.</span> <span class='ocrx_word' id='word_1_157' title='bbox 1135 1294 1178 1324; x_wconf 88' lang='lat' dir='ltr'>al.</span> <span class='ocrx_word' id='word_1_158' title='bbox 1209 1292 1345 1332; x_wconf 78' lang='lat' dir='ltr'>Caspida</span> <span class='ocrx_word' id='word_1_159' title='bbox 1363 1292 1535 1323; x_wconf 79' lang='lat' dir='ltr'>Lov.——72</span> <span class='ocrx_word' id='word_1_160' title='bbox 1562 1291 1723 1322; x_wconf 80' lang='lat' dir='ltr'>Armeniis</span> 
     </span>
     <span class='ocr_line' id='line_1_21' title="bbox 248 1334 1718 1381; baseline -0.005 -10"><span class='ocrx_word' id='word_1_161' title='bbox 248 1341 327 1371; x_wconf 85' lang='lat' dir='ltr'>Pal.</span> <span class='ocrx_word' id='word_1_162' title='bbox 349 1341 444 1372; x_wconf 84' lang='lat' dir='ltr'>Med.</span> <span class='ocrx_word' id='word_1_163' title='bbox 459 1351 511 1381; x_wconf 87' lang='lat' dir='ltr'>pr.</span> <span class='ocrx_word' id='word_1_164' title='bbox 532 1340 660 1373; x_wconf 81' lang='lat' dir='ltr'>Phasim</span> <span class='ocrx_word' id='word_1_165' title='bbox 678 1339 745 1370; x_wconf 89' lang='lat' dir='ltr'>duo</span> <span class='ocrx_word' id='word_1_166' title='bbox 762 1339 859 1370; x_wconf 82' lang='lat' dir='ltr'>Med.</span> <span class='ocrx_word' id='word_1_167' title='bbox 876 1338 1004 1367; x_wconf 77' lang='lat' dir='ltr'>Thnan.</span> <span class='ocrx_word' id='word_1_168' title='bbox 1022 1337 1148 1368; x_wconf 77' lang='lat' dir='ltr'>Mazar.</span> <span class='ocrx_word' id='word_1_169' title='bbox 1166 1337 1232 1366; x_wconf 79' lang='lat' dir='ltr'>inc.</span> <span class='ocrx_word' id='word_1_170' title='bbox 1251 1335 1371 1366; x_wconf 83' lang='lat' dir='ltr'>Heius.</span> <span class='ocrx_word' id='word_1_171' title='bbox 1390 1335 1475 1365; x_wconf 76' lang='lat' dir='ltr'>Exc.</span> <span class='ocrx_word' id='word_1_172' title='bbox 1498 1334 1644 1366; x_wconf 81' lang='lat' dir='ltr'>Lucens.</span> <span class='ocrx_word' id='word_1_173' title='bbox 1663 1343 1718 1375; x_wconf 84' lang='lat' dir='ltr'>pr.</span> 
     </span>
     <span class='ocr_line' id='line_1_22' title="bbox 250 1377 1719 1424; baseline -0.004 -10"><span class='ocrx_word' id='word_1_174' title='bbox 250 1384 305 1414; x_wconf 87' lang='lat' dir='ltr'>ed.</span> <span class='ocrx_word' id='word_1_175' title='bbox 321 1383 436 1414; x_wconf 78' lang='lat' dir='ltr'>vicet.</span> <span class='ocrx_word' id='word_1_176' title='bbox 462 1383 624 1424; x_wconf 74' lang='lat' dir='ltr'>Niphaten</span> <span class='ocrx_word' id='word_1_177' title='bbox 653 1383 719 1412; x_wconf 88' lang='grc'>11110</span> <span class='ocrx_word' id='word_1_178' title='bbox 747 1383 829 1412; x_wconf 79' lang='lat' dir='ltr'>Vat.</span> <span class='ocrx_word' id='word_1_179' title='bbox 859 1380 1030 1419; x_wconf 80' lang='lat' dir='ltr'>Niphatem</span> <span class='ocrx_word' id='word_1_180' title='bbox 1057 1379 1113 1409; x_wconf 84' lang='lat' dir='ltr'>aiii</span> <span class='ocrx_word' id='word_1_181' title='bbox 1139 1388 1262 1417; x_wconf 74' lang='lat' dir='ltr'>magno</span> <span class='ocrx_word' id='word_1_182' title='bbox 1290 1387 1442 1416; x_wconf 78' lang='lat' dir='ltr'>numerO,</span> <span class='ocrx_word' id='word_1_183' title='bbox 1468 1377 1554 1407; x_wconf 83' lang='lat' dir='ltr'>Exc.</span> <span class='ocrx_word' id='word_1_184' title='bbox 1573 1377 1719 1408; x_wconf 86' lang='lat' dir='ltr'>Lucens.</span> 
     </span>
     <span class='ocr_line' id='line_1_23' title="bbox 250 1418 1726 1466; baseline -0.005 -9"><span class='ocrx_word' id='word_1_185' title='bbox 250 1435 302 1466; x_wconf 82' lang='lat' dir='ltr'>pr.</span> <span class='ocrx_word' id='word_1_186' title='bbox 321 1430 355 1457; x_wconf 85' lang='lat' dir='ltr'>et</span> <span class='ocrx_word' id='word_1_187' title='bbox 369 1426 423 1457; x_wconf 86' lang='lat' dir='ltr'>ed.</span> <span class='ocrx_word' id='word_1_188' title='bbox 441 1427 640 1456; x_wconf 57' lang='lat' dir='ltr'>vicen—73</span> <span class='ocrx_word' id='word_1_189' title='bbox 651 1435 729 1455; x_wconf 82' lang='lat' dir='ltr'>nanc</span> <span class='ocrx_word' id='word_1_190' title='bbox 744 1425 824 1455; x_wconf 86' lang='lat' dir='ltr'>Vat.</span> <span class='ocrx_word' id='word_1_191' title='bbox 838 1433 889 1463; x_wconf 84' lang='lat' dir='ltr'>pr.</span> <span class='ocrx_word' id='word_1_192' title='bbox 906 1423 1006 1454; x_wconf 84' lang='lat' dir='ltr'>Farn.</span> <span class='ocrx_word' id='word_1_193' title='bbox 1022 1421 1117 1452; x_wconf 82' lang='lat' dir='ltr'>Prie.</span> <span class='ocrx_word' id='word_1_194' title='bbox 1134 1421 1262 1452; x_wconf 76' lang='lat' dir='ltr'>Tiruan.</span> <span class='ocrx_word' id='word_1_195' title='bbox 1277 1430 1345 1451; x_wconf 80' lang='lat' dir='ltr'>cum</span> <span class='ocrx_word' id='word_1_196' title='bbox 1360 1421 1441 1450; x_wconf 86' lang='lat' dir='ltr'>Var.</span> <span class='ocrx_word' id='word_1_197' title='bbox 1458 1420 1524 1450; x_wconf 88' lang='lat' dir='ltr'>LL.</span> <span class='ocrx_word' id='word_1_198' title='bbox 1540 1419 1596 1450; x_wconf 86' lang='lat' dir='ltr'>ed.</span> <span class='ocrx_word' id='word_1_199' title='bbox 1613 1418 1726 1450; x_wconf 85' lang='lat' dir='ltr'>Antv.</span> 
     </span>
     <span class='ocr_line' id='line_1_24' title="bbox 249 1462 1716 1510; baseline -0.005 -10"><span class='ocrx_word' id='word_1_200' title='bbox 249 1471 315 1500; x_wconf 72' lang='lat' dir='ltr'>tum</span> <span class='ocrx_word' id='word_1_201' title='bbox 328 1469 464 1510; x_wconf 87' lang='lat' dir='ltr'>plurimi</span> <span class='ocrx_word' id='word_1_202' title='bbox 482 1469 548 1499; x_wconf 85' lang='lat' dir='ltr'>alii.</span> <span class='ocrx_word' id='word_1_203' title='bbox 567 1472 631 1499; x_wconf 82' lang='lat' dir='ltr'>tam</span> <span class='ocrx_word' id='word_1_204' title='bbox 646 1469 699 1499; x_wconf 83' lang='lat' dir='ltr'>vel</span> <span class='ocrx_word' id='word_1_205' title='bbox 719 1477 800 1498; x_wconf 77' lang='lat' dir='ltr'>nanc</span> <span class='ocrx_word' id='word_1_206' title='bbox 815 1468 895 1498; x_wconf 81' lang='lat' dir='ltr'>Var.</span> <span class='ocrx_word' id='word_1_207' title='bbox 912 1466 980 1496; x_wconf 88' lang='lat' dir='ltr'>LL.</span> <span class='ocrx_word' id='word_1_208' title='bbox 1005 1474 1023 1495; x_wconf 90' lang='lat' dir='ltr'>e</span> <span class='ocrx_word' id='word_1_209' title='bbox 1037 1474 1144 1504; x_wconf 82' lang='lat' dir='ltr'>marg.</span> <span class='ocrx_word' id='word_1_210' title='bbox 1163 1464 1278 1494; x_wconf 77' lang='lat' dir='ltr'>Parni.</span> <span class='ocrx_word' id='word_1_211' title='bbox 1307 1466 1488 1503; x_wconf 78' lang='lat' dir='ltr'>tantumque</span> <span class='ocrx_word' id='word_1_212' title='bbox 1510 1462 1595 1493; x_wconf 82' lang='lat' dir='ltr'>Exc.</span> <span class='ocrx_word' id='word_1_213' title='bbox 1611 1463 1716 1493; x_wconf 82' lang='lat' dir='ltr'>Voss.</span> 
     </span>
    </p>
   </div>
   <div class='ocr_carea' id='block_1_7' title="bbox 919 1551 1060 1584">
    <p class='ocr_par' dir='ltr' id='par_1_8' title="bbox 919 1551 1060 1584">
     <span class='ocr_line' id='line_1_25' title="bbox 919 1551 1060 1584; baseline -0.021 0"><span class='ocrx_word' id='word_1_214' title='bbox 919 1551 1060 1584; x_wconf 79' lang='lat' dir='ltr'>NOTAE</span> 
     </span>
    </p>
   </div>
   <div class='ocr_carea' id='block_1_8' title="bbox 241 1627 957 2828">
    <p class='ocr_par' dir='ltr' id='par_1_9' title="bbox 246 1627 957 2072">
     <span class='ocr_line' id='line_1_26' title="bbox 249 1627 952 1668; baseline -0.004 -8"><span class='ocrx_word' id='word_1_215' title='bbox 249 1627 432 1660; x_wconf 84' lang='lat' dir='ltr'>barbarum</span> <span class='ocrx_word' id='word_1_216' title='bbox 449 1631 562 1666; x_wconf 80' lang='lat' dir='ltr'>vocat,</span> <span class='ocrx_word' id='word_1_217' title='bbox 587 1628 631 1658; x_wconf 90' lang='lat' dir='ltr'>ob</span> <span class='ocrx_word' id='word_1_218' title='bbox 647 1637 766 1668; x_wconf 87' lang='lat' dir='ltr'>genus,</span> <span class='ocrx_word' id='word_1_219' title='bbox 779 1631 815 1658; x_wconf 89' lang='lat' dir='ltr'>et</span> <span class='ocrx_word' id='word_1_220' title='bbox 830 1636 952 1658; x_wconf 85' lang='lat' dir='ltr'>mores.</span> 
     </span>
     <span class='ocr_line' id='line_1_27' title="bbox 249 1678 953 1710; baseline -0.003 0"><span class='ocrx_word' id='word_1_221' title='bbox 249 1678 398 1710; x_wconf 85' lang='lat' dir='ltr'>Romani</span> <span class='ocrx_word' id='word_1_222' title='bbox 415 1678 586 1710; x_wconf 83' lang='lat' dir='ltr'>Barbaros</span> <span class='ocrx_word' id='word_1_223' title='bbox 603 1679 683 1709; x_wconf 87' lang='lat' dir='ltr'>olim</span> <span class='ocrx_word' id='word_1_224' title='bbox 701 1678 870 1709; x_wconf 85' lang='lat' dir='ltr'>vocabant</span> <span class='ocrx_word' id='word_1_225' title='bbox 885 1687 953 1708; x_wconf 89' lang='lat' dir='ltr'>om·</span> 
     </span>
     <span class='ocr_line' id='line_1_28' title="bbox 248 1728 954 1769; baseline -0.003 -9"><span class='ocrx_word' id='word_1_226' title='bbox 248 1739 307 1760; x_wconf 84' lang='lat' dir='ltr'>nes</span> <span class='ocrx_word' id='word_1_227' title='bbox 338 1729 495 1769; x_wconf 84' lang='lat' dir='ltr'>populos,</span> <span class='ocrx_word' id='word_1_228' title='bbox 524 1728 679 1769; x_wconf 80' lang='lat' dir='ltr'>exceptis</span> <span class='ocrx_word' id='word_1_229' title='bbox 710 1728 855 1759; x_wconf 82' lang='lat' dir='ltr'>Graecis.</span> <span class='ocrx_word' id='word_1_230' title='bbox 892 1729 954 1760; x_wconf 82' lang='lat' dir='ltr'>Ce-</span> 
     </span>
     <span class='ocr_line' id='line_1_29' title="bbox 250 1778 955 1819; baseline -0.003 -9"><span class='ocrx_word' id='word_1_231' title='bbox 250 1784 359 1810; x_wconf 84' lang='lat' dir='ltr'>terum</span> <span class='ocrx_word' id='word_1_232' title='bbox 373 1779 585 1819; x_wconf 78' lang='lat' dir='ltr'>Arbogastes</span> <span class='ocrx_word' id='word_1_233' title='bbox 614 1779 725 1819; x_wconf 81' lang='lat' dir='ltr'>gratia</span> <span class='ocrx_word' id='word_1_234' title='bbox 742 1779 848 1809; x_wconf 85' lang='lat' dir='ltr'>valuit</span> <span class='ocrx_word' id='word_1_235' title='bbox 864 1778 955 1818; x_wconf 85' lang='lat' dir='ltr'>apud</span> 
     </span>
     <span class='ocr_line' id='line_1_30' title="bbox 247 1829 957 1867; baseline -0.003 -6"><span class='ocrx_word' id='word_1_236' title='bbox 247 1829 463 1867; x_wconf 76' lang='lat' dir='ltr'>Gratianum,</span> <span class='ocrx_word' id='word_1_237' title='bbox 479 1832 515 1859; x_wconf 82' lang='lat' dir='ltr'>et</span> <span class='ocrx_word' id='word_1_238' title='bbox 545 1829 783 1860; x_wconf 85' lang='lat' dir='ltr'>Valentiniano</span> <span class='ocrx_word' id='word_1_239' title='bbox 799 1829 957 1859; x_wconf 83' lang='lat' dir='ltr'>addictus</span> 
     </span>
     <span class='ocr_line' id='line_1_31' title="bbox 248 1879 957 1918; baseline -0.003 -7"><span class='ocrx_word' id='word_1_240' title='bbox 248 1879 327 1918; x_wconf 83' lang='lat' dir='ltr'>fuit,</span> <span class='ocrx_word' id='word_1_241' title='bbox 357 1879 417 1910; x_wconf 87' lang='lat' dir='ltr'>sed</span> <span class='ocrx_word' id='word_1_242' title='bbox 447 1889 513 1910; x_wconf 90' lang='grc'>11011</span> <span class='ocrx_word' id='word_1_243' title='bbox 532 1879 600 1911; x_wconf 87' lang='lat' dir='ltr'>diu.</span> <span class='ocrx_word' id='word_1_244' title='bbox 640 1879 774 1910; x_wconf 80' lang='lat' dir='ltr'>Oderat</span> <span class='ocrx_word' id='word_1_245' title='bbox 809 1880 957 1910; x_wconf 83' lang='lat' dir='ltr'>Francos</span> 
     </span>
     <span class='ocr_line' id='line_1_32' title="bbox 248 1929 955 1972; baseline -0.004 -11"><span class='ocrx_word' id='word_1_246' title='bbox 248 1930 392 1972; x_wconf 80' lang='lat' dir='ltr'>gentiles</span> <span class='ocrx_word' id='word_1_247' title='bbox 419 1940 517 1961; x_wconf 70' lang='lat' dir='ltr'>snos:</span> <span class='ocrx_word' id='word_1_248' title='bbox 541 1930 662 1961; x_wconf 85' lang='lat' dir='ltr'>oderat</span> <span class='ocrx_word' id='word_1_249' title='bbox 678 1934 713 1961; x_wconf 92' lang='lat' dir='ltr'>et</span> <span class='ocrx_word' id='word_1_250' title='bbox 737 1929 955 1960; x_wconf 79' lang='lat' dir='ltr'>Sacerdotes.</span> 
     </span>
     <span class='ocr_line' id='line_1_33' title="bbox 247 1980 956 2020; baseline -0.004 -7"><span class='ocrx_word' id='word_1_251' title='bbox 247 1982 311 2013; x_wconf 88' lang='lat' dir='ltr'>Est</span> <span class='ocrx_word' id='word_1_252' title='bbox 328 1985 364 2012; x_wconf 88' lang='lat' dir='ltr'>et</span> <span class='ocrx_word' id='word_1_253' title='bbox 380 1980 481 2011; x_wconf 86' lang='lat' dir='ltr'>hodie</span> <span class='ocrx_word' id='word_1_254' title='bbox 507 1981 601 2011; x_wconf 83' lang='lat' dir='ltr'>locus</span> <span class='ocrx_word' id='word_1_255' title='bbox 626 1990 731 2020; x_wconf 82' lang='lat' dir='ltr'>prope</span> <span class='ocrx_word' id='word_1_256' title='bbox 748 1980 903 2010; x_wconf 84' lang='lat' dir='ltr'>Rhenum</span> <span class='ocrx_word' id='word_1_257' title='bbox 921 1984 956 2010; x_wconf 88' lang='lat' dir='ltr'>et</span> 
     </span>
     <span class='ocr_line' id='line_1_34' title="bbox 246 2030 854 2072; baseline -0.003 -9"><span class='ocrx_word' id='word_1_258' title='bbox 246 2032 291 2063; x_wconf 89' lang='grc'>111</span> <span class='ocrx_word' id='word_1_259' title='bbox 314 2031 450 2069; x_wconf 84' lang='lat' dir='ltr'>fluvios,</span> <span class='ocrx_word' id='word_1_260' title='bbox 467 2032 522 2072; x_wconf 90' lang='lat' dir='ltr'>qui</span> <span class='ocrx_word' id='word_1_261' title='bbox 541 2031 670 2062; x_wconf 87' lang='lat' dir='ltr'>dicitur</span> <span class='ocrx_word' id='word_1_262' title='bbox 685 2030 854 2069; x_wconf 79' lang='lat' dir='ltr'>Arbegast.</span> 
     </span>
    </p>

    <p class='ocr_par' dir='ltr' id='par_1_10' title="bbox 241 2081 957 2727">
     <span class='ocr_line' id='line_1_35' title="bbox 289 2081 956 2122; baseline -0.009 -7"><span class='ocrx_word' id='word_1_263' title='bbox 289 2087 331 2115; x_wconf 78' lang='lat'>6⁷</span> <span class='ocrx_word' id='word_1_264' title='bbox 355 2083 485 2121; x_wconf 77' lang='lat' dir='ltr'>Dejecto</span> <span class='ocrx_word' id='word_1_265' title='bbox 499 2082 624 2122; x_wconf 80' lang='lat' dir='ltr'>clienti]</span> <span class='ocrx_word' id='word_1_266' title='bbox 661 2082 804 2120; x_wconf 82' lang='lat' dir='ltr'>Humili,</span> <span class='ocrx_word' id='word_1_267' title='bbox 820 2081 956 2121; x_wconf 81' lang='lat' dir='ltr'>ignavo,</span> 
     </span>
     <span class='ocr_line' id='line_1_36' title="bbox 245 2132 956 2174; baseline -0.006 -9"><span class='ocrx_word' id='word_1_268' title='bbox 245 2134 400 2174; x_wconf 85' lang='lat' dir='ltr'>ignobili,</span> <span class='ocrx_word' id='word_1_269' title='bbox 417 2134 572 2173; x_wconf 85' lang='lat' dir='ltr'>Eugenio</span> <span class='ocrx_word' id='word_1_270' title='bbox 600 2132 843 2170; x_wconf 77' lang='lat' dir='ltr'>Grammatico,</span> <span class='ocrx_word' id='word_1_271' title='bbox 854 2141 956 2171; x_wconf 84' lang='lat' dir='ltr'>quem</span> 
     </span>
     <span class='ocr_line' id='line_1_37' title="bbox 247 2182 956 2223; baseline -0.006 -8"><span class='ocrx_word' id='word_1_272' title='bbox 247 2183 459 2223; x_wconf 70' lang='lat' dir='ltr'>Arbogastes</span> <span class='ocrx_word' id='word_1_273' title='bbox 488 2183 529 2213; x_wconf 85' lang='lat' dir='ltr'>ad</span> <span class='ocrx_word' id='word_1_274' title='bbox 558 2182 747 2222; x_wconf 84' lang='lat' dir='ltr'>Imperium</span> <span class='ocrx_word' id='word_1_275' title='bbox 776 2183 956 2213; x_wconf 86' lang='lat' dir='ltr'>transtule-</span> 
     </span>
     <span class='ocr_line' id='line_1_38' title="bbox 247 2233 954 2274; baseline -0.006 -8"><span class='ocrx_word' id='word_1_276' title='bbox 247 2239 313 2274; x_wconf 84' lang='lat' dir='ltr'>rat,</span> <span class='ocrx_word' id='word_1_277' title='bbox 330 2239 368 2265; x_wconf 89' lang='lat' dir='ltr'>ut</span> <span class='ocrx_word' id='word_1_278' title='bbox 384 2234 445 2265; x_wconf 88' lang='lat' dir='ltr'>sub</span> <span class='ocrx_word' id='word_1_279' title='bbox 463 2234 492 2274; x_wconf 74' lang='lat' dir='ltr'>ej</span> <span class='ocrx_word' id='word_1_280' title='bbox 501 2244 536 2263; x_wconf 80' lang='grc'>115</span> <span class='ocrx_word' id='word_1_281' title='bbox 552 2233 672 2264; x_wconf 88' lang='lat' dir='ltr'>umbra</span> <span class='ocrx_word' id='word_1_282' title='bbox 688 2238 860 2272; x_wconf 84' lang='lat' dir='ltr'>regnaret,</span> <span class='ocrx_word' id='word_1_283' title='bbox 875 2243 954 2263; x_wconf 87' lang='lat' dir='ltr'>mox</span> 
     </span>
     <span class='ocr_line' id='line_1_39' title="bbox 247 2282 954 2324; baseline -0.007 -8"><span class='ocrx_word' id='word_1_284' title='bbox 247 2284 401 2316; x_wconf 84' lang='lat' dir='ltr'>umbram</span> <span class='ocrx_word' id='word_1_285' title='bbox 414 2283 534 2324; x_wconf 82' lang='lat' dir='ltr'>ipsam,</span> <span class='ocrx_word' id='word_1_286' title='bbox 552 2293 628 2313; x_wconf 86' lang='lat' dir='ltr'>cum</span> <span class='ocrx_word' id='word_1_287' title='bbox 646 2287 774 2323; x_wconf 82' lang='lat' dir='ltr'>posset,</span> <span class='ocrx_word' id='word_1_288' title='bbox 792 2287 852 2312; x_wconf 89' lang='lat' dir='ltr'>aut</span> <span class='ocrx_word' id='word_1_289' title='bbox 879 2282 954 2312; x_wconf 88' lang='lat' dir='ltr'>sub-</span> 
     </span>
     <span class='ocr_line' id='line_1_40' title="bbox 246 2332 956 2374; baseline -0.006 -8"><span class='ocrx_word' id='word_1_290' title='bbox 246 2336 393 2374; x_wconf 83' lang='lat' dir='ltr'>laturus,</span> <span class='ocrx_word' id='word_1_291' title='bbox 419 2338 478 2365; x_wconf 83' lang='lat' dir='ltr'>aut</span> <span class='ocrx_word' id='word_1_292' title='bbox 495 2334 659 2364; x_wconf 85' lang='lat' dir='ltr'>elusurus.</span> <span class='ocrx_word' id='word_1_293' title='bbox 706 2334 813 2364; x_wconf 83' lang='lat' dir='ltr'>Porro</span> <span class='ocrx_word' id='word_1_294' title='bbox 825 2342 891 2363; x_wconf 88' lang='lat' dir='ltr'>non</span> <span class='ocrx_word' id='word_1_295' title='bbox 908 2332 956 2362; x_wconf 89' lang='lat' dir='ltr'>ita</span> 
     </span>
     <span class='ocr_line' id='line_1_41' title="bbox 247 2382 957 2425; baseline -0.007 -9"><span class='ocrx_word' id='word_1_296' title='bbox 247 2384 434 2425; x_wconf 78' lang='lat' dir='ltr'>despectus</span> <span class='ocrx_word' id='word_1_297' title='bbox 460 2383 525 2414; x_wconf 84' lang='lat' dir='ltr'>fuit</span> <span class='ocrx_word' id='word_1_298' title='bbox 540 2382 726 2423; x_wconf 82' lang='lat' dir='ltr'>Engenius,</span> <span class='ocrx_word' id='word_1_299' title='bbox 740 2387 778 2413; x_wconf 89' lang='lat' dir='ltr'>ut</span> <span class='ocrx_word' id='word_1_300' title='bbox 800 2382 957 2412; x_wconf 85' lang='lat' dir='ltr'>Claudia-</span> 
     </span>
     <span class='ocr_line' id='line_1_42' title="bbox 247 2433 955 2476; baseline -0.007 -9"><span class='ocrx_word' id='word_1_301' title='bbox 247 2445 310 2467; x_wconf 85' lang='lat' dir='ltr'>nus</span> <span class='ocrx_word' id='word_1_302' title='bbox 327 2437 386 2476; x_wconf 89' lang='lat' dir='ltr'>ait,</span> <span class='ocrx_word' id='word_1_303' title='bbox 403 2445 478 2466; x_wconf 80' lang='lat' dir='ltr'>nam</span> <span class='ocrx_word' id='word_1_304' title='bbox 497 2434 699 2466; x_wconf 86' lang='lat' dir='ltr'>Rhetorices</span> <span class='ocrx_word' id='word_1_305' title='bbox 713 2439 749 2464; x_wconf 86' lang='lat' dir='ltr'>et</span> <span class='ocrx_word' id='word_1_306' title='bbox 763 2433 842 2463; x_wconf 82' lang='lat' dir='ltr'>vitae</span> <span class='ocrx_word' id='word_1_307' title='bbox 859 2433 955 2463; x_wconf 87' lang='lat' dir='ltr'>clari-</span> 
     </span>
     <span class='ocr_line' id='line_1_43' title="bbox 247 2482 954 2518; baseline -0.006 0"><span class='ocrx_word' id='word_1_308' title='bbox 247 2486 364 2518; x_wconf 86' lang='lat' dir='ltr'>tudine</span> <span class='ocrx_word' id='word_1_309' title='bbox 393 2491 431 2517; x_wconf 90' lang='lat' dir='ltr'>ut</span> <span class='ocrx_word' id='word_1_310' title='bbox 462 2487 550 2516; x_wconf 83' lang='grc'>31101·</span> <span class='ocrx_word' id='word_1_311' title='bbox 577 2485 709 2516; x_wconf 84' lang='lat' dir='ltr'>Seneca</span> <span class='ocrx_word' id='word_1_312' title='bbox 735 2482 863 2515; x_wconf 87' lang='lat' dir='ltr'>floruit.</span> <span class='ocrx_word' id='word_1_313' title='bbox 908 2484 954 2514; x_wconf 87' lang='lat' dir='ltr'>Et</span> 
     </span>
     <span class='ocr_line' id='line_1_44' title="bbox 247 2534 949 2574; baseline -0.004 -6"><span class='ocrx_word' id='word_1_314' title='bbox 247 2537 326 2570; x_wconf 86' lang='lat' dir='ltr'>ideo</span> <span class='ocrx_word' id='word_1_315' title='bbox 341 2536 419 2567; x_wconf 87' lang='lat' dir='ltr'>huic</span> <span class='ocrx_word' id='word_1_316' title='bbox 437 2536 631 2567; x_wconf 82' lang='lat' dir='ltr'>diademate</span> <span class='ocrx_word' id='word_1_317' title='bbox 648 2535 750 2566; x_wconf 79' lang='lat' dir='ltr'>cessit</span> <span class='ocrx_word' id='word_1_318' title='bbox 783 2534 949 2574; x_wconf 61' lang='lat' dir='ltr'>Arbogas-</span> 
     </span>
     <span class='ocr_line' id='line_1_45' title="bbox 241 2584 950 2625; baseline -0.004 -8"><span class='ocrx_word' id='word_1_319' title='bbox 241 2591 322 2618; x_wconf 75' lang='lat' dir='ltr'>tes:</span> <span class='ocrx_word' id='word_1_320' title='bbox 360 2586 425 2616; x_wconf 88' lang='lat' dir='ltr'>nisi</span> <span class='ocrx_word' id='word_1_321' title='bbox 461 2585 548 2616; x_wconf 85' lang='lat' dir='ltr'>forte</span> <span class='ocrx_word' id='word_1_322' title='bbox 585 2590 726 2625; x_wconf 83' lang='lat' dir='ltr'>propter</span> <span class='ocrx_word' id='word_1_323' title='bbox 765 2584 950 2624; x_wconf 85' lang='lat' dir='ltr'>ancipitem</span> 
     </span>
     <span class='ocr_line' id='line_1_46' title="bbox 241 2635 955 2669; baseline -0.003 -1"><span class='ocrx_word' id='word_1_324' title='bbox 241 2643 408 2669; x_wconf 70' lang='lat' dir='ltr'>‘eventurn</span> <span class='ocrx_word' id='word_1_325' title='bbox 426 2637 535 2669; x_wconf 82' lang='lat' dir='ltr'>aleam</span> <span class='ocrx_word' id='word_1_326' title='bbox 552 2637 636 2667; x_wconf 85' lang='lat' dir='ltr'>hanc</span> <span class='ocrx_word' id='word_1_327' title='bbox 663 2635 775 2666; x_wconf 88' lang='lat' dir='ltr'>subire</span> <span class='ocrx_word' id='word_1_328' title='bbox 790 2635 955 2666; x_wconf 87' lang='lat' dir='ltr'>timuerit.</span> 
     </span>
     <span class='ocr_line' id='line_1_47' title="bbox 247 2689 513 2727; baseline 0 -8"><span class='ocrx_word' id='word_1_329' title='bbox 247 2689 305 2719; x_wconf 89' lang='lat' dir='ltr'>De</span> <span class='ocrx_word' id='word_1_330' title='bbox 320 2689 385 2719; x_wconf 84' lang='lat' dir='ltr'>boc</span> <span class='ocrx_word' id='word_1_331' title='bbox 402 2697 513 2727; x_wconf 82' lang='lat' dir='ltr'>supra.</span> 
     </span>
    </p>

    <p class='ocr_par' dir='ltr' id='par_1_11' title="bbox 247 2736 952 2828">
     <span class='ocr_line' id='line_1_48' title="bbox 291 2736 951 2777; baseline -0.003 -9"><span class='ocrx_word' id='word_1_332' title='bbox 291 2741 333 2768; x_wconf 76' lang='lat'>70</span> <span class='ocrx_word' id='word_1_333' title='bbox 358 2737 552 2777; x_wconf 77' lang='lat' dir='ltr'>Euphrates]</span> <span class='ocrx_word' id='word_1_334' title='bbox 578 2736 714 2768; x_wconf 85' lang='lat' dir='ltr'>Fluvius</span> <span class='ocrx_word' id='word_1_335' title='bbox 740 2745 880 2767; x_wconf 79' lang='lat' dir='ltr'>nascens</span> <span class='ocrx_word' id='word_1_336' title='bbox 909 2746 951 2766; x_wconf 87' lang='lat' dir='ltr'>ex</span> 
     </span>
     <span class='ocr_line' id='line_1_49' title="bbox 247 2786 952 2828; baseline 0 -10"><span class='ocrx_word' id='word_1_337' title='bbox 247 2786 403 2828; x_wconf 76' lang='lat' dir='ltr'>Niphate</span> <span class='ocrx_word' id='word_1_338' title='bbox 414 2791 532 2819; x_wconf 90' lang='lat' dir='ltr'>monte</span> <span class='ocrx_word' id='word_1_339' title='bbox 547 2786 739 2819; x_wconf 74' lang='lat' dir='ltr'>Armeniae:</span> <span class='ocrx_word' id='word_1_340' title='bbox 763 2786 861 2818; x_wconf 85' lang='lat' dir='ltr'>alluit</span> <span class='ocrx_word' id='word_1_341' title='bbox 877 2786 952 2818; x_wconf 83' lang='lat' dir='ltr'>Me-</span> 
     </span>
    </p>
   </div>
   <div class='ocr_carea' id='block_1_9' title="bbox 1004 1631 1723 2828">
    <p class='ocr_par' dir='ltr' id='par_1_12' title="bbox 1010 1631 1632 1674">
     <span class='ocr_line' id='line_1_50' title="bbox 1010 1631 1632 1674; baseline -0.005 -10"><span class='ocrx_word' id='word_1_342' title='bbox 1010 1634 1257 1674; x_wconf 72' lang='lat' dir='ltr'>sopotamiam,</span> <span class='ocrx_word' id='word_1_343' title='bbox 1282 1633 1408 1664; x_wconf 82' lang='lat' dir='ltr'>dicitur</span> <span class='ocrx_word' id='word_1_344' title='bbox 1421 1631 1522 1663; x_wconf 87' lang='lat' dir='ltr'>hodie</span> <span class='ocrx_word' id='word_1_345' title='bbox 1540 1631 1632 1663; x_wconf 76' lang='lat' dir='ltr'>Frat.</span> 
     </span>
    </p>

    <p class='ocr_par' dir='ltr' id='par_1_13' title="bbox 1009 1682 1721 1823">
     <span class='ocr_line' id='line_1_51' title="bbox 1053 1682 1719 1725; baseline -0.006 -10"><span class='ocrx_word' id='word_1_346' title='bbox 1053 1683 1171 1724; x_wconf 80' lang='lat' dir='ltr'>Halys]</span> <span class='ocrx_word' id='word_1_347' title='bbox 1204 1683 1341 1714; x_wconf 76' lang='lat' dir='ltr'>Fluvios</span> <span class='ocrx_word' id='word_1_348' title='bbox 1380 1693 1423 1713; x_wconf 83' lang='lat' dir='ltr'>ex</span> <span class='ocrx_word' id='word_1_349' title='bbox 1456 1682 1567 1713; x_wconf 88' lang='lat' dir='ltr'>Tauro</span> <span class='ocrx_word' id='word_1_350' title='bbox 1604 1685 1719 1725; x_wconf 73' lang='lat' dir='ltr'>monte</span> 
     </span>
     <span class='ocr_line' id='line_1_52' title="bbox 1009 1731 1721 1773; baseline -0.004 -8"><span class='ocrx_word' id='word_1_351' title='bbox 1009 1744 1175 1765; x_wconf 84' lang='lat' dir='ltr'>nascens:</span> <span class='ocrx_word' id='word_1_352' title='bbox 1200 1733 1320 1773; x_wconf 82' lang='lat' dir='ltr'>irrigat</span> <span class='ocrx_word' id='word_1_353' title='bbox 1358 1731 1624 1773; x_wconf 85' lang='lat' dir='ltr'>Cappadociam,</span> <span class='ocrx_word' id='word_1_354' title='bbox 1660 1731 1721 1772; x_wconf 90' lang='lat' dir='ltr'>Sy-</span> 
     </span>
     <span class='ocr_line' id='line_1_53' title="bbox 1012 1784 1541 1823; baseline -0.006 -8"><span class='ocrx_word' id='word_1_355' title='bbox 1012 1785 1110 1823; x_wconf 86' lang='lat' dir='ltr'>riam,</span> <span class='ocrx_word' id='word_1_356' title='bbox 1123 1784 1408 1823; x_wconf 81' lang='lat' dir='ltr'>Paphlagoniam.</span> <span class='ocrx_word' id='word_1_357' title='bbox 1536 1786 1541 1792; x_wconf 86' lang='grc'><em>“</em></span> 
     </span>
    </p>

    <p class='ocr_par' dir='ltr' id='par_1_14' title="bbox 1010 1833 1723 2178">
     <span class='ocr_line' id='line_1_54' title="bbox 1056 1833 1722 1874; baseline -0.005 -8"><span class='ocrx_word' id='word_1_358' title='bbox 1056 1834 1203 1874; x_wconf 81' lang='lat' dir='ltr'>Orontes]</span> <span class='ocrx_word' id='word_1_359' title='bbox 1227 1834 1365 1865; x_wconf 79' lang='lat' dir='ltr'>Flavius</span> <span class='ocrx_word' id='word_1_360' title='bbox 1382 1834 1414 1864; x_wconf 86' lang='grc'>111</span> <span class='ocrx_word' id='word_1_361' title='bbox 1441 1833 1541 1874; x_wconf 81' lang='lat' dir='ltr'>Syria</span> <span class='ocrx_word' id='word_1_362' title='bbox 1567 1843 1610 1864; x_wconf 87' lang='lat' dir='ltr'>ex</span> <span class='ocrx_word' id='word_1_363' title='bbox 1629 1833 1722 1864; x_wconf 86' lang='lat' dir='ltr'>Stra-</span> 
     </span>
     <span class='ocr_line' id='line_1_55' title="bbox 1011 1881 1721 1923; baseline -0.004 -8"><span class='ocrx_word' id='word_1_364' title='bbox 1011 1886 1111 1923; x_wconf 81' lang='lat' dir='ltr'>bone,</span> <span class='ocrx_word' id='word_1_365' title='bbox 1145 1883 1288 1915; x_wconf 83' lang='grc' dir='ltr'>Καταδὺς</span> <span class='ocrx_word' id='word_1_366' title='bbox 1326 1883 1369 1915; x_wconf 82' lang='grc' dir='ltr'>εἶς</span> <span class='ocrx_word' id='word_1_367' title='bbox 1391 1883 1428 1914; x_wconf 79' lang='grc' dir='ltr'>τὸ</span> <span class='ocrx_word' id='word_1_368' title='bbox 1463 1882 1578 1922; x_wconf 77' lang='grc' dir='ltr'>μεταξὺ</span> <span class='ocrx_word' id='word_1_369' title='bbox 1609 1881 1721 1922; x_wconf 80' lang='grc' dir='ltr'>χάσμα</span> 
     </span>
     <span class='ocr_line' id='line_1_56' title="bbox 1011 1933 1720 1974; baseline -0.003 -9"><span class='ocrx_word' id='word_1_370' title='bbox 1011 1934 1180 1973; x_wconf 80' lang='grc' dir='ltr'>Ἀπαμείας</span> <span class='ocrx_word' id='word_1_371' title='bbox 1206 1934 1256 1966; x_wconf 81' lang='grc' dir='ltr'>καὶ</span> <span class='ocrx_word' id='word_1_372' title='bbox 1295 1934 1499 1974; x_wconf 79' lang='grc' dir='ltr'>Ἀντιοχείας,</span> <span class='ocrx_word' id='word_1_373' title='bbox 1535 1933 1553 1964; x_wconf 61' lang='grc' dir='ltr'>’ὸ</span> <span class='ocrx_word' id='word_1_374' title='bbox 1589 1934 1720 1964; x_wconf 80' lang='grc' dir='ltr'>καλοῦσι</span> 
     </span>
     <span class='ocr_line' id='line_1_57' title="bbox 1010 1984 1722 2027; baseline -0.004 -10"><span class='ocrx_word' id='word_1_375' title='bbox 1010 1985 1175 2027; x_wconf 80' lang='grc' dir='ltr'><em>Χάρυβδιν,</em></span> <span class='ocrx_word' id='word_1_376' title='bbox 1200 1986 1381 2025; x_wconf 81' lang='lat' dir='ltr'>ingrediens</span> <span class='ocrx_word' id='word_1_377' title='bbox 1412 1987 1445 2016; x_wconf 85' lang='lat' dir='ltr'>in</span> <span class='ocrx_word' id='word_1_378' title='bbox 1481 1985 1599 2015; x_wconf 76' lang='lat' dir='ltr'>hiatum</span> <span class='ocrx_word' id='word_1_379' title='bbox 1638 1984 1722 2015; x_wconf 75' lang='lat' dir='ltr'>inter</span> 
     </span>
     <span class='ocr_line' id='line_1_58' title="bbox 1010 2034 1723 2077; baseline -0.004 -10"><span class='ocrx_word' id='word_1_380' title='bbox 1010 2037 1182 2077; x_wconf 76' lang='lat' dir='ltr'>Apameam</span> <span class='ocrx_word' id='word_1_381' title='bbox 1206 2039 1236 2066; x_wconf 80' lang='lat' dir='ltr'>et</span> <span class='ocrx_word' id='word_1_382' title='bbox 1258 2035 1471 2073; x_wconf 75' lang='lat' dir='ltr'>Antiochiam,</span> <span class='ocrx_word' id='word_1_383' title='bbox 1485 2045 1574 2074; x_wconf 82' lang='lat' dir='ltr'>quem</span> <span class='ocrx_word' id='word_1_384' title='bbox 1601 2034 1723 2065; x_wconf 82' lang='lat' dir='ltr'>hiatum</span> 
     </span>
     <span class='ocr_line' id='line_1_59' title="bbox 1011 2084 1721 2127; baseline -0.006 -9"><span class='ocrx_word' id='word_1_385' title='bbox 1011 2091 1120 2118; x_wconf 68' lang='lat' dir='ltr'>vocant</span> <span class='ocrx_word' id='word_1_386' title='bbox 1151 2087 1343 2127; x_wconf 77' lang='lat' dir='ltr'>Charybdin.</span> <span class='ocrx_word' id='word_1_387' title='bbox 1391 2086 1446 2116; x_wconf 82' lang='lat' dir='ltr'>Sic</span> <span class='ocrx_word' id='word_1_388' title='bbox 1473 2090 1509 2116; x_wconf 88' lang='lat' dir='ltr'>et</span> <span class='ocrx_word' id='word_1_389' title='bbox 1531 2084 1625 2116; x_wconf 87' lang='lat' dir='ltr'>Anas</span> <span class='ocrx_word' id='word_1_390' title='bbox 1642 2084 1721 2116; x_wconf 82' lang='lat' dir='ltr'>His-</span> 
     </span>
     <span class='ocr_line' id='line_1_60' title="bbox 1012 2136 1696 2178; baseline -0.007 -10"><span class='ocrx_word' id='word_1_391' title='bbox 1012 2137 1123 2178; x_wconf 83' lang='lat' dir='ltr'>paniae</span> <span class='ocrx_word' id='word_1_392' title='bbox 1142 2147 1178 2168; x_wconf 79' lang='lat' dir='ltr'>se</span> <span class='ocrx_word' id='word_1_393' title='bbox 1194 2136 1310 2167; x_wconf 84' lang='lat' dir='ltr'>condit</span> <span class='ocrx_word' id='word_1_394' title='bbox 1329 2136 1361 2166; x_wconf 92' lang='lat' dir='ltr'>in</span> <span class='ocrx_word' id='word_1_395' title='bbox 1380 2136 1536 2166; x_wconf 88' lang='lat' dir='ltr'>occultos</span> <span class='ocrx_word' id='word_1_396' title='bbox 1554 2137 1696 2165; x_wconf 81' lang='lat' dir='ltr'>meatus.</span> 
     </span>
    </p>

    <p class='ocr_par' dir='ltr' id='par_1_15' title="bbox 1011 2182 1721 2277">
     <span class='ocr_line' id='line_1_61' title="bbox 1054 2182 1721 2226; baseline -0.007 -8"><span class='ocrx_word' id='word_1_397' title='bbox 1054 2191 1094 2218; x_wconf 81' lang='grc'>71</span> <span class='ocrx_word' id='word_1_398' title='bbox 1119 2187 1255 2226; x_wconf 80' lang='lat' dir='ltr'>Arabes]</span> <span class='ocrx_word' id='word_1_399' title='bbox 1298 2185 1425 2225; x_wconf 80' lang='lat' dir='ltr'>Populi</span> <span class='ocrx_word' id='word_1_400' title='bbox 1474 2183 1566 2214; x_wconf 74' lang='lat' dir='ltr'>Asiae</span> <span class='ocrx_word' id='word_1_401' title='bbox 1612 2182 1721 2214; x_wconf 83' lang='lat' dir='ltr'>thuris</span> 
     </span>
     <span class='ocr_line' id='line_1_62' title="bbox 1011 2235 1332 2277; baseline -0.003 -12"><span class='ocrx_word' id='word_1_402' title='bbox 1011 2242 1179 2277; x_wconf 86' lang='lat' dir='ltr'>proventu</span> <span class='ocrx_word' id='word_1_403' title='bbox 1197 2235 1332 2265; x_wconf 87' lang='lat' dir='ltr'>divites.</span> 
     </span>
    </p>

    <p class='ocr_par' dir='ltr' id='par_1_16' title="bbox 1010 2284 1721 2417">
     <span class='ocr_line' id='line_1_63' title="bbox 1055 2284 1720 2325; baseline -0.002 -9"><span class='ocrx_word' id='word_1_404' title='bbox 1055 2285 1159 2324; x_wconf 81' lang='lat' dir='ltr'>Medi]</span> <span class='ocrx_word' id='word_1_405' title='bbox 1184 2285 1310 2325; x_wconf 88' lang='lat' dir='ltr'>Populi</span> <span class='ocrx_word' id='word_1_406' title='bbox 1334 2284 1451 2316; x_wconf 88' lang='lat' dir='ltr'>itidem</span> <span class='ocrx_word' id='word_1_407' title='bbox 1482 2284 1587 2325; x_wconf 63' lang='lat' dir='ltr'>Asiae,</span> <span class='ocrx_word' id='word_1_408' title='bbox 1610 2293 1720 2325; x_wconf 84' lang='lat' dir='ltr'>prope</span> 
     </span>
     <span class='ocr_line' id='line_1_64' title="bbox 1011 2334 1721 2376; baseline -0.001 -10"><span class='ocrx_word' id='word_1_409' title='bbox 1011 2346 1102 2366; x_wconf 82' lang='lat' dir='ltr'>mare</span> <span class='ocrx_word' id='word_1_410' title='bbox 1121 2336 1296 2376; x_wconf 82' lang='lat' dir='ltr'>Caspium,</span> <span class='ocrx_word' id='word_1_411' title='bbox 1314 2336 1427 2376; x_wconf 88' lang='lat' dir='ltr'>vulgo,</span> <span class='ocrx_word' id='word_1_412' title='bbox 1446 2335 1515 2366; x_wconf 86' lang='lat' dir='ltr'>Mer</span> <span class='ocrx_word' id='word_1_413' title='bbox 1526 2335 1564 2365; x_wconf 82' lang='lat' dir='ltr'>cle</span> <span class='ocrx_word' id='word_1_414' title='bbox 1580 2334 1721 2374; x_wconf 80' lang='lat' dir='ltr'>Baccha,</span> 
     </span>
     <span class='ocr_line' id='line_1_65' title="bbox 1010 2386 1200 2417; baseline 0.005 -1"><span class='ocrx_word' id='word_1_415' title='bbox 1010 2396 1047 2416; x_wconf 85' lang='lat' dir='ltr'>oa</span> <span class='ocrx_word' id='word_1_416' title='bbox 1060 2387 1097 2416; x_wconf 77' lang='lat' dir='ltr'>cle</span> <span class='ocrx_word' id='word_1_417' title='bbox 1115 2386 1200 2417; x_wconf 74' lang='lat' dir='ltr'>Sala.</span> 
     </span>
    </p>

    <p class='ocr_par' dir='ltr' id='par_1_17' title="bbox 1004 2433 1720 2624">
     <span class='ocr_line' id='line_1_66' title="bbox 1052 2433 1719 2477; baseline -0.001 -11"><span class='ocrx_word' id='word_1_418' title='bbox 1052 2438 1093 2466; x_wconf 76' lang='lat'>72</span> <span class='ocrx_word' id='word_1_419' title='bbox 1117 2436 1252 2477; x_wconf 79' lang='lat' dir='ltr'>Phasin]</span> <span class='ocrx_word' id='word_1_420' title='bbox 1278 2436 1345 2467; x_wconf 89' lang='lat' dir='ltr'>Hic</span> <span class='ocrx_word' id='word_1_421' title='bbox 1362 2434 1484 2466; x_wconf 86' lang='lat' dir='ltr'>fluvius</span> <span class='ocrx_word' id='word_1_422' title='bbox 1509 2438 1561 2466; x_wconf 89' lang='lat' dir='ltr'>est</span> <span class='ocrx_word' id='word_1_423' title='bbox 1577 2433 1719 2466; x_wconf 87' lang='lat' dir='ltr'>Colcho-</span> 
     </span>
     <span class='ocr_line' id='line_1_67' title="bbox 1010 2484 1719 2522; baseline 0 -7"><span class='ocrx_word' id='word_1_424' title='bbox 1010 2495 1096 2522; x_wconf 85' lang='lat' dir='ltr'>rum,</span> <span class='ocrx_word' id='word_1_425' title='bbox 1112 2487 1273 2516; x_wconf 82' lang='grc'>011111111115</span> <span class='ocrx_word' id='word_1_426' title='bbox 1291 2496 1332 2516; x_wconf 83' lang='lat' dir='ltr'>ex</span> <span class='ocrx_word' id='word_1_427' title='bbox 1361 2485 1533 2516; x_wconf 67' lang='lat' dir='ltr'>Armenia.</span> <span class='ocrx_word' id='word_1_428' title='bbox 1580 2484 1636 2516; x_wconf 88' lang='lat' dir='ltr'>Ad</span> <span class='ocrx_word' id='word_1_429' title='bbox 1658 2485 1719 2516; x_wconf 89' lang='grc'>1111.</span> 
     </span>
     <span class='ocr_line' id='line_1_68' title="bbox 1004 2534 1720 2575; baseline 0.001 -10"><span class='ocrx_word' id='word_1_430' title='bbox 1004 2536 1059 2575; x_wconf 84' lang='lat' dir='ltr'>jus</span> <span class='ocrx_word' id='word_1_431' title='bbox 1076 2534 1168 2565; x_wconf 83' lang='lat' dir='ltr'>fluvii</span> <span class='ocrx_word' id='word_1_432' title='bbox 1196 2536 1286 2575; x_wconf 88' lang='lat' dir='ltr'>ripas</span> <span class='ocrx_word' id='word_1_433' title='bbox 1313 2545 1436 2575; x_wconf 86' lang='lat' dir='ltr'>magua</span> <span class='ocrx_word' id='word_1_434' title='bbox 1462 2539 1515 2565; x_wconf 89' lang='lat' dir='ltr'>est</span> <span class='ocrx_word' id='word_1_435' title='bbox 1530 2534 1720 2566; x_wconf 81' lang='lat' dir='ltr'>Phasiano-</span> 
     </span>
     <span class='ocr_line' id='line_1_69' title="bbox 1010 2585 1208 2624; baseline 0.005 -10"><span class='ocrx_word' id='word_1_436' title='bbox 1010 2594 1082 2615; x_wconf 81' lang='lat' dir='ltr'>rnni</span> <span class='ocrx_word' id='word_1_437' title='bbox 1097 2585 1208 2624; x_wconf 86' lang='lat' dir='ltr'>copia.</span> 
     </span>
    </p>

    <p class='ocr_par' dir='ltr' id='par_1_18' title="bbox 1006 2634 1716 2725">
     <span class='ocr_line' id='line_1_70' title="bbox 1054 2634 1716 2675; baseline 0.005 -11"><span class='ocrx_word' id='word_1_438' title='bbox 1054 2635 1227 2675; x_wconf 79' lang='lat' dir='ltr'>Niphaten]</span> <span class='ocrx_word' id='word_1_439' title='bbox 1250 2635 1420 2673; x_wconf 75' lang='lat' dir='ltr'>Niphates</span> <span class='ocrx_word' id='word_1_440' title='bbox 1440 2634 1563 2666; x_wconf 88' lang='lat' dir='ltr'>fluvius</span> <span class='ocrx_word' id='word_1_441' title='bbox 1580 2638 1675 2667; x_wconf 81' lang='lat' dir='ltr'>ortus</span> <span class='ocrx_word' id='word_1_442' title='bbox 1696 2646 1716 2667; x_wconf 83' lang='lat' dir='ltr'>a</span> 
     </span>
     <span class='ocr_line' id='line_1_71' title="bbox 1006 2685 1638 2725; baseline 0.003 -9"><span class='ocrx_word' id='word_1_443' title='bbox 1006 2692 1120 2716; x_wconf 83' lang='lat' dir='ltr'>monte</span> <span class='ocrx_word' id='word_1_444' title='bbox 1138 2685 1352 2725; x_wconf 76' lang='lat' dir='ltr'>cognomine,</span> <span class='ocrx_word' id='word_1_445' title='bbox 1368 2685 1463 2715; x_wconf 76' lang='lat' dir='ltr'>alluit</span> <span class='ocrx_word' id='word_1_446' title='bbox 1481 2686 1638 2718; x_wconf 86' lang='lat' dir='ltr'>Parthos.</span> 
     </span>
    </p>

    <p class='ocr_par' dir='ltr' id='par_1_19' title="bbox 1004 2734 1716 2828">
     <span class='ocr_line' id='line_1_72' title="bbox 1047 2734 1716 2776; baseline 0.001 -10"><span class='ocrx_word' id='word_1_447' title='bbox 1047 2738 1088 2766; x_wconf 79' lang='lat'>&#39;73</span> <span class='ocrx_word' id='word_1_448' title='bbox 1115 2735 1194 2770; x_wconf 80' lang='lat' dir='ltr'>Qaoe</span> <span class='ocrx_word' id='word_1_449' title='bbox 1211 2734 1331 2765; x_wconf 82' lang='lat' dir='ltr'>Martis</span> <span class='ocrx_word' id='word_1_450' title='bbox 1344 2734 1463 2775; x_wconf 74' lang='lat' dir='ltr'>rabies]</span> <span class='ocrx_word' id='word_1_451' title='bbox 1500 2735 1612 2768; x_wconf 83' lang='lat' dir='ltr'>Quam</span> <span class='ocrx_word' id='word_1_452' title='bbox 1628 2744 1716 2776; x_wconf 82' lang='lat' dir='ltr'>prae-</span> 
     </span>
     <span class='ocr_line' id='line_1_73' title="bbox 1004 2784 1712 2828; baseline -0.003 -10"><span class='ocrx_word' id='word_1_453' title='bbox 1004 2796 1087 2828; x_wconf 81' lang='lat' dir='ltr'>ceps</span> <span class='ocrx_word' id='word_1_454' title='bbox 1102 2795 1208 2825; x_wconf 81' lang='lat' dir='ltr'>amor,</span> <span class='ocrx_word' id='word_1_455' title='bbox 1236 2789 1273 2818; x_wconf 91' lang='lat' dir='ltr'>et</span> <span class='ocrx_word' id='word_1_456' title='bbox 1298 2784 1394 2827; x_wconf 83' lang='lat' dir='ltr'>quasi</span> <span class='ocrx_word' id='word_1_457' title='bbox 1410 2785 1529 2817; x_wconf 82' lang='lat' dir='ltr'>rabida</span> <span class='ocrx_word' id='word_1_458' title='bbox 1555 2785 1637 2818; x_wconf 83' lang='lat' dir='ltr'>belli</span> <span class='ocrx_word' id='word_1_459' title='bbox 1652 2794 1712 2818; x_wconf 86' lang='lat' dir='ltr'>cu-</span> 
     </span>
    </p>
   </div>
  </div>
 </body>
</html>
