1857 3177
566 234 614 263 m
652 233 882 264 num-svm
921 232 1014 261 Lin.
1050 232 1102 261 ιι.
1481 221 1561 262 143

109 330 329 383 Undique,
351 334 393 370 et
412 329 605 381 impositi
628 328 800 368 radiant
821 326 1068 367 cervicibus
1088 336 1230 365 enses.

110 397 231 448 Quid
252 401 400 445 restat,
419 396 505 434 nisi
527 401 687 435 cuncta
710 407 824 435 novo
848 392 1114 434 confundere
1136 393 1270 441 luctu,

108 464 395 517 Insoutcsquc
415 475 525 503 meae
547 463 733 514 populos
753 462 935 501 miscere
958 461 1127 500 ruinas?

108 530 278 571 Everso
292 532 418 585 juvat
440 531 541 570 orbe
562 531 692 569 mori:
726 529 886 569 solatia
907 529 993 568 leto

109 598 307 639 Exitium
330 609 556 638 commune
578 596 728 636 dabit:
761 607 839 635 nec
863 595 1032 634 territus
1055 598 1154 635 ante
1511 595 1568 636 20

111 663 362 706 Discedam.
425 664 535 704 Cum
557 664 653 704 luco
676 663 805 703 simul
826 661 1060 714 linquenda
1080 665 1293 713 potestas.

111 733 227 774 Haec
249 732 382 781 satus,
406 732 548 772 ventis
572 732 708 771 veluti
732 731 769 769 si
796 730 933 770 sixena
954 730 1146 769 remittat

112 802 285 849 :Bolus
309 800 493 851 abrupto
516 803 665 850 gentes
688 799 752 838 sic
775 797 920 850 objice
939 796 1068 845 fudit,

111 867 385 919 Laxavitque
408 866 523 905 viam
544 864 694 904 bellis:
728 869 771 904 et
790 877 841 903 no
864 875 953 916 qua
972 867 1166 904 maneret

112 934 324 975 Immunis
346 933 480 985 regio,
503 932 673 973 cladem
694 932 846 972 divisit
865 932 908 972 in
929 932 1094 980 orbem,
1516 931 1573 972 :25

110 1060 273 1091 imminent
303 1061 510 1100 undequaque,
546 1062 576 1089 et
603 1057 706 1095 gladii
743 1057 817 1086 collo
850 1056 1005 1086 minantes
1033 1054 1172 1094 fulgent.
1229 1055 1313 1090 Quid
1344 1059 1482 1095 superest
1511 1055 1575 1087 nisi

108 1103 292 1143 perturbare
321 1103 422 1133 omnia
452 1102 628 1132 calamitate
665 1101 817 1134 luctuosa,
855 1102 886 1128 et
919 1098 1100 1138 permiscere
1141 1100 1252 1135 gentes
1288 1098 1464 1129 innocentes
1496 1108 1572 1130 cum

111 1146 209 1176 exicio
231 1156 306 1176 meo.
366 1144 469 1175 Lubet
490 1144 605 1183 perire,
640 1143 749 1172 mundo
787 1139 995 1177 labefactat05
1031 1140 1182 1179 pernicies
1216 1142 1382 1171 communis
1419 1140 1573 1172 omnibus

112 1188 261 1227 proebebit
298 1187 530 1218 consolationem
561 1185 651 1215 morti
686 1193 782 1213 meze:
818 1193 911 1222 neque
944 1184 1031 1222 prius
1059 1192 1123 1221 ogo
1154 1187 1247 1213 metu
1277 1184 1436 1222 perculsus
1468 1183 1574 1214 obibo:

112 1231 277 1261 deserenda
302 1235 353 1260 est
374 1229 513 1269 potentia
538 1238 597 1257 una
619 1237 685 1256 cum
713 1226 789 1256 rita.
838 1226 973 1255 Locutus
992 1226 1056 1255 lucc
1081 1225 1185 1255 verba
1211 1225 1365 1264 Rufinus,
1391 1236 1443 1255 ceu
1467 1226 1575 1256 AE'olus

114 1273 197 1303 laxet
214 1272 346 1303 habenas
362 1273 472 1308 ventis,
498 1272 543 1300 ita
561 1269 679 1306 fractis
694 1267 858 1298 obstaculis
886 1267 1023 1297 turbavit
1047 1268 1183 1306 populos,
1210 1270 1239 1297 ct
1263 1268 1385 1307 aperuit
1412 1268 1473 1298 iter
1494 1277 1573 1307 prae·

113 1315 185 1345 liis.-
208 1326 243 1345 uc
258 1325 294 1345 ne
311 1315 379 1354 quis
404 1316 521 1343 tractus
538 1314 706 1341 remaneret
733 1319 842 1350 expers
856 1309 950 1349 belli,
974 1309 1112 1349 partitus
1127 1313 1173 1340 est
1188 1312 1326 1348 stragem
1347 1310 1381 1339 in
1408 1310 1531 1349 oppida,
1546 1313 1576 1340 et

731 1403 964 1415 aeaeaeaeaeaeaeaeaeaeaeae

114 1474 170 1506 ed.
187 1474 302 1505 Parm.
318 1472 430 1504 Vicet.
447 1471 544 1503 Junt.
563 1470 672 1502 Colin.
699 1480 801 1501 omnes
818 1469 910 1500 Leid.
928 1479 978 1510 pr.
999 1470 1083 1499 Exc.
1112 1469 1193 1499 Luc.
1223 1478 1275 1508 pr.
1306 1478 1391 1499 enses
1409 1468 1461 1499 vel
1477 1478 1579 1499 omnes

116 1518 206 1557 Reg.
234 1517 346 1547 Oxou.
373 1525 425 1555 pr.
452 1515 567 1545 imbres
592 1513 688 1545 Med.
727 1522 795 1544 sec.
828 1522 846 1543 a
877 1522 921 1543 m.
958 1514 1095 1552 pin—17
1121 1511 1197 1541 mihi
1228 1521 1289 1550 pro
1321 1511 1381 1542 nisi
1403 1511 1478 1543 Pal.
1512 1521 1579 1542 suc-

115 1561 242 1591 cendere
277 1557 370 1589 Med.
400 1562 480 1588 tert.
512 1558 596 1587 luctu
634 1557 688 1587 vel
715 1556 820 1596 fluctu
848 1555 929 1585 Vat.
975 1554 1175 1594 quint.—-19
1213 1563 1314 1584 everso
1347 1553 1441 1584 Med.
1471 1558 1579 1594 quart.

117 1605 272 1634 destructo
286 1602 371 1632 Exc.
399 1601 543 1631 Lucens.
573 1609 624 1639 pr.
646 1600 719 1636 fato
749 1598 877 1629 Mazar.
910 1600 945 1628 et
973 1597 1178 1627 Heius—21
1207 1597 1365 1627 Decedam
1380 1596 1502 1627 Petav.
1526 1607 1579 1636 pr.

117 1645 243 1685 Isingr.
278 1644 468 1675 Discendam
502 1642 599 1673 Leid.
636 1651 687 1682 pr.
715 1650 734 1671 a
758 1651 802 1672 m.
823 1650 875 1682 pr.
908 1640 1079 1670 Discedam
1102 1643 1249 1679 quatuor
1265 1640 1345 1670 Vat.
1369 1640 1467 1670 Farn.
1487 1639 1580 1670 Prie.

119 1689 215 1719 Rott.
240 1687 348 1718 Oisel.
384 1686 539 1717 Decedam
568 1685 621 1715 vel
648 1684 815 1715 Discedam
852 1683 938 1713 Exc.
968 1683 1067 1713 Laeti.
1097 1681 1260 1712 Heinsius
1287 1681 1496 1721 conjiciebat
1519 1681 1583 1713 Dis

117 1731 322 1761 cedam—22
338 1728 432 1767 satur
457 1729 584 1758 Moret.
617 1737 667 1767 pr.
696 1726 793 1756 veluti
820 1726 919 1756 ventis
947 1726 1045 1755 Fam.
1072 1724 1164 1755 Prie.
1196 1725 1295 1755 Rott.
1323 1724 1431 1756 oisel.
1452 1725 1582 1755 resolvat

118 1773 200 1805 Vat.
227 1782 276 1813 pr.
308 1777 374 1802 vet.
412 1771 498 1811 Gyr.
530 1771 609 1801 Vat.
649 1769 758 1800 Livin.
785 1769 867 1799 Exc.
898 1769 1041 1799 Lucens.
1068 1770 1225 1798 sec.——23
1262 1767 1307 1797 sic
1344 1770 1454 1806 gentes
1488 1767 1581 1798 Pric.

111 1815 223 1854 fundit
235 1816 314 1846 Vat.
333 1819 442 1854 quart.
462 1814 543 1852 Reg.
568 1812 690 1844 Petav.
708 1822 759 1852 pr.
774 1812 859 1842 Exc.
878 1812 1021 1841 Lucvns.
1038 1820 1090 1851 pr.
1107 1820 1211 1849 marg.
1227 1810 1434 1840 Μοι·ἰιι.-25
1458 1809 1584 1840 demisit

120 1859 251 1889 Bonon.
268 1858 387 1888 Ambr.
404 1866 471 1887 sec.
497 1856 618 1886 dimisit
646 1855 712 1885 (luo
730 1855 807 1884 Vat.
838 1855 918 1885 Lov.
947 1853 1041 1885 Leid.
1075 1862 1125 1893 pr.
1154 1853 1229 1883 Pal.
1256 1853 1356 1882 Farn.
1382 1852 1487 1882 Oisel.
1515 1852 1582 1882 duo

121 1901 216 1931 Med.
234 1901 316 1931 item
343 1899 463 1930 Heius.
492 1899 635 1929 totidem
664 1897 787 1927 Petav.
804 1897 889 1936 ch.
917 1897 1043 1926 Mon-et.
1071 1905 1138 1925 sec.
1157 1895 1285 1925 Mazar.
1306 1895 1442 1925 Tholos.
1461 1893 1584 1925 Ambr-

121 1947 204 1974 tert.
222 1943 300 1974 Ald.
315 1943 399 1974 Exc.
426 1943 565 1972 Lucens.
582 1950 651 1970 sec.
670 1940 749 1970 Var.
765 1940 833 1970 LL.
851 1939 904 1969 ed.
923 1937 1028 1969 Antv.
1042 1938 1154 1968 vic-et.
1184 1937 1290 1967 divisit
1319 1938 1468 1967 Florent.
1486 1936 1583 1967 Med.

123 1995 191 2016 sec.
224 1986 301 2015 Pat.
331 1984 448 2015 Ambr.
481 1994 531 2023 pr.
561 1987 627 2014 vet.
647 1982 730 2022 Gyr.
748 1982 827 2012 x‘at.
858 1981 970 2011 Livin.
997 1980 1123 2010 ‹leniisit
1152 1980 1203 2017 vel
1233 1980 1340 2009 dit-isit
1369 1979 1482 2009 Oxou.
1515 1987 1584 2009 see.

121 2027 229 2058 dit-isit
244 2028 296 2057 vel
312 2026 431 2057 (limisit
459 2027 572 2056 Oxou.
598 2035 651 2063 pr.
674 2025 752 2054 Vat.
770 2024 879 2064 quint.
897 2024 1021 2053 Petav.
1045 2032 1094 2061 pr.
1115 2023 1237 2051 Moret.
1256 2031 1306 2060 pr.
1331 2025 1366 2050 et
1388 2021 1470 2051 Exc.
1487 2020 1586 2060 Laeti,

124 2069 262 2107 demisit,
287 2069 417 2105 dimisit,
447 2068 500 2097 vel
526 2067 635 2097 dit-isit
664 2067 745 2097 l‘ut.
775 2066 875 2095 orbem
903 2070 1047 2105 quatuor
1065 2064 1143 2093 Vnt.
1168 2063 1241 2093 Pal.
1260 2064 1359 2094 Farn.
1378 2063 1587 2093 Pric.R01t.

126 2112 234 2143 Oisel.
266 2111 358 2142 Med.
386 2117 498 2150 quart.
524 2110 607 2140 Exc.
638 2109 723 2139 Laeti
755 2113 790 2138 et
816 2108 958 2137 Lucens.
977 2117 1027 2146 pr.
1055 2106 1154 2136 Yien.
1179 2111 1213 2135 et
1244 2105 1363 2141 Isingr.
1391 2105 1474 2135 urbis
1499 2105 1585 2135 Exc.

126 2155 270 2185 Lucens.
288 2163 354 2183 sec.
374 2153 461 2183 urbes
478 2158 546 2182 vet.
560 2153 644 2191 Gyr.
667 2151 824 2181 Heinsius
853 2149 895 2179 ad
911 2148 1107 2179 firmandam
1123 2148 1302 2178 lectionem
1327 2147 1434 2177 divisit
1458 2148 1585 2186 ascrip-

125 2201 232 2228 serat:
245 2196 364 2232 dit-isit,
376 2196 423 2225 sic
435 2194 609 2224 ‘dividere
627 2203 731 2234 equos
748 2191 963 2223 factionibus’
976 2191 1206 2230 Capitoli¹1.in
1220 2190 1400 2220 Gordianis
1419 2199 1452 2228 p.
1466 2192 1536 2220 152.
1552 2193 1588 2220 et

126 2241 135 2257 ⁴
150 2239 335 2280 porcellum
350 2238 502 2268 dividi-re
515 2246 574 2275 per
588 2235 928 2274 triduum'Spartiau.
942 2235 975 2263 in
990 2232 1092 2264 Didio
1101 2233 1237 2264 Juliano
1249 2235 1340 2272 p.61.
1354 2233 1374 2262 1.
1385 2235 1437 2263 22.
1449 2233 1501 2262 et‘
1512 2241 1589 2262 con-

127 2281 273 2324 giarium
290 2281 413 2322 populo
429 2277 789 2319 dividere’Capitolin.
803 2277 836 2306 in
846 2278 961 2307 Marco
973 2275 1145 2307 Antonino
1158 2285 1191 2315 p.
1207 2277 1257 2305 32.
1273 2275 1294 2306 l.
1317 2277 1365 2305 ll.
1381 2274 1429 2305 sic
1445 2274 1537 2306 idem
1553 2275 1587 2304 in

788 2374 816 2405 N
824 2372 933 2405 OTAE

174 2455 215 2484 16
240 2452 383 2493 Impositi
405 2451 504 2491 enses]
527 2451 694 2491 Exemplo
711 2451 834 2481 Damo-
887 2452 1063 2479 ventorum
1080 2445 1230 2477 creditus
1255 2444 1297 2475 ab
1314 2443 1474 2484 antiquis,
1497 2444 1587 2485 quod

132 2503 206 2542 elis,
232 2503 242 2520 ‘
260 2503 447 2534 Districtus
465 2502 552 2533 ensis
577 2502 631 2532 cui
657 2510 760 2542 super
775 2501 834 2530 im-
887 2508 928 2529 ex
944 2497 1037 2528 fumo
1051 2496 1248 2536 Strongyles
1265 2494 1383 2525 insulae
1401 2498 1520 2525 ventos
1537 2493 1591 2525 fu·

133 2553 190 2594 pia
207 2553 349 2584 Cervice
367 2552 516 2593 pendet,‘
529 2555 594 2583 ἃς.
634 2551 811 2582 Horatius.
888 2554 982 2580 turos
999 2552 1228 2589 praenosceret
1244 2557 1252 2583 ;
1278 2546 1332 2576 vel
1356 2544 1445 2585 quod
1470 2544 1590 2576 Astro-

177 2607 218 2635 19
241 2605 358 2635 Everso
367 2604 459 2644 juvat
476 2604 545 2633 orbe
558 2603 654 2642 mori]
686 2603 695 2619 ‘
715 2601 835 2632 Incen-
888 2600 1026 2640 logiam,
1041 2603 1075 2629 et
1094 2598 1282 2638 praesertim
1299 2600 1477 2626 ventorum
1495 2599 1591 2627 natu-

136 2652 227 2684 dium
243 2654 341 2685 ruina
357 2652 594 2694 restinguere‚’
619 2658 657 2684 ut
677 2652 835 2693 jactabat
890 2661 972 2689 ram,
986 2651 1141 2682 calleret.

138 2703 283 2734 Catilina
297 2705 388 2745 apud
404 2704 612 2735 Sallustium.
934 2699 1048 2741 Fudit]
1073 2698 1249 2738 Contudit,
1263 2696 1489 2738 perturbavit.

182 2754 222 2783 23
246 2753 369 2793 AEocus]
401 2753 506 2784 Filius
532 2752 713 2794 Hippotae,
738 2751 836 2783 Deus
