1852 3193
187 202 274 244 284
655 210 728 239 ct..
760 206 1044 239 CLAUDIAM
1077 204 1185 234 vm.

189 309 284 351 Ceu
303 309 482 363 placido
501 306 755 348 moderante
778 303 943 344 Numa.
1003 300 1111 342 Non
1130 300 1326 341 imminet
1345 297 1460 340 ensis
1477 311 1487 339 z

189 378 340 420 Nullae
360 376 572 417 nobilium
594 374 740 415 caedes
759 385 767 412 :
798 382 886 410 non
908 369 1094 410 crimina
1113 368 1243 421 vulgo

187 445 440 487 Texuntur:
473 443 618 496 patria
637 444 827 482 moestus
847 451 936 478 non
958 437 1142 478 truditur
1162 437 1281 487 exul,

189 513 336 567 Impia
357 511 552 553 continui
574 512 751 550 cessant
772 509 1002 560 augmenta
1022 505 1174 547 tributi
1192 519 1202 547 ι

191 582 297 622 Non
317 580 516 621 infelices
535 578 712 627 tabulae,
733 590 822 617 non
840 576 969 616 hasta
988 565 1149 615 refixas

190 648 358 690 Vendit
379 662 509 702 opes:
543 647 674 688 avida
696 650 841 686 sector
860 657 951 685 non
972 655 1086 685 voce
1108 642 1273 700 citatur
1294 654 1302 681 :

191 716 291 757 Nec
313 720 386 757 tua
405 716 589 769 privatis
611 717 810 755 crescunt
830 712 984 754 aeraria
1004 710 1192 752 damnis.

1566 431 1653 474 495

191 837 296 867 Numa
319 840 480 875 regnante.
527 837 600 867 Non
620 836 745 874 gladius
761 835 917 866 minatur:
951 834 1044 865 nulloe
1059 835 1138 862 sunt
1152 832 1248 861 coecles
1262 829 1410 860 nobilium
1420 837 1431 863 ;
1464 836 1524 857 non
1540 826 1656 856 scelera

191 880 410 918 excogitantur
432 880 558 920 passim.
606 880 693 910 Exul
716 878 817 909 tristis
837 888 896 908 non
923 877 1089 917 expellitur
1115 884 1133 904 e
1158 873 1275 914 patria.
1322 872 1519 902 Incrementa
1533 868 1657 906 nefaria

190 922 390 961 vectigalium
404 923 598 953 assiduorum
613 923 768 952 desinunt.
824 921 897 950 Non
915 925 993 950 suut
1007 917 1247 959 proscriptiones
1261 914 1428 953 infaustoe:
1461 922 1520 942 non
1534 911 1658 942 divitiae

192 965 347 995 Dominis
363 969 495 996 extorta>
518 965 719 1005 publicantur
739 963 800 993 sub
827 963 935 992 hasta.-
967 962 1102 992 creditor
1116 970 1176 990 non
1190 959 1364 999 appellatur
1379 957 1510 987 clamore
1525 954 1657 994 cupido;

190 1017 287 1047 neque
303 1007 402 1049 fiscus
416 1011 486 1038 tuus
501 1010 632 1046 augetur
650 1005 788 1045 jacturis
806 1005 1013 1045 priratmwn.
1056 1004 1107 1033 Tu
1122 1001 1258 1033 liberalis
1280 1000 1340 1030 das
1365 1008 1474 1030 aurum
1489 998 1654 1038 copiosum,

806 1129 1043 1141 eeeeeeeeeeee

192 1221 364 1254 Heinsius.
388 1221 554 1252 miserante
567 1221 647 1252 Vat.
664 1219 771 1261 quint.
795 1221 976 1250 numerante
992 1219 1122 1249 Bonon.
1145 1216 1247 1247 reniet
1264 1224 1324 1256 pro
1336 1213 1477 1245 imminet
1492 1212 1574 1242 Var.
1590 1211 1658 1242 LL.

194 1265 247 1297 ed.
275 1265 491 1296 Anum—494
514 1274 568 1295 nec
584 1264 717 1294 crimina
735 1264 817 1293 Lov.
851 1262 970 1300 funera
986 1262 1066 1292 Var.
1095 1261 1161 1291 LL.
1190 1259 1243 1289 ed.
1273 1258 1378 1289 Antv.
1421 1256 1555 1287 crimina
1570 1253 1658 1293 vulgi

192 1308 272 1339 Vat.
289 1317 357 1339 sec.
380 1308 466 1346 vulgi
479 1308 533 1337 vel
550 1307 639 1345 vulgo
652 1305 746 1337 Med.
765 1308 922 1345 pix-*495
968 1305 1108 1334 traditur
1124 1303 1250 1334 Mox-et.
1267 1311 1333 1332 sec.
1390 1299 1458 1330 Hic
1475 1307 1592 1329 versus
1610 1302 1660 1327 to-

191 1356 246 1381 tus
263 1350 304 1381 ad
328 1351 516 1390 marginem
543 1350 691 1389 scriptus
716 1352 791 1379 erat
815 1348 848 1378 in
875 1348 957 1378 Var.
983 1348 1050 1378 LL.
1079 1347 1131 1377 ed.
1160 1345 1373 1376 Antv.—-196
1395 1340 1536 1380 contigui
1563 1339 1658 1371 Med.

191 1397 272 1424 tert.
286 1403 328 1424 m.
346 1403 395 1433 pr.
423 1393 464 1423 ad
491 1402 608 1423 vocem
632 1401 712 1421 vero
728 1394 894 1430 augmenta
910 1394 1093 1421 notaverat
1120 1388 1282 1419 Heinsius
1309 1385 1509 1427 sequentia:
1542 1386 1550 1400 ‘
1568 1383 1659 1421 Aug-

191 1440 327 1467 mentum
354 1436 519 1466 tributum
544 1435 714 1465 vocabant
738 1438 774 1465 et
800 1434 1021 1464 incrementum
1039 1431 1236 1472 posterioris
1265 1429 1328 1460 aevi
1356 1429 1550 1468 scriptores.
1594 1425 1660 1456 vid.

194 1479 338 1510 Casaub.
355 1479 396 1508 ad
414 1479 505 1509 Hist.
524 1478 608 1518 Aug.
626 1487 658 1517 p.
676 1480 726 1508 16.
758 1476 943 1507 tributorum
961 1476 1133 1506 auctionem
1151 1474 1239 1504 dixit
1255 1472 1397 1503 Tacitus
1416 1473 1448 1501 in
1465 1470 1537 1500 vita
1560 1467 1660 1508 Agri-

193 1522 276 1553 colae
292 1521 382 1561 apud
398 1520 542 1552 Casaub.
560 1521 593 1551 in
611 1520 704 1551 Hist.
721 1519 808 1559 Aug.
824 1529 855 1559 p.
872 1518 1066 1550 215.’-497
1090 1516 1279 1554 cumfelices
1293 1516 1376 1546 Var.
1395 1514 1462 1545 LL.
1480 1513 1532 1543 ed.
1554 1512 1659 1541 Autv.

192 1564 294 1605 refixa
308 1565 386 1595 Vat.
405 1574 473 1595 sec.
500 1564 575 1594 Pal.
592 1563 688 1594 Med.
704 1572 770 1594 sec.
796 1561 914 1592 Ambr.
934 1571 982 1601 pr.
999 1562 1078 1593 Jun.
1095 1570 1148 1601 pr.
1166 1561 1248 1591 Lov.
1266 1569 1308 1590 m.
1326 1568 1394 1589 sec.
1422 1557 1505 1586 Var.
1523 1555 1590 1585 LL.
1606 1552 1660 1585 ed.

193 1606 298 1638 Antv.
342 1607 442 1646 refixa
468 1607 520 1637 vel
548 1606 663 1647 refixas
680 1606 832 1636 Florent.
860 1604 956 1635 Med.
974 1606 1132 1643 pix—498
1155 1604 1258 1633 aridis
1281 1605 1379 1632 emtor
1406 1604 1552 1640 quatuor
1574 1597 1658 1626 Vat.

193 1650 291 1680 Fam.
308 1649 400 1680 Prie.
418 1650 514 1680 nott.
531 1649 652 1679 Petav.
680 1658 729 1687 pr.
759 1649 842 1678 Lov.
866 1656 909 1677 m.
937 1657 987 1686 pr.
1009 1647 1141 1676 Tliolos.
1168 1645 1269 1675 ambo
1295 1644 1424 1674 Meret.
1452 1641 1564 1671 Oxou.
1589 1648 1657 1669 sec.

194 1692 291 1723 Leid.
306 1702 374 1722 sec.
393 1691 509 1722 Amin:
526 1696 604 1722 tert.
619 1691 700 1721 var.
716 1691 783 1721 LL.
811 1699 830 1720 e
857 1698 963 1728 marg.
979 1688 1093 1719 Parni.
1110 1687 1188 1718 Ald.
1205 1692 1240 1717 et
1258 1687 1340 1716 Exc.
1359 1685 1502 1716 Gevart.
1549 1682 1658 1712 avidas

194 1739 327 1775 septem
345 1735 412 1765 alii.
455 1735 562 1764 aridus
577 1733 672 1764 Med.
689 1737 799 1774 quart.
840 1732 949 1762 acidas
965 1732 1019 1762 vel
1036 1731 1136 1761 aridis
1152 1730 1306 1760 Florent.
1331 1727 1428 1759 Med.
1457 1735 1509 1766 pr.
1527 1725 1657 1755 Mazar.

194 1788 255 1808 non
270 1781 368 1808 emtor
384 1777 511 1808 Moret.
531 1787 583 1817 pr.
618 1777 710 1806 avida
725 1779 824 1806 sector
842 1779 907 1805 vet.
924 1775 1008 1814 Gyr.
1025 1774 1111 1804 Exc.
1128 1774 1275 1804 Lucens.
1291 1780 1358 1801 sec.
1372 1769 1531 1800 Heinsius
1547 1767 1587 1797 ad
1603 1777 1659 1796 vo-

194 1829 267 1850 cem
283 1824 381 1850 sector
396 1825 575 1850 notaverat
586 1819 698 1849 locum
712 1819 821 1849 Cicer.
835 1817 986 1857 Philipp.
1006 1826 1044 1847 11.
1062 1826 1095 1856 p.
1115 1818 1188 1847 186.
1204 1815 1256 1845 ed.
1274 1813 1505 1844 Puera—449
1518 1811 1590 1841 Non
1606 1812 1661 1839 tua

192 1863 287 1894 Med.
305 1867 415 1904 quart.
431 1863 563 1893 Tholos.
589 1861 786 1892 Notandum
802 1869 893 1896 ver0,
911 1869 1045 1890 versum
1061 1861 1136 1890 499.
1154 1862 1188 1888 et
1201 1860 1276 1888 500.
1295 1857 1427 1886 inverso
1439 1854 1556 1886 ordine
1570 1852 1659 1893 posi-

862 1988 1003 2020 NOTAE

1001 2081 1145 2124 Refixas]
1190 2080 1349 2113 Dominis
1377 2081 1525 2120 ereptas,
1548 2081 1664 2109 extor-

957 2140 1018 2166 tas.

193 2087 285 2129 pacis
302 2086 439 2118 tuenda>
457 2086 696 2127 peritiSsimus.

236 2141 299 2170 ⁴93
326 2138 436 2177 Ensis]
463 2139 607 2177 Semper
622 2137 709 2168 caedi
727 2140 879 2177 paratus.

236 2191 298 2219 495
324 2187 500 2225 Texantur]
546 2188 727 2217 Delatores
750 2197 817 2217 non
840 2186 901 2217 fin-

196 2243 294 2279 gunt,
328 2247 393 2267 nou
420 2236 670 2276 machinantur,
695 2247 760 2267 non
787 2237 901 2267 dolose

196 2292 319 2319 texunt
335 2297 422 2317 nova
439 2287 592 2317 criiniua.

237 2342 301 2370 496
324 2338 441 2378 Impia]
485 2335 680 2377 Augmenta
697 2336 902 2366 tributorum

196 2390 341 2422 collecta
357 2398 417 2429 per
431 2388 644 2428 impietatem
657 2388 903 2427 Tyrannorum,

196 2450 262 2472 uon
293 2441 403 2471 locum
441 2439 579 2478 habent,
608 2437 762 2469 Honorio
797 2438 902 2477 impe-

197 2494 307 2522 rante.

239 2546 303 2574 497
329 2542 466 2581 Tabulae]
511 2541 577 2571 Vel
603 2539 902 2581 proscriptionum,

198 2595 251 2625 vel
268 2594 484 2633 muletarum,
507 2602 582 2633 quae
598 2590 679 2622 fisco
696 2589 902 2621 addiceban-

198 2649 264 2676 tur.

243 2695 316 2725 Non
330 2694 434 2734 hasta]
468 2692 536 2724 Sub
552 2693 650 2724 hasta
664 2692 902 2724 vendebantur

200 2745 288 2775 bona
324 2745 615 2785 proscriptorum:
661 2744 757 2774 hasta
787 2746 903 2774 autem

197 2794 445 2836 praefigebatur
461 2795 607 2836 publicis
622 2793 885 2826 venditionibus.

998 2188 1062 2217 493
1085 2184 1208 2224 sector]
1254 2183 1321 2214 Hic
1342 2186 1396 2213 est
1419 2181 1474 2212 vel
1500 2178 1663 2218 creditor,

957 2238 1013 2278 qni
1039 2237 1117 2276 jure
1146 2235 1286 2275 antiquo
1303 2233 1506 2270 debitorum,
1522 2229 1578 2270 qui
1596 2229 1663 2260 sol-

958 2286 1067 2317 vendo
1082 2295 1148 2316 non
1165 2289 1291 2323 esseut,
1317 2291 1460 2323 corpora
1485 2280 1520 2310 in
1546 2283 1662 2319 partes

958 2346 1073 2367 secare
1099 2339 1260 2376 poterat:
1301 2335 1355 2364 vel
1383 2337 1495 2363 sector
1523 2335 1574 2361 est
1604 2328 1663 2370 qui

958 2387 1045 2416 bona
1065 2386 1334 2426 proscriptorum
1351 2383 1445 2421 emit,
1462 2385 1497 2412 et
1514 2379 1610 2421 quasi
1628 2379 1662 2409 in

958 2441 1072 2477 partes
1087 2442 1201 2466 secat:
1236 2436 1289 2465 vel
1307 2439 1421 2465 sector
1446 2431 1593 2471 denique
1609 2433 1662 2460 est

958 2488 1093 2518 delator
1109 2488 1165 2528 qui
1180 2496 1240 2526 per
1257 2485 1307 2516 fas
1335 2491 1370 2516 et
1398 2482 1494 2514 nefas
1524 2486 1664 2513 accusat

958 2538 1116 2579 aliquem,
1131 2542 1168 2567 ut
1188 2541 1319 2577 partem
1336 2535 1408 2575 ejus
1425 2534 1586 2565 bonorum
1603 2536 1663 2564 aut

957 2590 1093 2620 mulctae
1113 2587 1255 2619 auferat.
1460 2610 1463 2614 ,

999 2641 1104 2672 Avida
1120 2638 1204 2678 voce]
1248 2636 1422 2668 Praeconis
1438 2635 1586 2674 scilicet,
1603 2633 1662 2675 qui

956 2693 1039 2724 lucri
1056 2692 1172 2723 avidus
1189 2694 1341 2721 sectores
1358 2690 1455 2730 citat,
1467 2693 1504 2719 ut
1516 2688 1662 2727 solvant,

955 2753 1028 2785 quae
1044 2742 1166 2774 licitati
1182 2745 1271 2773 sunt.
