1857 3177
506 210 567 240 Du
600 210 748 241 NUPT.
780 209 962 240 HoNOR.
997 209 1056 238 ET
1091 209 1211 239 MAR.
1500 200 1584 241 3:33

130 305 196 347 Te
218 309 394 359 propter
417 305 611 358 Paphias
637 306 766 346 sedes
791 305 1072 359 Cyprumque
1096 305 1267 356 reliqui,

129 373 194 414 Te
214 378 390 426 propter
409 373 539 413 libuit
563 379 707 413 tantos
731 374 910 425 explere
937 372 1127 421 labores,

129 440 187 481 Et
207 444 376 480 tantum
398 445 596 481 tranasse
616 442 749 480 maris
768 454 777 480 :
801 452 852 478 ue
874 440 1004 479 vilior
1024 440 1136 480 ultra

129 507 336 548 Privatos
360 512 562 560 paterere
584 508 721 547 lares:
752 518 836 546 neu
859 510 1052 558 tempore
1072 506 1202 559 longo

129 574 308 615 Dilatos
324 576 500 629 juvenis
519 576 694 616 nutriret
714 572 938 614 Honorius
960 574 1096 625 ignes.

126 641 298 696 Accipe
320 643 534 685 fortunam
557 643 726 695 generis
745 656 753 682 :
792 640 993 681 diadema
1015 654 1200 690 resume,

126 708 261 759 Quod
280 711 442 750 tribuas
464 710 597 758 natis,
620 714 661 749 et
682 710 725 749 in
747 709 844 748 haec
866 708 1113 760 penetralia
1133 721 1282 748 rursus
1498 708 1581 748 200

126 775 255 817 Unde
277 789 434 829 pareus
454 789 699 828 progressa,
722 775 838 815 redi:
870 774 942 814 sac
962 774 1085 814 nulla
1104 776 1284 815 subesse

124 842 318 883 Vincula
339 847 538 895 cognatae
559 856 568 882 :
600 842 801 895 quamvis
824 842 971 883 aliena
991 842 1153 882 fuisses

124 908 427 962 Principibus,
449 921 627 961 regnum
653 913 827 962 poteras
849 908 934 949 hoc
955 922 1030 949 ore
1052 910 1219 950 mereri.

124 975 242 1026 Quae
264 976 445 1030 propior
467 977 656 1030 sceptris
678 975 817 1017 facies
836 977 854 1016 ’ἰ
898 976 1000 1029 quis
1023 976 1196 1028 dignior
1215 976 1321 1017 aula

1501 373 1538 412 (0

1533 374 1555 411 ν’(

120 1083 261 1111 ratores.-
293 1081 340 1110 tui
369 1091 462 1111 causa
487 1081 606 1111 deserui
624 1081 776 1120 palatium
806 1080 907 1120 Paphi
923 1083 953 1109 et
972 1080 1132 1119 Cyprum:
1156 1080 1204 1110 tui
1229 1091 1322 1111 causa
1333 1080 1420 1118 juvit
1433 1082 1581 1123 perficere

120 1126 242 1154 tantum
256 1123 402 1160 laborem,
418 1127 446 1153 et
465 1124 608 1162 trajicere
622 1126 743 1153 tuntum
759 1123 873 1152 maris:
889 1132 924 1152 ηε
940 1125 974 1152 tu
985 1123 1117 1162 diutius,
1132 1124 1232 1153 minus
1243 1123 1392 1154 honorata
1405 1133 1503 1164 quam
1520 1134 1581 1165 par

121 1171 186 1205 est,
208 1175 380 1196 remaneres
399 1166 430 1195 in
446 1166 533 1195 ‹lomo
554 1166 691 1205 prii-ata,
720 1175 791 1195 nere
816 1165 975 1195 Honorius
989 1165 1115 1203 juvenis
1140 1166 1235 1196 aleret
1252 1175 1312 1205 per
1329 1169 1445 1205 tempus
1459 1167 1580 1204 lougius

119 1209 409 1239 amoremdilaeum.
457 1208 572 1238 Fruere
592 1208 750 1246 felicitate
773 1209 880 1245 gentis
906 1211 981 1244 tuoe,
1009 1211 1037 1237 et
1061 1208 1161 1248 recipe
1177 1208 1330 1247 diadema,
1347 1210 1424 1249 quod
1441 1209 1581 1250 desfiliis

121 1251 208 1281 tuis:
233 1261 268 1281 ac
291 1254 446 1281 revertere
470 1251 582 1281 iterum
604 1252 636 1281 in
658 1251 736 1280 hunc
756 1250 901 1287 Regiam,
916 1250 996 1280 unde
1012 1253 1110 1280 mater
1124 1255 1181 1280 tna
1197 1254 1265 1280 orta
1282 1256 1344 1280 est.
1395 1251 1470 1281 Esto
1495 1253 1580 1282 nulla

119 1293 270 1332 supersint
279 1293 357 1330 jara
379 1293 591 1331 cognationis:
619 1294 676 1323 etsi
694 1302 750 1322 non
764 1291 853 1328 fores
879 1294 1012 1330 cognata
1039 1292 1290 1331 Imperatoribus,
1313 1296 1436 1332 poteras
1467 1298 1580 1324 tamen

116 1336 284 1374 promereri
301 1336 470 1375 Imperium
487 1335 530 1366 ob
547 1337 624 1366 banc
638 1334 907 1374 pulchritudinem.
956 1334 1033 1369 Qua»
1051 1333 1159 1371 forma
1189 1334 1315 1372 dignior
1345 1340 1419 1365 erat
1435 1334 1579 1375 sceptro?

733 1409 767 1420 ee
774 1408 965 1419 ‘cocere-roe

117 1453 200 1483 riam
220 1452 343 1485 Petav.
376 1456 553 1484 sea—252
576 1453 692 1485 suboles
708 1454 851 1493 Augusta
879 1455 963 1485 Exc.
988 1453 1131 1484 Lucens.
1149 1455 1326 1483 sem—254
1350 1451 1483 1483 Phasias
1498 1452 1579 1483 Var.

119 1496 187 1526 LL.
204 1495 258 1527 ed.
276 1496 380 1527 Autv.
409 1497 489 1527 tedes
504 1496 571 1527 duo
596 1498 693 1528 Vatt.
723 1498 820 1527 Farn.
838 1496 930 1527 Med.
949 1501 1029 1527 tert.
1048 1495 1131 1526 Cod.
1150 1495 1268 1535 Epigr.
1288 1494 1401 1526 Ambr.
1417 1495 1501 1525 Exc.
1516 1495 1580 1525 Lu-

119 1547 210 1569 cens.
227 1548 278 1578 pr.
293 1539 344 1569 ed.
362 1539 472 1569 Vicet.
501 1541 586 1570 sedes
609 1540 689 1571 Lov.
718 1549 758 1570 ex
777 1540 989 1579 conjectura,
1011 1548 1085 1568 cum
1103 1538 1293 1568 octodecim
1310 1537 1393 1568 aliis.
1430 1539 1510 1567 oedes
1526 1538 1580 1568 vel

117 1581 202 1611 sedes
232 1580 344 1612 Oxon.
371 1592 422 1621 pr.
460 1582 641 1622 Cyprumque
669 1582 777 1613 Oisel.
815 1582 946 1622 relinqui
962 1583 1055 1612 Rott.
1076 1580 1170 1611 Leid.
1187 1583 1346 1620 pr.—255
1371 1582 1472 1610 tantos
1487 1579 1581 1609 libuit

117 1623 200 1655 Jun.
227 1632 276 1663 pr.
310 1624 392 1661 Reg.
424 1625 555 1655 Tlioios.
582 1625 672 1655 licuit
697 1626 808 1655 Oxou.
832 1634 883 1664 pr.
913 1633 1038 1663 magnos
1062 1623 1215 1653 Florent.
1249 1626 1351 1652 tantos
1382 1622 1496 1652 Oxou.
1527 1631 1579 1662 pr.

116 1665 243 1705 implere
257 1665 376 1696 Ambr.
394 1676 444 1706 pr.
473 1670 596 1697 tantum
611 1668 759 1706 complere
775 1667 888 1697 laboris
899 1666 994 1697 Med.
1010 1668 1230 1706 quarn—256
1254 1668 1391 1695 tranasse
1407 1664 1472 1695 duo
1484 1664 1580 1696 Med.

118 1708 204 1748 Reg.
220 1708 302 1739 Put.
320 1708 442 1739 Petav.
469 1719 523 1749 pr.
552 1710 669 1740 Ambr.
689 1715 770 1740 tert.
798 1710 884 1740 Exc.
902 1709 1046 1740 Lucens.
1064 1717 1115 1748 pr.
1131 1708 1212 1738 Var.
1228 1707 1298 1738 LL.
1315 1716 1333 1737 e
1346 1717 1449 1747 marg.
1463 1707 1577 1738 Parin.

116 1755 243 1781 tranare
258 1755 328 1781 tres
345 1752 439 1782 Vatt.
463 1751 555 1782 Pric.
588 1752 662 1783 Pal.
689 1753 817 1783 Tlman.
849 1753 976 1783 Mazar.
1014 1754 1178 1781 transnare
1209 1749 1274 1780 duo
1299 1749 1392 1780 Vatt.
1421 1750 1500 1781 ,Jun.
1524 1759 1577 1789 pr.

117 1793 224 1825 Oisel.
249 1794 399 1825 Floreat.
425 1794 520 1825 Med.
547 1804 598 1835 pr.
629 1795 715 1826 Cod.
742 1795 855 1825 Ursin.
892 1805 951 1825 neu
982 1794 1075 1824 vilior
1098 1793 1178 1824 Jun.
1204 1802 1256 1831 pr.
1285 1796 1320 1822 et
1347 1792 1472 1822 Moret.
1492 1793 1577 1823 Exc-

114 1836 245 1867 Schott.
273 1841 307 1867 et
332 1836 475 1867 Gevart.
504 1838 586 1867 Var.
614 1838 680 1868 LL.
713 1837 767 1867 ed.
798 1836 899 1867 Antv.
931 1846 984 1866 nec
1010 1836 1100 1866 vilior
1135 1839 1214 1864 octo
1238 1834 1414 1864 alit—257
1436 1837 1586 1874 paterere-

117 1878 266 1910 Florent.
291 1883 361 1910 tres
386 1879 480 1910 Med.
504 1879 584 1911 Jun.
614 1889 663 1919 pr.
688 1880 813 1910 Moret.
845 1888 895 1919 pr.
920 1878 1054 1908 Thuau.
1084 1877 1165 1908 Put.
1196 1877 1275 1906 Vat.
1301 1875 1411 1906 Livin.
1444 1876 1574 1907 Mazar.

112 1922 236 1960 patiare
251 1920 318 1951 duo
335 1922 431 1952 Vatt.
458 1922 549 1953 Rott.
577 1922 672 1952 Med.
697 1927 806 1962 quart.
834 1922 900 1952 inc.
927 1920 1047 1951 Heius.
1063 1920 1146 1949 Exn.
1166 1919 1308 1960 LucenS.
1328 1927 1378 1957 pr.
1396 1918 1449 1949 ed.
1463 1919 1575 1949 Vicct.

112 1963 234 2002 patiere
249 1964 328 1994 Vat.
355 1973 422 1994 sec.
446 1974 494 2000 m.v
505 1974 556 2004 pr.
575 1965 653 1995 Pat.
672 1965 738 1995 dno
754 1963 869 1994 Ambr.
900 1963 1021 2003 patiare
1046 1962 1098 1992 vel
1115 1964 1254 2001 paterere
1281 1960 1403 1991 Petav.
1427 1970 1491 1991 sec.
1524 1970 1576 1990 uec

115 2008 251 2045 tempore
278 2006 359 2036 Pnt.
382 2005 467 2036 Cod.
500 2007 618 2046 Epigr.
648 2006 763 2037 Ambr.
795 2016 831 2036 ne
855 2009 988 2045 tempore
1014 2004 1108 2034 Med.
1127 2009 1238 2043 quart.
1254 2003 1340 2041 Reg.
1358 2003 1436 2033 Pat.
1455 2002 1574 2033 Ambr.

115 2050 294 2078 see—:258
319 2048 457 2078 Duratos
475 2048 591 2079 Ambr.
610 2059 660 2088 pr.
676 2048 798 2080 Sehed.
815 2047 907 2079 Gud.
944 2047 1054 2077 Dilata
1077 2046 1206 2076 Bonon.
1230 2045 1345 2075 duceni
1371 2044 1485 2075 Ambr.
1505 2054 1574 2076 sec.

113 2090 177 2120 inc.
196 2091 312 2121 Heius.
339 2090 484 2130 differret
504 2091 589 2131 Reg.
627 2092 760 2122 nutriret
786 2091 837 2121 vel
859 2089 1001 2130 differret
1018 2090 1131 2119 Oxou.
1156 2090 1333 2118 sec.—259
1353 2087 1497 2125 gmeris:
1521 2087 1575 2118 hic

113 2132 240 2163 τελείαν
251 2133 385 2171 στιγμὴν
401 2134 526 2164 habeut
544 2135 691 2164 Fioreut.
708 2134 800 2164 Med.
818 2143 867 2172 pr.
885 2134 962 2163 Put.
978 2132 1106 2162 Mazar.
1121 2130 1186 2160 duo
1205 2130 1328 2160 Petav.
1341 2130 1437 2159 ambo
1450 2130 1574 2162 Moret.

114 2178 221 2206 —260
246 2176 330 2210 Quid
354 2175 476 2205 tribuas
503 2175 609 2206 Oisel.
641 2177 680 2206 ad
703 2177 766 2206 hav
795 2177 874 2206 Vat.
899 2184 966 2205 sec.
994 2174 1105 2204 Ursin.
1135 2173 1324 2203 Com—261
1349 2181 1472 2209 egressa
1496 2172 1576 2204 Pat.

114 2218 242 2249 Moret.
265 2227 315 2257 pr.
343 2219 411 2248 veui
438 2218 488 2247 vel
514 2219 580 2248 redi
610 2218 720 2248 Oxou.
743 2228 810 2249 sce.
840 2217 958 2247 subesse
982 2216 1036 2246 vel
1051 2215 1165 2245 subisse
1186 2215 1265 2244 vat.
1290 2219 1399 2254 quart.
1426 2213 1574 2246 Florent.

113 2263 218 2291 —263
257 2260 455 2300 Principibus
488 2270 596 2300 regum
631 2261 890 2291 Florem—264
912 2259 1055 2299 proprior
1078 2257 1131 2288 vel
1158 2257 1284 2297 propior
1307 2257 1419 2287 Oxou.
1446 2265 1495 2296 pr.
1521 2257 1574 2297 qui

772 2332 916 2365 NOTAE

112 2398 239 2439 largam
257 2402 293 2429 et
304 2398 476 2438 copiosam
493 2399 673 2430 multorum
685 2399 814 2430 dierum
870 2396 931 2428 tibi
947 2405 1122 2428 commune
1146 2405 1222 2426 cum
1239 2393 1403 2432 Honorio,
1421 2397 1456 2424 et
1473 2403 1572 2435 prop-

112 2448 222 2479 lucem
238 2449 399 2480 hauserit.
868 2452 922 2478 ter
937 2446 1222 2488 pulchritudinem
1241 2451 1341 2474 tuam.

154 2500 216 2529 257
239 2498 405 2538 Paterere]
437 2499 491 2530 Nc
507 2499 693 2530 sustineres
712 2504 746 2530 te
763 2509 814 2530 re·
912 2498 1067 2529 Diadema
1083 2494 1216 2534 resume]
1242 2494 1339 2525 Quod
1351 2495 1431 2534 jure
1449 2504 1571 2534 cogna-

112 2557 250 2579 manere
262 2548 391 2579 diutius
408 2549 440 2579 iu
457 2549 592 2589 privata
613 2548 724 2586 domo,
738 2559 813 2590 quae
869 2547 972 2578 tionis
985 2557 1061 2578 cum
1074 2545 1260 2577 Theodosio
1274 2545 1397 2575 habere
1408 2544 1570 2575 debebas.

114 2601 150 2628 te
166 2597 306 2638 indigna
321 2603 406 2630 erat.
910 2599 971 2627 261
996 2597 1117 2627 Par-ens
1140 2594 1317 2635 progressa]
1350 2594 1421 2624 Tua
1442 2594 1568 2633 quippe

155 2649 219 2677 259
242 2648 427 2689 Fortunam]
440 2650 566 2680 Fruere
576 2648 743 2680 felicitate
757 2659 813 2689 ge·
867 2651 977 2677 mater
994 2646 1147 2686 agnoscit
1164 2653 1260 2674 avum
1276 2643 1501 2674 Theodosium
1517 2653 1568 2674 se·

113 2696 204 2728 neris
233 2697 295 2736 tui,
311 2698 375 2729 hoc
392 2704 458 2738 est,
484 2703 629 2739 augusta
644 2699 812 2739 dignitate
867 2697 1007 2738 uiorem,
1019 2696 1115 2737 cujus
1128 2704 1232 2735 nepos
1243 2697 1296 2725 est
1308 2692 1489 2725 Honorius.

115 2757 189 2790 qua:
219 2747 283 2780 tibi
309 2747 465 2790 debetur,
486 2754 522 2781 et
548 2753 690 2791 propter
706 2757 812 2790 genus
