1857 3177
576 199 638 229 DE
672 199 746 230 111.
778 199 915 229 CONS.
948 199 1135 229 HONOR.

131 292 269 334 Dives
291 291 550 346 Hydaspeis
571 297 779 346 augescat
805 305 996 347 purpura
1015 293 1212 346 gemmis.

131 358 383 400 Succedant
405 359 537 400 armis
559 362 719 402 trabcae
740 375 748 401 :
780 363 959 402 tentoria
980 361 1109 401 lictor
1553 365 1580 404 5

128 426 325 477 Ambiat‚
347 431 387 467 et
408 427 550 469 Latiae
571 429 749 470 redeant
769 429 823 469 ad
847 430 970 482 signa
991 442 1182 470 secures.

127 494 302 548 Tuque,
324 508 366 545 o,
388 496 461 548 qui
479 496 670 549 patrium
691 497 808 537 curis
825 497 1070 549 aequalibus
1091 497 1239 536 orbem

128 561 223 603 Eoo
245 575 346 603 cum
366 562 496 603 fratrc
515 565 643 615 regis,
660 563 848 617 procede
866 563 1069 603 secundis

128 627 336 679 mitibus,
358 630 602 683 Phoebique
622 643 767 671 novos
784 629 925 670 ordire
941 634 1124 679 meatus,

123 752 222 779 testes
239 748 431 779 Gabinorum
444 749 649 790 amplificetur
662 749 778 789 lapillis
792 749 970 789 Hydaspeis
982 760 994 786 ;
1016 753 1196 780 ornamenta
1210 749 1296 789 pacis
1310 749 1581 789 sequmzturbeHm

123 791 216 821 lictor
231 791 397 822 circumdet
415 791 621 827 tabernacula,
636 795 665 821 el
682 801 800 823 secures
816 793 964 822 Romame
984 795 1181 822 revertuntur
1195 794 1235 822 tul
1258 793 1382 822 vexillo.
1434 792 1474 822 Ec
1496 796 1541 829 lu,
1564 804 1580 822 ο

125 833 272 870 Honori,
287 835 339 873 qui
356 833 510 872 gubernus
532 835 675 864 mundum
699 837 862 874 palernum
885 845 952 864 cum
971 834 1079 872 srulre
1099 835 1174 873 Eoo,
1190 835 1273 865 curis
1297 834 1460 874 similibus,
1475 835 1579 873 ingre-

122 876 321 913 deresaustis
336 876 455 915 avibus,
471 879 500 906 et
513 876 615 916 incipe
631 886 735 907 cursus
751 886 842 907 novos
858 876 940 907 Solis
952 888 964 915 ;
983 882 1029 918 tu,
1040 877 1094 918 qui
1112 887 1147 908 es
1163 887 1232 918 spes
1243 881 1274 909 et
1283 877 1471 908 desiderium
1489 878 1578 917 Caeli,

735 960 966 972 eeeeeeeeeee

122 1013 340 1046 Coti-Rheni.
365 1015 498 1046 Sabinos
512 1016 612 1047 Faru.
628 1016 706 1048 Pat.
731 1015 796 1048 inc.
815 1015 995 1047 Heius—4
1019 1017 1150 1047 lucescat
1179 1016 1304 1047 Movet.
1331 1025 1399 1047 sec.
1432 1018 1577 1054 augescat

121 1057 175 1088 vel
191 1058 322 1089 lucescat
338 1059 419 1099 Reg.
436 1058 562 1090 Moret.
580 1068 630 1099 pr.
647 1059 714 1089 duo
731 1058 843 1089 Oxon.
868 1059 999 1089 lucescat
1014 1059 1065 1088 vel
1085 1058 1244 1097 fulgescat
1261 1059 1454 1098 conjecerat
1471 1059 1578 1089 Hein-

122 1100 204 1141 sius,
218 1102 276 1131 sed
294 1107 414 1140 postea
430 1102 681 1132 deleverat.——5
705 1101 788 1131 ritus
805 1110 865 1140 pro
882 1100 1184 1131 t1·‹1beae()isel.—6
1206 1102 1286 1131 lceta’
1309 1102 1361 1131 vel
1379 1101 1483 1131 Loliae
1497 1101 1576 1132 Jun.

122 1151 188 1175 sec.
225 1144 330 1174 clariae
348 1145 398 1174 vel
415 1144 519 1174 Latioe
532 1144 645 1174 Oxon.
663 1152 713 1183 pr.
750 1144 823 1173 lutoe
837 1142 949 1174 Oxou.
976 1143 1074 1180 juctre
1085 1143 1179 1174 Leid.
1211 1145 1250 1173 nd
1266 1144 1347 1173 dura
1363 1144 1487 1174 Moret.
1504 1153 1574 1173 sec.

120 1187 182 1215 -7
210 1185 256 1216 Tu
268 1196 384 1226 quoque
399 1187 527 1217 Moret,
552 1195 602 1227 pr.
620 1187 699 1218 Juu.
725 1195 775 1225 pr.
793 1185 907 1216 exon.
942 1189 1066 1226 patrum
1093 1185 1157 1215 duo
1184 1185 1276 1216 Med.
1306 1185 1433 1216 Latium
1468 1194 1574 1225 marg.

120 1227 309 1266 magn—8
325 1229 413 1268 geris
425 1229 518 1260 Med.
531 1231 674 1259 tert—9
697 1227 856 1268 Auspiciis
869 1227 940 1258 Pal.
955 1228 1049 1259 Med.
1067 1231 1205 1267 piu—10
1230 1229 1323 1267 Spem
1336 1228 1471 1260 Tholas.
1487 1227 1566 1258 Jun.

119 1279 171 1310 pr.
186 1269 262 1310 Spes
275 1271 327 1301 vel
345 1272 436 1310 Spem
452 1272 536 1310 ch.
554 1271 666 1301 Oxon.
683 1280 734 1310 pr.
750 1280 841 1310 quam
854 1269 949 1300 Med.
964 1274 1043 1300 tert.
1065 1271 1213 1310 primaevo
1228 1271 1361 1301 Tholos.
1375 1279 1461 1309 quem
1473 1271 1573 1309 primo

120 1312 171 1342 vel
184 1314 332 1353 prima’vo
348 1313 433 1353 Reg.
469 1313 569 1344 limite
581 1314 660 1345 Vat.
675 1322 725 1353 pr.
741 1312 807 1343 duo
823 1312 918 1342 Med.
956 1313 1069 1343 lumine
1092 1312 1170 1344 Pat.
1192 1311 1274 1345 Jun.
1301 1322 1352 1352 pr.
1381 1312 1492 1352 primae
1523 1312 1574 1342 vel

773 1407 918 1440 NOTAE

119 1484 248 1516 Consul
265 1484 417 1525 praeerit.

162 1534 290 1565 Cinctus
305 1533 456 1574 Gabinos]
498 1534 620 1566 Vestes
637 1533 819 1574 longiores,

115 1583 241 1614 similes
271 1584 323 1624 iis,
346 1584 466 1625 quibus
493 1584 678 1616 utebantur
693 1583 818 1615 Gabini

117 1634 234 1675 populi
250 1635 463 1675 Volscorum,
487 1635 521 1666 in
546 1635 668 1667 Italia:
693 1635 750 1676 qui
775 1634 818 1665 ab

114 1684 212 1717 hoste
227 1685 444 1726 deprehensi,
460 1696 651 1728 quanquam
673 1687 736 1718 hoc
763 1687 820 1718 lia-

115 1736 189 1768 bitu
227 1737 457 1778 cingerentur,
491 1737 665 1769 victoriam
705 1741 818 1768 tamen

116 1787 329 1825 retulerunt;
353 1791 388 1818 ct
404 1787 480 1818 ideo
504 1787 538 1818 in
564 1787 665 1818 rebus
681 1787 818 1819 urbanis

114 1837 286 1878 sacrisque
302 1837 365 1868 hoc
381 1837 497 1868 cinctu
514 1838 563 1868 usi
582 1842 671 1869 sunt.

158 1889 178 1918 4
224 1888 403 1928 Hydaspeis
433 1887 579 1927 gemmis]
624 1888 818 1929 Hydaspes,

115 1936 205 1968 unde
214 1937 410 1978 Hydaspeas,
421 1943 475 1969 est
486 1937 606 1969 fluvius
620 1938 710 1970 Asiae
726 1948 817 1979 gem·

114 1995 177 2016 mis
193 1987 401 2018 notissimus.

157 2035 323 2076 Purpura]
364 2037 523 2077 Purpura
537 2037 669 2077 Regum
686 2038 764 2068 olim
781 2042 816 2069 et

115 2086 297 2117 Consulum
313 2087 449 2118 solenne
467 2087 712 2119 indumentum.

159 2136 258 2167 Dices
271 2140 417 2175 augescat
438 2147 578 2177 purpura
589 2139 735 2180 gemnis]
774 2138 814 2169 Id

114 2191 179 2226 est,
194 2196 345 2227 purpura
361 2193 540 2227 augeatur,
554 2187 697 2228 ditetur,
713 2194 815 2230 atque

113 2242 297 2270 exornetur
311 2237 440 2269 divitiis
458 2248 677 2278 gemmarum.

155 2292 173 2319 5
199 2288 340 2329 Trabeoe]
385 2289 522 2320 Trabea
539 2289 641 2320 vestis
657 2289 734 2320 olim
745 2288 814 2320 Au-

112 2348 245 2379 gurum,
277 2340 420 2379 Regum,
449 2344 484 2370 et
515 2340 698 2371 Consulum
714 2351 721 2371 :
760 2341 814 2372 ln'c

91 2388 257 2421 'sumitur
280 2400 342 2431 pro
359 2391 566 2422 Consulatu:
591 2390 723 2431 signum
752 2400 813 2431 pro

111 2449 148 2471 re
176 2441 320 2481 signata,
345 2441 610 2482 Metonymicffis.
646 2442 733 2473 Nam
749 2452 813 2473 suc-

110 2491 222 2522 cedant
236 2491 333 2521 armis
349 2491 475 2530 trubeoe,
500 2491 534 2521 id
552 2496 616 2531 est,
641 2497 718 2532 post
747 2492 812 2522 bel-

111 2541 175 2573 lica
189 2542 284 2574 facta
302 2543 443 2573 llonorii
470 2543 634 2574 succedat
651 2544 811 2574 Consula-

112 2594 180 2631 tus,
196 2597 233 2623 et
248 2593 454 2633 Respublica
470 2593 543 2633 ejus
571 2594 672 2624 armis
694 2594 811 2624 defen-

113 2649 161 2679 sa,
175 2641 326 2681 ejusdem
344 2644 521 2675 Consulari
538 2645 743 2676 auctoritate
759 2655 810 2676 re-

114 2695 226 2731 gatur.

159 2740 305 2773 Tentoria
330 2742 420 2775 lictor
449 2744 582 2784 ambiat]
625 2745 678 2779 Ex
716 2753 810 2776 more

873 1486 1029 1514 veterum
1047 1482 1242 1520 Consulum,
1256 1480 1311 1522 qui
1328 1480 1383 1511 vel
1409 1480 1499 1511 inter
1526 1480 1576 1521 ip-

873 1543 925 1564 sas
939 1532 1188 1574 expeditiones,
1201 1531 1402 1563 Consularia
1416 1531 1574 1572 insignia,

872 1583 993 1624 fasces,
1020 1588 1056 1616 et
1084 1593 1220 1615 secures
1251 1593 1270 1614 a
1294 1582 1416 1614 lictore
1446 1582 1572 1623 gestari

871 1635 1043 1667 volebant.

915 1689 935 1717 6
958 1686 1060 1717 Latioe
1071 1686 1198 1717 redeant
1210 1685 1249 1715 ad
1261 1683 1352 1723 signa
1366 1680 1501 1721 secures]
1524 1681 1573 1712 Ut

870 1737 950 1768 olim
987 1736 1103 1777 etiam,
1131 1745 1266 1767 secures
1306 1735 1480 1772 Romanae,
1514 1743 1573 1764 seu

871 1787 1090 1825 Consulares,
1121 1786 1274 1817 ferantur
1303 1785 1345 1817 ad
1378 1784 1486 1825 signa,
1513 1793 1573 1814 seu

871 1842 994 1877 castra,
1010 1838 1042 1867 in
1059 1837 1178 1878 quibus
1195 1837 1317 1866 ‹lantur
1328 1835 1424 1874 signa
1435 1843 1571 1875 pugnae.

872 1889 1031 1920 Ceterum
1046 1888 1168 1927 fasces,
1185 1887 1324 1925 trabeae,
1348 1886 1497 1924 curules,
1523 1891 1572 1916 se-

872 1950 984 1979 cures,
1015 1944 1094 1970 sunt
1124 1939 1268 1979 insignia
1297 1937 1514 1975 Consulatus,
1535 1940 1571 1966 et

872 2001 962 2031 saepe
988 1986 1164 2031 ponuntur*
1184 1999 1244 2030 pro
1270 1989 1342 2028 ipso
1369 1987 1570 2025 Consulatu,

872 2040 1135 2080 Metonymicdis.

912 2094 931 2121 7
969 2091 1110 2122 Patrium
1126 2089 1242 2129 orbem]
1275 2088 1414 2127 Orbem,
1429 2097 1489 2119 seu
1503 2087 1568 2118 Im-

870 2141 1001 2182 perium
1017 2147 1197 2180 terrarum,
1223 2149 1242 2170 a
1266 2144 1365 2180 patre
1380 2137 1566 2169 Theodosio

869 2192 1038 2223 relictum.

912 2246 931 2272 8
957 2242 1038 2282 Eoo]
1080 2241 1168 2279 Ἠὼς,
1186 2240 1238 2271 vel
1254 2237 1320 2278 ἕως,
1334 2240 1468 2278 Aurora,
1490 2237 1565 2269 indo

871 2293 966 2333 Eous,
987 2292 1188 2330 matutinus,
1204 2290 1246 2321 ad
1264 2290 1441 2321 Orientem
1465 2289 1566 2329 perti-

869 2352 973 2373 nens:
1000 2343 1066 2372 Eoo
1094 2351 1162 2371 cum
1186 2340 1304 2378 fratre,
1334 2338 1367 2368 id
1398 2343 1462 2377 est,
1491 2348 1566 2369 cum

868 2391 975 2423 fratre
991 2390 1152 2429 Arcadio,
1179 2389 1236 2430 qui
1263 2388 1478 2419 administrat
1503 2387 1569 2418 Im-

868 2442 997 2482 perium
1020 2440 1183 2472 Orientis.

910 2492 1061 2524 Secundis
1089 2489 1229 2529 alitibus]
1276 2488 1407 2519 Faustis
1438 2487 1560 2525 avibus,

866 2542 1025 2574 feliciter.

909 2595 930 2622 9
955 2592 1121 2632 Plioebique
1137 2599 1226 2621 noros
1240 2588 1343 2619 ordire
1355 2586 1487 2627 meatus]
1508 2587 1559 2618 In·

866 2643 943 2683 cipe
959 2652 1080 2672 novum
1099 2649 1231 2671 cursum
1248 2638 1342 2676 Solis,
1356 2637 1426 2667 sive
1441 2646 1559 2667 novun.

867 2702 1004 2734 anuum,
1020 2692 1073 2724 cui
1090 2699 1210 2722 nomeu
1227 2688 1388 2721 Consules
1404 2686 1542 2718 dabant.
