1852 3193
213 205 298 246 382
695 213 769 244 ci„
803 208 1086 242 CLAUmANI
1121 208 1203 239 xv.

213 310 275 352 At
296 315 439 364 pater,
462 310 692 350 intrantem
714 307 902 348 Pontum
923 317 1014 358 qua
1034 303 1270 357 Bosporos
1293 307 1449 352 arctat,
1586 302 1676 346 225

213 377 397 419 Arcadii
420 376 639 425 thalamis,
660 374 849 426 urbique
872 372 1059 426 illapsus
1081 372 1205 413 Eoae.

215 445 358 496 Quem
379 445 510 485 simul
532 448 580 483 ut
601 441 716 482 vidit
736 444 866 481 natus
887 438 1010 495 (nam
1031 440 1155 481 clara
1173 440 1342 481 nitebat

215 510 430 566 Cynthia)
452 510 671 565 permixto
694 512 966 549 tremuerunt
987 507 1145 560 gaudia
1165 508 1284 558 fletu,

216 581 550 634 Complexuque
569 578 741 627 fovens,
765 589 876 631 quos
895 590 979 618 non
1001 580 1270 629 speraverat,
1292 579 1426 627 artus,

215 648 254 688 O
276 647 383 688 mihi
405 652 510 701 post
531 645 675 699 Alpes
693 657 808 686 nunc
830 645 1018 698 primum
1041 643 1223 694 reddite,
1246 643 1372 694 dixit,

213 714 342 756 Unde
360 715 449 756 tuis
470 718 650 768 optatus
671 713 807 754 ades?
840 712 898 753 da
920 716 1096 766 tangere
1120 711 1337 762 dextram,

214 782 318 833 Qua
338 786 487 836 gentes
511 781 710 823 cecidere
730 780 851 823 ferae.
914 780 1031 832 Quis
1052 780 1140 822 tale
1159 781 1347 822 removit

215 849 480 890 Praesidium
502 850 624 889 terris
641 850 659 889 ‘l
691 851 738 889 ut
759 852 799 889 te
819 849 1019 889 mortalia
1039 848 1209 902 pridem

214 917 475 970 Implorant,
495 917 729 969 lugentque
751 916 891 969 pium,
908 915 1151 968 fortemque
1173 916 1400 970 requirunt
1418 916 1427 956 !

1592 643 1678 686 2:30

213 1031 321 1063 Italiae
333 1042 343 1062 .-
364 1033 417 1062 sed
430 1034 533 1071 pater,
548 1042 608 1072 qim
632 1036 731 1071 parte
758 1032 915 1071 Bosporus
929 1029 1090 1061 Thracius
1106 1033 1256 1069 angustat
1272 1040 1357 1060 mare
1371 1030 1550 1069 ingrediens
1565 1032 1688 1063 descen-

213 1076 260 1105 dit
278 1074 311 1104 in
327 1074 498 1104 cubiculum
512 1074 654 1111 Arcadii,
668 1077 697 1103 et
713 1074 745 1103 in
761 1073 866 1104 urbem
885 1073 1037 1103 Orientis.
1086 1073 1186 1108 Quem
1205 1074 1316 1103 statim
1337 1076 1429 1113 atque
1444 1073 1537 1114 filius
1561 1076 1686 1114 aspexit

213 1117 349 1155 (etenim
364 1117 437 1146 luna
451 1117 552 1146 nitida
569 1116 724 1154 micabat)
753 1116 868 1146 laetitia
890 1116 956 1154 ejus
976 1115 1098 1146 horruit
1115 1114 1218 1145 mistis
1233 1115 1391 1155 lacrymis,
1416 1119 1446 1146 et
1471 1117 1688 1156 constringens

212 1159 358 1198 amplexu
371 1168 490 1199 corpus,
505 1160 584 1199 quod
599 1169 658 1189 non
681 1161 909 1199 expectacerat,
934 1158 991 1197 ait,
1019 1160 1049 1188 Ο
1068 1158 1190 1189 rediens
1216 1157 1259 1188 ad
1284 1168 1332 1188 me
1355 1168 1435 1189 nunc
1458 1159 1593 1199 primum
1617 1162 1687 1199 post

212 1203 321 1241 Alpes,
345 1203 425 1233 unde
442 1202 526 1232 venis
549 1205 708 1242 expetztus
724 1212 743 1232 a
759 1202 822 1232 tuis
837 1201 937 1232 filiis?
958 1201 1104 1241 permitte
1119 1202 1300 1240 contingere
1315 1211 1450 1239 manum,
1465 1211 1526 1242 qua
1546 1201 1689 1233 barbaro?

212 1245 353 1275 nationes
364 1255 515 1285 oppressae
530 1248 614 1275 sunt.
664 1245 742 1280 Quis
757 1245 872 1275 avertit
900 1249 935 1275 te
960 1247 1081 1275 tantum
1108 1245 1244 1274 columen
1271 1254 1290 1274 a
1312 1242 1433 1275 terris?
1474 1245 1629 1280 Quomodo
1656 1248 1688 1276 te

212 1288 366 1319 homines
382 1289 525 1320 mortales
538 1289 680 1319 invocant
687 1288 883 1328 jamdudum,
906 1291 936 1318 et
960 1286 1074 1328 deflent
1093 1293 1129 1318 ut
1143 1287 1332 1327 clementem,
1345 1290 1374 1318 et
1391 1287 1567 1319 desiderant
1582 1292 1619 1319 ut
1632 1297 1688 1327 ge-

834 1371 1067 1383 eeeeeeeeeeee

216 1435 281 1468 dno
298 1437 392 1469 Vatt.
409 1437 534 1469 Moret.
552 1441 726 1470 seo—225
750 1439 883 1470 intravit
907 1442 1031 1480 partem
1054 1439 1182 1470 Thuan.
1209 1438 1363 1470 intratum
1380 1438 1476 1470 Leid.
1494 1448 1545 1480 pr.
1560 1448 1602 1470 m.
1620 1447 1688 1469 sec.

210 1483 339 1519 pontum
354 1481 434 1512 Vat.
451 1481 558 1512 Livin.
579 1485 702 1521 portum
720 1482 818 1514 Leid.
841 1492 889 1522 pr.
906 1493 981 1514 cum
999 1482 1119 1523 viginti
1135 1482 1285 1523 quinque
1307 1483 1394 1522 aliis,
1410 1482 1493 1513 item
1511 1481 1590 1513 ΑΜ.
1608 1482 1690 1512 Lov.

215 1528 251 1555 et
268 1524 380 1555 Oxon.
397 1523 473 1555 duo.
496 1527 624 1564 pontum
640 1526 692 1556 vel
707 1529 830 1565 portum
843 1526 966 1557 Petav.
982 1535 1032 1566 pr.
1049 1526 1200 1556 Florent.
1218 1525 1349 1557 Mazar.
1366 1526 1525 1566 Bosporos
1540 1525 1620 1556 Vat.
1639 1534 1690 1564 pr.

215 1566 300 1597 Exc.
317 1567 418 1597 Laeti.
442 1567 601 1607 Bosporus
618 1568 724 1600 Gesn.
740 1573 775 1600 et
790 1569 844 1600 ed.
863 1569 1003 1609 Bipont.
1029 1569 1133 1600 hostat
1151 1568 1246 1599 Med.
1265 1578 1333 1600 sec.
1358 1579 1399 1599 m.
1418 1570 1580 1609 {sn-226
1602 1568 1693 1607 illap-

215 1618 268 1638 sus
282 1609 362 1639 Vat.
380 1609 491 1640 Livin.
515 1612 652 1650 inlapsus
668 1612 747 1642 Vat.
764 1622 816 1651 pr.
840 1613 962 1652 elapsus
975 1611 1168 1643 octodecim
1193 1611 1325 1651 scripti,
1349 1611 1430 1642 ΑΜ.
1448 1615 1484 1642 et
1501 1610 1556 1642 ed.
1574 1610 1689 1641 Vicet.

215 1651 286 1682 urbi
300 1652 441 1692 delapsus
456 1653 552 1683 Med.
569 1657 747 1684 δρα-227
770 1654 864 1684 simul
880 1658 911 1685 ut
931 1655 1011 1685 Vat.
1030 1655 1138 1695 quint.
1157 1654 1231 1684 Pal.
1257 1654 1357 1685 Farn.
1382 1655 1477 1684 nott.
1495 1653 1550 1684 ed.
1575 1653 1691 1684 Parni.

215 1698 334 1725 suusut
351 1695 436 1726 Exc.
455 1695 540 1726 Cod.
560 1695 683 1726 Rhem.
705 1697 750 1726 sic
766 1701 799 1727 ut
814 1697 894 1727 Vat.
912 1706 964 1736 pr.
983 1701 1018 1727 et
1036 1701 1114 1727 tert.
1131 1696 1220 1727 Prie.
1235 1696 1342 1728 Oisel.
1356 1697 1485 1727 Mazar.
1501 1697 1577 1726 Pat.
1599 1695 1692 1726 simul

215 1747 252 1767 ac
268 1737 363 1768 Med.
382 1738 590 1778 q11a1·t.Vet.
604 1738 689 1779 Gyr.
708 1739 792 1769 Lov.
812 1749 854 1770 m.
882 1749 950 1770 sec.
969 1740 1047 1770 Put.
1073 1738 1170 1769 Leid.
1197 1748 1249 1778 pr.
1277 1738 1388 1769 Oxon.
1415 1749 1466 1779 pr.
1485 1739 1652 1769 Var.·LL.
1671 1747 1691 1768 e

215 1788 321 1820 marg.
340 1780 454 1811 Parm.
473 1781 579 1812 Gesn.
592 1786 627 1812 et
644 1782 699 1811 ed.
719 1782 858 1821 Bipont.
884 1783 954 1820 jam
978 1783 1062 1812 clara
1090 1781 1171 1813 Var.
1197 1782 1264 1811 LL.
1282 1781 1334 1812 ed.
1350 1781 1566 1812 Amv.-—-228
1588 1784 1693 1812 tenue-

215 1826 288 1853 runt
305 1823 399 1853 Med.
424 1826 648 1863 quarn—229
673 1825 904 1864 Conspecluque
931 1825 1130 1865 conjecerat
1154 1823 1438 1854 Heinsius—230
1461 1828 1533 1854 tunc
1554 1825 1691 1864 primum

216 1865 296 1895 Vat.
313 1870 394 1896 tert.
420 1875 472 1895 nec
485 1866 622 1905 primum
641 1866 693 1896 ed.
712 1867 823 1897 Vicet.
861 1867 996 1907 primum
1024 1868 1075 1897 vel
1099 1867 1221 1906 pridem
1250 1866 1435 1897 Fun-*231
1453 1866 1588 1906 jungere
1610 1867 1691 1898 Vat.

218 1911 299 1940 tert.
315 1908 391 1939 Pal.
410 1909 653 1940 'stiuam—232
678 1913 812 1941 remotus
826 1910 977 1941 Florent.
995 1920 1038 1941 m.
1056 1912 1217 1951 pin—234
1242 1909 1406 1950 implorent
1434 1909 1511 1941 Pat.
1544 1910 1692 1950 longeque

887 2021 1027 2054 NOTAE

215 2101 328 2133 culum
355 2101 444 2132 lunae
472 2111 544 2132 esse
562 2102 695 2143 superis
721 2103 763 2133 ad
791 2113 851 2134 nos
868 2114 924 2134 ve-

215 2151 389 2181 nientibus
417 2152 541 2182 ostium
570 2152 745 2184 ultimum:
772 2154 833 2185 sub
857 2164 923 2195 quo

216 2201 344 2232 circulo
357 2201 469 2240 posita
481 2207 560 2232 sunt
569 2211 610 2232 ea
623 2204 745 2243 onmia,
758 2214 832 2245 quae
845 2210 925 2236 sunt

215 2250 318 2281 morti
334 2250 492 2282 obnoxia.

258 2303 319 2332 225
345 2301 460 2341 Pater]
483 2301 693 2333 Theodosius
707 2307 806 2343 pater
819 2302 924 2334 Arca-

215 2351 264 2383 dii
281 2357 317 2383 et
331 2352 492 2383 Honorii.

258 2403 429 2443 Bosporos]
458 2403 620 2435 Thracius
635 2415 643 2443 ;
677 2404 719 2435 ad
744 2414 844 2445 quem
872 2409 925 2436 est

215 2453 296 2484 urbs
313 2454 642 2495 Constantinopolis,
666 2455 724 2486 nbi
741 2456 839 2487 sedes
858 2456 925 2487 Ini-

214 2504 302 2545 perii
320 2504 401 2541 Εοί;
424 2505 458 2535 id
473 2512 539 2545 est,
555 2505 720 2546 Orientis,
737 2517 795 2537 seu
813 2506 923 2537 Auro-

215 2564 275 2585 rae.
291 2552 372 2586 Ἕως
398 2561 433 2586 et
454 2556 542 2593 Ἠὼς,
566 2556 701 2587 Aurora.
748 2557 922 2597 Bosporus

214 2604 341 2637 dicitur
358 2607 455 2647 quasi
480 2606 555 2642 βοὸς
577 2606 682 2648 πόρος,
706 2609 859 2639 transitus
873 2608 922 2639 bo-

212 2656 282 2692 vis;
305 2656 383 2696 quia
401 2666 493 2687 mare
510 2658 557 2688 ibi
575 2663 642 2689 tam
661 2663 840 2698 angustum
857 2663 924 2699 est,

215 2711 253 2738 ut
271 2707 330 2737 bos
346 2707 407 2738 hac
421 2708 565 2739 transire
580 2715 695 2750 queat.

980 2102 1058 2134 Deii
1074 2103 1196 2143 insula,
1213 2103 1269 2134 ubi
1288 2103 1398 2135 Diana
1415 2108 1496 2135 nata
1511 2107 1588 2143 est3
1614 2114 1690 2146 quae

981 2154 1093 2185 Diana
1106 2154 1223 2185 eadem
1241 2160 1292 2185 est
1309 2164 1347 2184 ac
1365 2155 1472 2186 Luna.

1025 2205 1228 2235 Tremuerunt
1249 2205 1383 2244 gandia]
1420 2204 1588 2235 Arcadius
1616 2204 1690 2244 ipse

980 2254 1131 2295 gaudens
1150 2256 1293 2286 tremuit
1310 2255 1353 2286 ob
1371 2255 1476 2286 visum
1497 2265 1539 2286 ex
1563 2255 1690 2296 impro-

980 2306 1053 2336 viso
1081 2310 1225 2346 patrem,
1248 2316 1347 2347 quein
1377 2316 1445 2337 non
1470 2305 1631 2347 sperabat
1653 2315 1690 2337 se

981 2357 1142 2387 visurum.

1023 2409 1086 2438 2⁶29
1108 2406 1223 2447 Artas]
1247 2407 1324 2438 Non
1343 2411 1449 2446 artus,
1466 2416 1548 2447 quos
1563 2404 1689 2436 mortui

980 2467 1045 2488 non
1062 2457 1202 2497 habent,
1224 2458 1284 2488 sed
1300 2459 1416 2488 nescio
1439 2466 1537 2498 quam
1551 2456 1687 2496 paterni

979 2507 1131 2547 corporis
1153 2508 1344 2547 imaginem.

1021 2560 1084 2587 230
1118 2558 1195 2587 Post
1226 2556 1336 2596 Alpes]
1375 2555 1444 2587 Ubi
1475 2556 1688 2587 Theodosius

981 2612 1077 2639 tanta
1095 2607 1240 2638 dederat
1263 2608 1400 2639 virtutis
1415 2607 1633 2648 documenta,
1650 2613 1689 2639 ut

979 2668 1081 2698 supra
1098 2658 1255 2688 diximus.

1021 2712 1084 2740 234
1120 2709 1305 2749 Fortcmqne
1331 2707 1508 2748 requirunt]
1547 2707 1603 2740 Ob
1634 2712 1687 2740 tu-

257 2759 320 2789 228
339 2759 491 2800 Cynthia]
513 2761 611 2792 Luna
623 2770 642 2791 a
655 2759 791 2801 Cyntho
805 2765 921 2791 monte
976 2759 1101 2790 multus
1118 2765 1264 2800 secutos,
1288 2769 1372 2800 quos
1399 2764 1515 2790 tamen
1531 2757 1685 2791 feliciter
