1852 3193
239 235 325 276 5242
698 248 773 277 ει.
807 246 1085 276 etiannum!
1130 246 1236 275 νιιι.

240 342 457 397 Cretaque
478 356 525 384 se
540 342 682 396 jactat
704 346 855 383 tenero
877 345 1051 394 reptata
1072 342 1257 384 Tonanti
1275 355 1283 381 z
1476 383 1478 385 ,

239 410 326 452 Sed
349 411 499 451 melior
525 411 649 459 Delo,
675 410 862 450 Dictaeis
885 410 1041 450 clarior
1061 410 1166 459 oris,
1620 412 1703 453 135

239 477 354 528 Quae
377 478 499 519 dedit
519 479 599 519 hoc
625 477 799 517 Numen
820 477 953 529 regio.
1016 476 1121 517 Non
1141 477 1290 519 littora
1309 482 1458 519 nostro

239 545 497 586 Sufficerent
516 549 702 597 angusta
723 545 847 586 Deo:
885 557 964 584 nec
986 543 1213 598 inhospita
1234 545 1395 600 Cynthi

238 613 361 654 Saxa
382 619 480 654 tuos
500 618 620 653 artus
642 613 750 654 duro
774 614 927 654 laesere
952 613 1099 653 cubili.

236 679 434 721 Acclinis
456 682 648 733 genetrix
668 694 791 730 auro,
815 681 1071 722 circumflua
1092 682 1292 734 gemmis,

236 746 292 788 In
311 748 470 800 Tyrios
492 750 623 789 enixa
644 754 776 790 toros.
840 748 1027 790 Ululata
1047 750 1248 791 verendis
1621 749 1703 791 140

237 813 357 855 Aula
378 817 633 870 puerperiis.
695 816 810 866 Quae
831 821 934 858 tunc
959 818 1225 858 documenta
1244 817 1405 859 futuri?

236 880 352 932 Quae
376 896 507 923 voces
528 885 690 933 avium,
712 885 861 937 quanti
882 898 958 938 per
978 886 1106 926 inane
1128 886 1339 926 volatus?

232 1020 287 1051 m‘a
303 1020 441 1050 constitit
458 1019 625 1050 nativitate
641 1020 817 1058 Apollinis,·
839 1023 869 1050 et
899 1021 995 1050 Creta
1016 1020 1047 1050 in
1065 1030 1129 1060 qna
1143 1022 1270 1059 Jupiter
1292 1020 1396 1059 infans
1409 1021 1519 1062 repsit,
1531 1021 1702 1060 gloriatur.

232 1065 280 1093 At
311 1066 408 1099 terra,
424 1072 490 1101 quse
504 1062 625 1101 peperit
642 1062 830 1091 Honoriuin
847 1062 987 1092 divinum
1007 1063 1207 1101 proestantior
1224 1067 1276 1092 est
1300 1064 1390 1101 Delo,
1405 1067 1436 1094 et
1451 1064 1582 1095 nobilior
1598 1064 1702 1095 insula

235 1105 341 1134 Creta.
359 1105 464 1133 Parva
479 1104 585 1134 littora
600 1114 659 1133 non
674 1103 891 1140 satisfacerent
909 1104 1042 1134 Numim'
1059 1107 1173 1142 nostro,
1190 1114 1285 1144 neque
1300 1115 1392 1144 rupes
1406 1106 1567 1137 inaccessoe
1585 1107 1702 1147 cynthi

231 1146 429 1186 offenderunt
445 1149 533 1176 tuum
558 1155 667 1184 corpus
683 1146 716 1175 in
738 1147 814 1176 lecto
837 1156 940 1176 saxeo.
985 1146 1093 1176 Mater
1108 1146 1220 1177 cubans
1236 1148 1270 1176 in
1285 1151 1379 1178 veste
1398 1157 1491 1178 aurea
1507 1150 1700 1180 circumdata

229 1188 346 1227 lapillis
355 1189 474 1228 peperit
498 1188 531 1218 in
553 1188 648 1218 cubili
661 1197 815 1228 purpureo
827 1200 837 1219 .·
862 1189 965 1227 Regia
978 1189 1138 1228 personuit
1162 1189 1206 1219 ob
1214 1188 1343 1227 felicem
1354 1193 1490 1230 partum.
1539 1192 1617 1226 Quoe
1633 1195 1700 1222 tum

229 1231 322 1270 signa
336 1230 473 1262 fuerunt
499 1229 648 1262 venturi?
675 1231 739 1267 Qui
760 1234 868 1262 cantus
891 1233 1049 1263 volucram
1072 1232 1195 1263 erant?
1215 1233 1269 1273 qui
1293 1234 1412 1264 volatus
1423 1243 1480 1274 per
1496 1232 1624 1264 aerem?
1647 1234 1701 1275 qui

854 1326 1091 1339 eeeeeeeeeee

231 1391 332 1422 Voss.
351 1401 370 1421 a
388 1402 431 1424 m.
458 1402 508 1432 pr.
529 1392 738 1424 Tonanteinc.
757 1392 873 1425 Heius.
893 1393 1026 1424 Cretoez's
1041 1393 1137 1425 Med.
1149 1397 1258 1435 quart.
1272 1392 1366 1425 Leid.
1383 1402 1451 1424 sec.
1469 1403 1514 1423 m.
1528 1402 1594 1424 sec.
1612 1394 1698 1425 Exc.

229 1433 479 1466 Gemit—135
495 1436 586 1466 annis
603 1445 663 1475 pro
679 1437 739 1466 oris
755 1435 847 1466 Med.
861 1445 927 1467 sec.
942 1447 986 1466 m.
1001 1446 1051 1477 pr.
1067 1437 1155 1467 unde
1171 1437 1273 1467 antris
1294 1436 1383 1476 conj.
1398 1435 1627 1467 Heins.—137
1645 1447 1701 1467 au-

226 1480 322 1515 gusta
335 1477 407 1509 Pal.
419 1478 513 1510 Leid.
528 1488 593 1510 sec.
606 1479 690 1509 Exc.
706 1479 848 1510 Gevart.
858 1482 991 1518 angusta
1003 1480 1056 1510 vel
1069 1483 1202 1519 augusta
1214 1480 1297 1520 Reg.
1310 1479 1422 1510 Oxon.
1434 1481 1594 1519 piu—138
1607 1489 1700 1510 arcus

231 1519 383 1550 Florent.
401 1521 495 1552 Med.
521 1530 588 1552 sec.
626 1525 711 1552 ortus
728 1523 806 1552 Vat.
823 1528 933 1562 quart.
969 1525 1055 1553 actus
1085 1524 1163 1554 Var.
1190 1523 1258 1554 LL.
1288 1521 1345 1553 ed.
1362 1521 1468 1552 Antv.
1492 1522 1604 1552 loesura·
1619 1522 1698 1552 Vat.

228 1571 295 1593 see.
313 1563 389 1593 Pal.
413 1565 518 1594 loesere
545 1564 596 1594 vel
623 1574 759 1604 pressere
788 1565 937 1596 Florent.
961 1575 1061 1596 serere
1079 1566 1132 1595 vel
1149 1565 1264 1603 fudere
1288 1564 1464 1602 velfudere
1480 1564 1698 1595 Oisel.—139

229 1606 370 1636 Ace-linis
385 1606 505 1645 viginti
523 1606 631 1637 Codd.
651 1612 685 1637 et
698 1608 781 1638 Exc.
800 1608 944 1638 Lucens.
958 1618 1026 1638 sec.
1050 1608 1186 1639 Acclz'vis
1201 1609 1282 1640 Vat.
1300 1617 1350 1647 pr.
1367 1607 1457 1639 Prie.
1475 1608 1560 1647 Reg.
1577 1605 1697 1638 Ambr.

229 1656 282 1687 pr.
301 1657 343 1678 m.
361 1658 411 1686 pr.
430 1649 525 1679 Leid.
539 1659 606 1681 sec.
623 1649 718 1680 Med.
735 1654 844 1690 quart.
863 1651 943 1680 Alci.
969 1655 1004 1681 et
1030 1651 1144 1681 Vicet.
1165 1651 1247 1681 item
1266 1651 1350 1681 Var.
1366 1651 1432 1681 LL.
1459 1649 1513 1681 ed.
1531 1650 1635 1680 Antv.
1653 1659 1696 1680 m.

228 1699 281 1730 pr.
305 1691 427 1721 Aet-livi
442 1692 595 1722 Puhnan.
622 1692 745 1722 Acclz'm'
770 1692 866 1723 malit
891 1693 1119 1723 Barth.—14o
1146 1693 1251 1734 Tyriis
1274 1693 1352 1722 toris
1368 1692 1421 1722 ed.
1438 1692 1552 1722 Parni.
1579 1692 1695 1723 Vicet.

228 1732 327 1764 Junt.
346 1733 417 1765 Col.
441 1738 477 1764 et
494 1734 713 1766 parisienses,
747 1735 858 1775 Tyrios
873 1738 955 1766 toros
971 1736 1052 1766 Var.
1080 1735 1150 1766 LL.
1170 1745 1189 1766 e
1209 1744 1315 1774 marg.
1334 1735 1558 1765 Parim—141
1572 1734 1698 1771 suturis

228 1775 357 1807 Moret.
374 1779 551 1808 sem—142
574 1781 706 1818 quantus
721 1777 801 1809 Jun.
818 1781 980 1818 pr.—143
1007 1778 1071 1814 Qui
1086 1778 1325 1810 Rott.Th010s.
1343 1777 1397 1808 ed.
1415 1776 1699 1808 Vicet.·decursus

889 1862 1033 1893 NOTAE

228 1938 405 1975 postquam
424 1936 559 1966 Latona
574 1936 628 1968 hic
651 1937 787 1978 peperit
803 1936 934 1978 Apolli-

226 1994 304 2015 nem
331 1990 367 2016 et
394 1986 554 2025 Dianam,
583 1987 705 2028 Apollo
736 1998 809 2019 eam
840 1994 933 2020 stare

218 2034 336 2075 jussit,
352 2044 369 2064 e
386 2035 481 2075 Virg.
505 2036 513 2052 ‘
532 2036 778 2079 Immotamque
796 2039 859 2070 coli
874 2039 932 2070 de-

227 2084 290 2124 dit,
309 2090 344 2116 et
362 2091 583 2118 contemnere
598 2088 742 2120 ventos!

269 2135 366 2165 Delos
381 2136 530 2176 Latonia]
554 2137 594 2168 Id
612 2144 678 2178 est,
696 2140 835 2170 Latonae
853 2149 930 2180 par-

225 2188 264 2216 tu
281 2191 490 2216 consecrata.

270 2236 332 2265 134
358 2235 467 2274 Creta]
494 2236 607 2267 Insula
618 2238 738 2269 nobilis
754 2249 772 2270 e
790 2240 929 2279 regione

227 2283 385 2323 Graecia,
403 2285 436 2315 in
460 2296 525 2326 qua
549 2296 672 2326 parvus
692 2289 830 2328 Jupiter
846 2290 926 2319 edu-

226 2338 325 2366 catus
351 2340 414 2366 est.
460 2336 644 2377 Virgilius:
678 2338 688 2353 ‘
705 2338 810 2369 Creta
831 2339 928 2371 Jovis

225 2384 364 2424 magni‚'
381 2388 445 2416 &a

270 2438 331 2467 135
356 2436 490 2467 Dictaeis
505 2437 583 2477 oris]
620 2437 786 2469 Cretaeis:
826 2439 928 2470 Dicte

226 2491 280 2518 est
295 2497 389 2518 mons
418 2489 544 2529 Cretae,
559 2489 649 2520 unde
679 2490 781 2521 Creta
802 2490 929 2521 dicitur

225 2540 311 2568 terra
326 2538 463 2569 Dictoea.

253 2618 255 2620 .
270 2591 331 2619 137
358 2589 492 2629 Cynthi]
516 2589 583 2620 Hic
599 2594 650 2620 est
667 2599 760 2620 mons
780 2590 871 2629 Deli,
883 2590 927 2620 ad

226 2648 325 2680 quem
343 2640 470 2671 Latona
487 2640 630 2680 palmam
645 2641 804 2680 amplexa
823 2650 926 2681 pepe-

226 2690 272 2720 rit
286 2688 489 2730 Apollinem.

270 2742 331 2770 138
346 2740 483 2781 Laesere]
496 2742 545 2772 Ut
561 2742 674 2773 laesnm
691 2750 812 2782 corpus
822 2740 927 2782 Apol-

226 2787 303 2820 linis
320 2789 404 2821 editi
419 2800 526 2833 prope
542 2791 680 2824 arbores
694 2795 731 2824 et
746 2801 839 2823 saxa.

1031 1940 1094 1969 139
1119 1937 1323 1978 Circumflua]
1346 1936 1534 1968 Abundans
1551 1936 1693 1977 gemmis

987 1989 1080 2019 velut
1097 1989 1245 2029 undique
1263 1987 1489 2019 affluentibus

1030 2041 1091 2069 140
1116 2039 1155 2069 In
1174 2038 1283 2078 Tyrios
1298 2037 1406 2078 enixa]
1440 2036 1564 2068 Emisit
1588 2036 1692 2068 foetus

985 2087 1018 2118 in
1035 2093 1149 2119 vestes
1164 2089 1296 2129 Tyrias,
1318 2089 1380 2119 hoc
1402 2094 1465 2127 est,
1492 2097 1694 2129 purpureas,

984 2138 1028 2169 ab
1044 2138 1127 2169 nrbe
1148 2140 1237 2179 Tyro
1262 2139 1294 2170 in
1321 2138 1511 2180 Phoenicia,
1537 2138 1594 2169 ubi
1611 2148 1692 2178 pur-

983 2198 1071 2228 pura
1086 2188 1222 2220 nobilis.

1051 2241 1179 2270 Ululata
1215 2239 1358 2271 verendis
1380 2240 1465 2270 Aula
1499 2239 1689 2280 puerperiis]

984 2288 1072 2320 Aula
1094 2291 1269 2329 personuit
1296 2290 1349 2320 vel
1375 2289 1497 2321 faustis
1526 2290 1690 2320 acclama-

982 2339 1144 2379 tionibus,
1170 2341 1225 2371 vel
1253 2341 1339 2372 votis
1370 2351 1445 2382 quae
1469 2340 1600 2372 fiebant
1626 2351 1690 2381 pro

983 2399 1163 2430 puerpera,
1181 2395 1215 2422 et
1233 2392 1355 2432 quibus
1384 2392 1547 2423 Lucinam
1571 2396 1690 2432 partu-

982 2439 1143 2471 rientium
1160 2442 1268 2472 Deam
1287 2443 1535 2482 propitiabant.

1026 2493 1087 2521 142
1113 2492 1191 2526 Quoe
1205 2502 1290 2522 voces
1304 2492 1423 2531 avium]
1446 2492 1492 2522 Et
1508 2501 1609 2522 voces
1627 2501 1688 2524 seu

981 2541 1126 2579 garritus
1147 2542 1269 2581 avium,
1287 2546 1322 2572 et
1348 2542 1479 2572 volatus
1499 2541 1686 2583 observati,

980 2591 1065 2621 mira
1081 2591 1122 2621 de
1141 2591 1293 2622 Honorio
1311 2592 1568 2631 promittebant.

1026 2641 1144 2677 Quanti
1156 2642 1286 2681 volatus]
1319 2643 1409 2673 Nam
1425 2643 1451 2673 si
1468 2643 1604 2674 volabat
1616 2652 1686 2674 ma-

973 2692 1030 2732 jor
1061 2693 1173 2723 avium
1203 2693 1399 2732 multitudo,
1438 2693 1573 2725 felicius
1608 2699 1685 2725 erat

980 2743 1191 2782 anspicium3
1226 2748 1261 2774 et
1285 2744 1341 2774 ille
1368 2745 1539 2785 vincebat,
1568 2745 1623 2776 cui
1647 2745 1683 2777 id

981 2793 1190 2834 contigerat:
1214 2794 1263 2826 sic
1281 2794 1445 2827 Romulus
1460 2795 1539 2827 visis
1555 2795 1682 2827 duode-
