<?xml version="1.0" encoding="UTF-8"?>
<!DOCTYPE html PUBLIC "-//W3C//DTD XHTML 1.0 Transitional//EN"
    "http://www.w3.org/TR/xhtml1/DTD/xhtml1-transitional.dtd">
<html xmlns="http://www.w3.org/1999/xhtml" xml:lang="en" lang="en">
 <head>
  <title>
</title>
<meta http-equiv="Content-Type" content="text/html;charset=utf-8" />
  <meta name='ocr-system' content='tesseract 3.04.00' />
  <meta name='ocr-capabilities' content='ocr_page ocr_carea ocr_par ocr_line ocrx_word'/>
</head>
<body>
  <div class='ocr_page' id='page_1' title='image "./operaomniaexedit01clauuoft_0337.png"; bbox 0 0 1857 3177; ppageno 0'>
   <div class='ocr_carea' id='block_1_1' title="bbox 452 213 1548 255">
    <p class='ocr_par' dir='ltr' id='par_1_1' title="bbox 452 213 1548 255">
     <span class='ocr_line' id='line_1_1' title="bbox 452 213 1548 255; baseline 0.009 -10"><span class='ocrx_word' id='word_1_1' title='bbox 452 216 514 245; x_wconf 83' lang='lat' dir='ltr'>DE</span> <span class='ocrx_word' id='word_1_2' title='bbox 546 216 695 247; x_wconf 77' lang='lat' dir='ltr'>NUPT.</span> <span class='ocrx_word' id='word_1_3' title='bbox 728 217 913 249; x_wconf 62' lang='lat' dir='ltr'>Hauon.</span> <span class='ocrx_word' id='word_1_4' title='bbox 948 219 1007 249; x_wconf 81' lang='lat' dir='ltr'>ET</span> <span class='ocrx_word' id='word_1_5' title='bbox 1043 221 1164 251; x_wconf 74' lang='lat' dir='ltr'>MAR.</span> <span class='ocrx_word' id='word_1_6' title='bbox 1463 213 1548 255; x_wconf 79' lang='lat'>:317</span> 
     </span>
    </p>
   </div>
   <div class='ocr_carea' id='block_1_2' title="bbox 89 306 1226 699">
    <p class='ocr_par' dir='ltr' id='par_1_2' title="bbox 89 306 1226 699">
     <span class='ocr_line' id='line_1_2' title="bbox 91 306 1185 364; baseline 0.005 -18"><span class='ocrx_word' id='word_1_7' title='bbox 91 306 281 357; x_wconf 83' lang='lat' dir='ltr'>Limina,</span> <span class='ocrx_word' id='word_1_8' title='bbox 304 309 632 364; x_wconf 79' lang='lat' dir='ltr'>despectusque</span> <span class='ocrx_word' id='word_1_9' title='bbox 654 313 748 352; x_wconf 84' lang='lat' dir='ltr'>solo</span> <span class='ocrx_word' id='word_1_10' title='bbox 773 313 972 354; x_wconf 81' lang='lat' dir='ltr'><em>calcatur</em></span> <span class='ocrx_word' id='word_1_11' title='bbox 991 314 1185 355; x_wconf 82' lang='lat' dir='ltr'><em>achates.</em></span> 
     </span>
     <span class='ocr_line' id='line_1_3' title="bbox 91 372 1058 429; baseline 0.009 -17"><span class='ocrx_word' id='word_1_12' title='bbox 91 372 144 412; x_wconf 92' lang='lat' dir='ltr'>In</span> <span class='ocrx_word' id='word_1_13' title='bbox 166 374 309 415; x_wconf 89' lang='lat' dir='ltr'>medio</span> <span class='ocrx_word' id='word_1_14' title='bbox 331 376 472 429; x_wconf 82' lang='lat' dir='ltr'>glebis</span> <span class='ocrx_word' id='word_1_15' title='bbox 493 378 790 420; x_wconf 83' lang='lat' dir='ltr'>redolentibus</span> <span class='ocrx_word' id='word_1_16' title='bbox 813 392 915 420; x_wconf 83' lang='lat' dir='ltr'><em>area</em></span> <span class='ocrx_word' id='word_1_17' title='bbox 935 379 1058 421; x_wconf 82' lang='lat' dir='ltr'>dives</span> 
     </span>
     <span class='ocr_line' id='line_1_4' title="bbox 89 437 1182 497; baseline 0.008 -18"><span class='ocrx_word' id='word_1_18' title='bbox 89 437 267 482; x_wconf 81' lang='lat' dir='ltr'>Praebet</span> <span class='ocrx_word' id='word_1_19' title='bbox 285 443 490 485; x_wconf 80' lang='lat' dir='ltr'><em>odoratas</em></span> <span class='ocrx_word' id='word_1_20' title='bbox 512 458 692 486; x_wconf 86' lang='lat' dir='ltr'>messes.</span> <span class='ocrx_word' id='word_1_21' title='bbox 754 446 846 486; x_wconf 88' lang='lat' dir='ltr'>Hic</span> <span class='ocrx_word' id='word_1_22' title='bbox 868 447 985 488; x_wconf 86' lang='lat' dir='ltr'>mitis</span> <span class='ocrx_word' id='word_1_23' title='bbox 1008 448 1182 497; x_wconf 83' lang='lat' dir='ltr'>amomi,</span> 
     </span>
     <span class='ocr_line' id='line_1_5' title="bbox 91 504 1226 567; baseline 0.008 -22"><span class='ocrx_word' id='word_1_24' title='bbox 91 504 184 547; x_wconf 91' lang='lat' dir='ltr'>Hic</span> <span class='ocrx_word' id='word_1_25' title='bbox 205 509 340 549; x_wconf 81' lang='lat' dir='ltr'><em>casiae</em></span> <span class='ocrx_word' id='word_1_26' title='bbox 364 516 537 551; x_wconf 84' lang='lat' dir='ltr'><em>matura</em></span> <span class='ocrx_word' id='word_1_27' title='bbox 558 525 695 564; x_wconf 81' lang='lat' dir='ltr'>seges,</span> <span class='ocrx_word' id='word_1_28' title='bbox 721 512 1032 565; x_wconf 80' lang='lat' dir='ltr'><em>Panchaeaque</em></span> <span class='ocrx_word' id='word_1_29' title='bbox 1055 517 1226 567; x_wconf 82' lang='lat' dir='ltr'>turgent</span> 
     </span>
     <span class='ocr_line' id='line_1_6' title="bbox 91 570 1216 629; baseline 0.008 -17"><span class='ocrx_word' id='word_1_30' title='bbox 91 570 321 624; x_wconf 84' lang='lat' dir='ltr'><em>Cinnama,</em></span> <span class='ocrx_word' id='word_1_31' title='bbox 342 588 421 616; x_wconf 85' lang='lat' dir='ltr'>nec</span> <span class='ocrx_word' id='word_1_32' title='bbox 444 578 566 618; x_wconf 76' lang='lat' dir='ltr'><em>sicca</em></span> <span class='ocrx_word' id='word_1_33' title='bbox 587 578 867 618; x_wconf 84' lang='lat' dir='ltr'><strong>frondescunt</strong></span> <span class='ocrx_word' id='word_1_34' title='bbox 887 580 1053 619; x_wconf 81' lang='lat' dir='ltr'><em>vimina</em></span> <span class='ocrx_word' id='word_1_35' title='bbox 1076 587 1216 629; x_wconf 80' lang='lat' dir='ltr'>costo,</span> 
     </span>
     <span class='ocr_line' id='line_1_7' title="bbox 90 638 1146 699; baseline 0.007 -20"><span class='ocrx_word' id='word_1_36' title='bbox 90 638 325 695; x_wconf 83' lang='lat' dir='ltr'>Tardaque</span> <span class='ocrx_word' id='word_1_37' title='bbox 346 643 516 685; x_wconf 62' lang='lat' dir='ltr'>sudauiti</span> <span class='ocrx_word' id='word_1_38' title='bbox 539 650 778 699; x_wconf 88' lang='lat' dir='ltr'>prorepunt</span> <span class='ocrx_word' id='word_1_39' title='bbox 797 646 996 686; x_wconf 81' lang='lat' dir='ltr'><em>balsama</em></span> <span class='ocrx_word' id='word_1_40' title='bbox 1014 647 1146 699; x_wconf 83' lang='lat' dir='ltr'>ligno.</span> 
     </span>
    </p>
   </div>
   <div class='ocr_carea' id='block_1_3' title="bbox 83 786 1557 960">
    <p class='ocr_par' dir='ltr' id='par_1_3' title="bbox 83 786 1557 960">
     <span class='ocr_line' id='line_1_8' title="bbox 90 786 1556 834; baseline 0.008 -20"><span class='ocrx_word' id='word_1_41' title='bbox 90 786 289 825; x_wconf 80' lang='lat' dir='ltr'>attolluntur,</span> <span class='ocrx_word' id='word_1_42' title='bbox 308 791 337 818; x_wconf 84' lang='lat' dir='ltr'>et</span> <span class='ocrx_word' id='word_1_43' title='bbox 354 798 394 819; x_wconf 81' lang='lat' dir='ltr'>ex</span> <span class='ocrx_word' id='word_1_44' title='bbox 412 789 529 820; x_wconf 76' lang='lat' dir='ltr'><em>Achate</em></span> <span class='ocrx_word' id='word_1_45' title='bbox 541 793 643 829; x_wconf 79' lang='lat' dir='ltr'>spreto</span> <span class='ocrx_word' id='word_1_46' title='bbox 653 791 861 828; x_wconf 70' lang='lat' dir='ltr'>pavimentum</span> <span class='ocrx_word' id='word_1_47' title='bbox 873 793 1006 821; x_wconf 76' lang='lat' dir='ltr'>stratum</span> <span class='ocrx_word' id='word_1_48' title='bbox 1016 794 1074 822; x_wconf 82' lang='lat' dir='ltr'>est.</span> <span class='ocrx_word' id='word_1_49' title='bbox 1099 792 1137 822; x_wconf 88' lang='lat' dir='ltr'>In</span> <span class='ocrx_word' id='word_1_50' title='bbox 1151 793 1249 823; x_wconf 81' lang='lat' dir='ltr'>medio</span> <span class='ocrx_word' id='word_1_51' title='bbox 1262 794 1408 833; x_wconf 71' lang='lat' dir='ltr'><em>planities</em></span> <span class='ocrx_word' id='word_1_52' title='bbox 1424 794 1556 834; x_wconf 79' lang='lat' dir='ltr'><em>locuples</em></span> 
     </span>
     <span class='ocr_line' id='line_1_9' title="bbox 83 826 1556 874; baseline 0.007 -17"><span class='ocrx_word' id='word_1_53' title='bbox 83 826 195 863; x_wconf 77' lang='lat' dir='ltr'>fundit</span> <span class='ocrx_word' id='word_1_54' title='bbox 211 839 319 860; x_wconf 78' lang='lat' dir='ltr'>messes</span> <span class='ocrx_word' id='word_1_55' title='bbox 335 830 523 869; x_wconf 74' lang='lat' dir='ltr'><em>fragrantes</em></span> <span class='ocrx_word' id='word_1_56' title='bbox 529 831 648 868; x_wconf 81' lang='lat' dir='ltr'>frustis</span> <span class='ocrx_word' id='word_1_57' title='bbox 664 832 736 862; x_wconf 81' lang='lat' dir='ltr'>bene</span> <span class='ocrx_word' id='word_1_58' title='bbox 752 833 914 864; x_wconf 80' lang='lat' dir='ltr'>olentibus.</span> <span class='ocrx_word' id='word_1_59' title='bbox 939 833 1005 863; x_wconf 77' lang='lat' dir='ltr'>Hic</span> <span class='ocrx_word' id='word_1_60' title='bbox 1020 838 1064 864; x_wconf 69' lang='lat' dir='ltr'>cst</span> <span class='ocrx_word' id='word_1_61' title='bbox 1084 836 1169 874; x_wconf 82' lang='lat' dir='ltr'><em>copia</em></span> <span class='ocrx_word' id='word_1_62' title='bbox 1182 836 1428 874; x_wconf 71' lang='lat' dir='ltr'>exquisitissima</span> <span class='ocrx_word' id='word_1_63' title='bbox 1442 837 1556 867; x_wconf 75' lang='lat' dir='ltr'><em>amomi</em></span> 
     </span>
     <span class='ocr_line' id='line_1_10' title="bbox 89 870 1557 918; baseline 0.007 -19"><span class='ocrx_word' id='word_1_64' title='bbox 89 870 201 909; x_wconf 70' lang='lat' dir='ltr'><em>suavis,</em></span> <span class='ocrx_word' id='word_1_65' title='bbox 215 875 247 900; x_wconf 84' lang='lat' dir='ltr'>et</span> <span class='ocrx_word' id='word_1_66' title='bbox 260 872 314 901; x_wconf 91' lang='lat' dir='ltr'>via</span> <span class='ocrx_word' id='word_1_67' title='bbox 337 873 500 903; x_wconf 79' lang='lat' dir='ltr'>sternitur</span> <span class='ocrx_word' id='word_1_68' title='bbox 516 874 609 903; x_wconf 86' lang='lat' dir='ltr'><em>casia.</em></span> <span class='ocrx_word' id='word_1_69' title='bbox 648 874 802 905; x_wconf 85' lang='lat' dir='ltr'><em>Cinnama</em></span> <span class='ocrx_word' id='word_1_70' title='bbox 814 875 949 906; x_wconf 84' lang='lat' dir='ltr'><em>Arabica</em></span> <span class='ocrx_word' id='word_1_71' title='bbox 960 875 1117 906; x_wconf 81' lang='lat' dir='ltr'><em>abundant</em></span> <span class='ocrx_word' id='word_1_72' title='bbox 1132 888 1142 912; x_wconf 89' lang='lat'><em>;</em></span> <span class='ocrx_word' id='word_1_73' title='bbox 1172 887 1266 916; x_wconf 81' lang='lat' dir='ltr'>neque</span> <span class='ocrx_word' id='word_1_74' title='bbox 1283 878 1361 907; x_wconf 82' lang='lat' dir='ltr'><em>rami</em></span> <span class='ocrx_word' id='word_1_75' title='bbox 1373 879 1557 918; x_wconf 74' lang='lat' dir='ltr'>sylvescunt,</span> 
     </span>
     <span class='ocr_line' id='line_1_11' title="bbox 90 915 1555 960; baseline 0.008 -19"><span class='ocrx_word' id='word_1_76' title='bbox 90 915 172 942; x_wconf 74' lang='lat' dir='ltr'>costo</span> <span class='ocrx_word' id='word_1_77' title='bbox 186 917 304 951; x_wconf 86' lang='lat' dir='ltr'>arente,</span> <span class='ocrx_word' id='word_1_78' title='bbox 316 924 410 954; x_wconf 85' lang='lat' dir='ltr'>neque</span> <span class='ocrx_word' id='word_1_79' title='bbox 425 915 560 946; x_wconf 81' lang='lat' dir='ltr'><em>balsama</em></span> <span class='ocrx_word' id='word_1_80' title='bbox 568 926 638 946; x_wconf 85' lang='lat' dir='ltr'>sera</span> <span class='ocrx_word' id='word_1_81' title='bbox 653 917 776 947; x_wconf 74' lang='lat' dir='ltr'><em>stillant</em></span> <span class='ocrx_word' id='word_1_82' title='bbox 788 927 830 948; x_wconf 86' lang='lat' dir='ltr'>ex</span> <span class='ocrx_word' id='word_1_83' title='bbox 843 919 967 948; x_wconf 79' lang='lat' dir='ltr'>caudice</span> <span class='ocrx_word' id='word_1_84' title='bbox 978 920 1174 958; x_wconf 76' lang='lat' dir='ltr'><em>lacrymanti.</em></span> <span class='ocrx_word' id='word_1_85' title='bbox 1202 921 1271 954; x_wconf 81' lang='lat' dir='ltr'>Quo</span> <span class='ocrx_word' id='word_1_86' title='bbox 1280 924 1479 960; x_wconf 73' lang='lat' dir='ltr'>posteaquam</span> <span class='ocrx_word' id='word_1_87' title='bbox 1493 924 1519 952; x_wconf 86' lang='lat' dir='ltr'><em>C</em></span> <span class='ocrx_word' id='word_1_88' title='bbox 1522 932 1555 952; x_wconf 87' lang='lat' dir='ltr'>u-</span> 
     </span>
    </p>
   </div>
   <div class='ocr_carea' id='block_1_4' title="bbox 703 1002 936 1013">
    <p class='ocr_par' dir='ltr' id='par_1_4' title="bbox 703 1002 936 1013">
     <span class='ocr_line' id='line_1_12' title="bbox 703 1002 936 1013; baseline 0.004 -1"><span class='ocrx_word' id='word_1_89' title='bbox 703 1002 936 1013; x_wconf 66' lang='lat' dir='ltr'>eeeeeeeeeeee</span> 
     </span>
    </p>
   </div>
   <div class='ocr_carea' id='block_1_5' title="bbox 91 1061 1586 1868">
    <p class='ocr_par' dir='ltr' id='par_1_5' title="bbox 91 1061 1586 1868">
     <span class='ocr_line' id='line_1_13' title="bbox 91 1061 1557 1107; baseline 0.005 -15"><span class='ocrx_word' id='word_1_90' title='bbox 91 1061 186 1093; x_wconf 82' lang='lat' dir='ltr'>Med.</span> <span class='ocrx_word' id='word_1_91' title='bbox 204 1065 400 1103; x_wconf 63' lang='lat' dir='ltr'>quart—91</span> <span class='ocrx_word' id='word_1_92' title='bbox 430 1063 564 1093; x_wconf 87' lang='lat' dir='ltr'><em>Lumina</em></span> <span class='ocrx_word' id='word_1_93' title='bbox 583 1062 702 1093; x_wconf 83' lang='lat' dir='ltr'>Ainbr.</span> <span class='ocrx_word' id='word_1_94' title='bbox 720 1073 789 1094; x_wconf 83' lang='lat' dir='ltr'>sec.</span> <span class='ocrx_word' id='word_1_95' title='bbox 803 1064 884 1094; x_wconf 83' lang='lat' dir='ltr'>Var.</span> <span class='ocrx_word' id='word_1_96' title='bbox 903 1065 970 1096; x_wconf 91' lang='lat' dir='ltr'>LL.</span> <span class='ocrx_word' id='word_1_97' title='bbox 988 1066 1041 1096; x_wconf 86' lang='lat' dir='ltr'>ed.</span> <span class='ocrx_word' id='word_1_98' title='bbox 1070 1066 1173 1096; x_wconf 77' lang='lat' dir='ltr'>Antv.</span> <span class='ocrx_word' id='word_1_99' title='bbox 1190 1068 1388 1107; x_wconf 58' lang='lat' dir='ltr'>despectoque</span> <span class='ocrx_word' id='word_1_100' title='bbox 1406 1069 1557 1100; x_wconf 89' lang='lat' dir='ltr'>Florent.</span> 
     </span>
     <span class='ocr_line' id='line_1_14' title="bbox 91 1105 1556 1144; baseline 0.004 -9"><span class='ocrx_word' id='word_1_101' title='bbox 91 1107 176 1136; x_wconf 87' lang='lat'><strong>——92</strong></span> <span class='ocrx_word' id='word_1_102' title='bbox 196 1105 297 1144; x_wconf 77' lang='lat' dir='ltr'>glebis</span> <span class='ocrx_word' id='word_1_103' title='bbox 312 1106 512 1135; x_wconf 74' lang='lat' dir='ltr'>redeuntibus</span> <span class='ocrx_word' id='word_1_104' title='bbox 528 1106 626 1136; x_wconf 85' lang='lat' dir='ltr'>Farn.</span> <span class='ocrx_word' id='word_1_105' title='bbox 644 1106 839 1136; x_wconf 79' lang='lat' dir='ltr'>radiantibus</span> <span class='ocrx_word' id='word_1_106' title='bbox 863 1107 1042 1138; x_wconf 60' lang='lat' dir='ltr'><em>Pria—93</em></span> <span class='ocrx_word' id='word_1_107' title='bbox 1066 1110 1210 1139; x_wconf 80' lang='lat' dir='ltr'><em>odoratas</em></span> <span class='ocrx_word' id='word_1_108' title='bbox 1228 1110 1358 1139; x_wconf 82' lang='lat' dir='ltr'>Borion.</span> <span class='ocrx_word' id='word_1_109' title='bbox 1378 1111 1454 1141; x_wconf 83' lang='lat' dir='ltr'>Pat.</span> <span class='ocrx_word' id='word_1_110' title='bbox 1471 1111 1556 1142; x_wconf 81' lang='lat' dir='ltr'>&#39;rho-</span> 
     </span>
     <span class='ocr_line' id='line_1_15' title="bbox 91 1147 1556 1191; baseline 0.005 -14"><span class='ocrx_word' id='word_1_111' title='bbox 91 1147 149 1177; x_wconf 83' lang='lat' dir='ltr'>los.</span> <span class='ocrx_word' id='word_1_112' title='bbox 168 1157 210 1178; x_wconf 92' lang='lat' dir='ltr'>m.</span> <span class='ocrx_word' id='word_1_113' title='bbox 227 1158 294 1180; x_wconf 76' lang='lat' dir='ltr'>sec.</span> <span class='ocrx_word' id='word_1_114' title='bbox 313 1154 382 1178; x_wconf 75' lang='lat' dir='ltr'>tres</span> <span class='ocrx_word' id='word_1_115' title='bbox 399 1147 516 1178; x_wconf 77' lang='lat' dir='ltr'>Anibr.</span> <span class='ocrx_word' id='word_1_116' title='bbox 533 1148 602 1178; x_wconf 80' lang='lat' dir='ltr'>hinc</span> <span class='ocrx_word' id='word_1_117' title='bbox 619 1149 706 1178; x_wconf 83' lang='lat' dir='ltr'>mitis</span> <span class='ocrx_word' id='word_1_118' title='bbox 720 1149 844 1185; x_wconf 77' lang='lat' dir='ltr'><em>amomi,</em></span> <span class='ocrx_word' id='word_1_119' title='bbox 862 1149 947 1179; x_wconf 79' lang='lat' dir='ltr'>Hinc</span> <span class='ocrx_word' id='word_1_120' title='bbox 963 1151 1054 1180; x_wconf 81' lang='lat' dir='ltr'><em>casioe</em></span> <span class='ocrx_word' id='word_1_121' title='bbox 1074 1152 1197 1182; x_wconf 83' lang='lat' dir='ltr'>Moret.</span> <span class='ocrx_word' id='word_1_122' title='bbox 1216 1155 1353 1191; x_wconf 62' lang='lat' dir='ltr'>pr.—94</span> <span class='ocrx_word' id='word_1_123' title='bbox 1379 1153 1484 1183; x_wconf 74' lang='lat' dir='ltr'><em>nativa</em></span> <span class='ocrx_word' id='word_1_124' title='bbox 1501 1153 1556 1184; x_wconf 86' lang='lat' dir='ltr'>vel</span> 
     </span>
     <span class='ocr_line' id='line_1_16' title="bbox 92 1190 1558 1234; baseline 0.004 -15"><span class='ocrx_word' id='word_1_125' title='bbox 92 1194 213 1220; x_wconf 78' lang='lat' dir='ltr'><em>matura</em></span> <span class='ocrx_word' id='word_1_126' title='bbox 231 1190 342 1221; x_wconf 77' lang='lat' dir='ltr'>Oxou.</span> <span class='ocrx_word' id='word_1_127' title='bbox 361 1200 429 1220; x_wconf 79' lang='lat' dir='ltr'>sec.</span> <span class='ocrx_word' id='word_1_128' title='bbox 449 1190 607 1220; x_wconf 65' lang='lat' dir='ltr'><em>Pani-haia</em></span> <span class='ocrx_word' id='word_1_129' title='bbox 625 1190 699 1220; x_wconf 86' lang='lat' dir='ltr'><em>Pal.</em></span> <span class='ocrx_word' id='word_1_130' title='bbox 719 1191 871 1221; x_wconf 73' lang='lat' dir='ltr'>Florent-</span> <span class='ocrx_word' id='word_1_131' title='bbox 890 1192 980 1222; x_wconf 85' lang='lat' dir='ltr'>Med.</span> <span class='ocrx_word' id='word_1_132' title='bbox 997 1194 1186 1232; x_wconf 75' lang='lat' dir='ltr'>pr.&#39;l&#39;liuau.</span> <span class='ocrx_word' id='word_1_133' title='bbox 1205 1199 1269 1224; x_wconf 74' lang='lat' dir='ltr'>vet.</span> <span class='ocrx_word' id='word_1_134' title='bbox 1286 1195 1371 1234; x_wconf 85' lang='lat' dir='ltr'>Gyr.</span> <span class='ocrx_word' id='word_1_135' title='bbox 1390 1195 1558 1226; x_wconf 78' lang='lat' dir='ltr'><em>Pauclioea-</em></span> 
     </span>
     <span class='ocr_line' id='line_1_17' title="bbox 92 1233 1557 1277; baseline 0.004 -16"><span class='ocrx_word' id='word_1_136' title='bbox 92 1242 148 1270; x_wconf 84' lang='lat' dir='ltr'>que</span> <span class='ocrx_word' id='word_1_137' title='bbox 163 1233 240 1263; x_wconf 68' lang='lat' dir='ltr'>Vat.</span> <span class='ocrx_word' id='word_1_138' title='bbox 260 1243 311 1272; x_wconf 81' lang='lat' dir='ltr'>pr.</span> <span class='ocrx_word' id='word_1_139' title='bbox 331 1233 422 1263; x_wconf 83' lang='lat' dir='ltr'>Prie.</span> <span class='ocrx_word' id='word_1_140' title='bbox 441 1233 547 1263; x_wconf 85' lang='lat' dir='ltr'>Oisel.</span> <span class='ocrx_word' id='word_1_141' title='bbox 566 1233 764 1272; x_wconf 75' lang='lat' dir='ltr'><em>I&#39;angaaque</em></span> <span class='ocrx_word' id='word_1_142' title='bbox 785 1234 864 1263; x_wconf 89' lang='lat' dir='ltr'>Lov.</span> <span class='ocrx_word' id='word_1_143' title='bbox 891 1235 1088 1275; x_wconf 75' lang='lat' dir='ltr'><em>I&#39;angoeaqne</em></span> <span class='ocrx_word' id='word_1_144' title='bbox 1113 1238 1165 1266; x_wconf 80' lang='lat' dir='ltr'>vel</span> <span class='ocrx_word' id='word_1_145' title='bbox 1186 1237 1313 1266; x_wconf 72' lang='lat' dir='ltr'><em>Paucha</em></span> <span class='ocrx_word' id='word_1_146' title='bbox 1322 1247 1396 1276; x_wconf 68' lang='lat' dir='ltr'>uara²</span> <span class='ocrx_word' id='word_1_147' title='bbox 1412 1243 1557 1277; x_wconf 81' lang='lat' dir='ltr'>quatuor</span> 
     </span>
     <span class='ocr_line' id='line_1_18' title="bbox 94 1275 1556 1315; baseline 0.005 -12"><span class='ocrx_word' id='word_1_148' title='bbox 94 1275 186 1305; x_wconf 57' lang='lat' dir='ltr'>Vati.</span> <span class='ocrx_word' id='word_1_149' title='bbox 204 1278 330 1314; x_wconf 81' lang='lat' dir='ltr'>turgent</span> <span class='ocrx_word' id='word_1_150' title='bbox 349 1275 628 1315; x_wconf 80' lang='lat' dir='ltr'>vigintiquatuor</span> <span class='ocrx_word' id='word_1_151' title='bbox 646 1276 754 1305; x_wconf 77' lang='lat' dir='ltr'><em>Coda.</em></span> <span class='ocrx_word' id='word_1_152' title='bbox 785 1276 867 1305; x_wconf 76' lang='lat' dir='ltr'>Exc.</span> <span class='ocrx_word' id='word_1_153' title='bbox 887 1276 1030 1307; x_wconf 81' lang='lat' dir='ltr'>Gevart.</span> <span class='ocrx_word' id='word_1_154' title='bbox 1056 1278 1200 1308; x_wconf 69' lang='lat' dir='ltr'>Lucem.</span> <span class='ocrx_word' id='word_1_155' title='bbox 1226 1288 1293 1308; x_wconf 77' lang='lat' dir='ltr'>sec.</span> <span class='ocrx_word' id='word_1_156' title='bbox 1321 1285 1355 1309; x_wconf 81' lang='lat' dir='ltr'>et</span> <span class='ocrx_word' id='word_1_157' title='bbox 1383 1279 1459 1309; x_wconf 80' lang='lat' dir='ltr'>Pat.</span> <span class='ocrx_word' id='word_1_158' title='bbox 1487 1289 1556 1310; x_wconf 87' lang='lat' dir='ltr'>rec.</span> 
     </span>
     <span class='ocr_line' id='line_1_19' title="bbox 93 1316 1558 1356; baseline 0.004 -11"><span class='ocrx_word' id='word_1_159' title='bbox 93 1316 172 1346; x_wconf 64' lang='lat' dir='ltr'>Yar.</span> <span class='ocrx_word' id='word_1_160' title='bbox 192 1318 260 1347; x_wconf 89' lang='lat' dir='ltr'>LL.</span> <span class='ocrx_word' id='word_1_161' title='bbox 279 1327 296 1347; x_wconf 91' lang='lat' dir='ltr'>e</span> <span class='ocrx_word' id='word_1_162' title='bbox 314 1327 421 1356; x_wconf 85' lang='lat' dir='ltr'>marg.</span> <span class='ocrx_word' id='word_1_163' title='bbox 447 1317 563 1346; x_wconf 85' lang='lat' dir='ltr'>Parin.</span> <span class='ocrx_word' id='word_1_164' title='bbox 594 1321 726 1353; x_wconf 76' lang='lat' dir='ltr'>snrgunt</span> <span class='ocrx_word' id='word_1_165' title='bbox 753 1318 804 1346; x_wconf 75' lang='lat' dir='ltr'>vel</span> <span class='ocrx_word' id='word_1_166' title='bbox 831 1321 956 1355; x_wconf 71' lang='lat' dir='ltr'>turgent</span> <span class='ocrx_word' id='word_1_167' title='bbox 988 1320 1134 1350; x_wconf 70' lang='lat' dir='ltr'>Flore-nt.</span> <span class='ocrx_word' id='word_1_168' title='bbox 1164 1321 1289 1350; x_wconf 70' lang='lat' dir='ltr'>Mon-et.</span> <span class='ocrx_word' id='word_1_169' title='bbox 1318 1324 1472 1351; x_wconf 77' lang='lat' dir='ltr'>se‹:.—95</span> <span class='ocrx_word' id='word_1_170' title='bbox 1498 1331 1558 1351; x_wconf 83' lang='lat' dir='ltr'>non</span> 
     </span>
     <span class='ocr_line' id='line_1_20' title="bbox 94 1358 1558 1401; baseline 0.003 -12"><span class='ocrx_word' id='word_1_171' title='bbox 94 1358 247 1389; x_wconf 86' lang='lat' dir='ltr'>Florent.</span> <span class='ocrx_word' id='word_1_172' title='bbox 266 1359 392 1389; x_wconf 73' lang='lat' dir='ltr'>Mox-et.</span> <span class='ocrx_word' id='word_1_173' title='bbox 410 1369 461 1398; x_wconf 87' lang='lat' dir='ltr'>pr.</span> <span class='ocrx_word' id='word_1_174' title='bbox 477 1360 558 1389; x_wconf 78' lang='lat' dir='ltr'>sicco</span> <span class='ocrx_word' id='word_1_175' title='bbox 572 1368 686 1388; x_wconf 77' lang='lat' dir='ltr'>omues</span> <span class='ocrx_word' id='word_1_176' title='bbox 704 1360 797 1389; x_wconf 73' lang='lat' dir='ltr'>Vatt.</span> <span class='ocrx_word' id='word_1_177' title='bbox 819 1360 890 1388; x_wconf 74' lang='lat' dir='ltr'><em>Pal.</em></span> <span class='ocrx_word' id='word_1_178' title='bbox 911 1361 1008 1390; x_wconf 84' lang='lat' dir='ltr'>Farn.</span> <span class='ocrx_word' id='word_1_179' title='bbox 1028 1361 1117 1391; x_wconf 83' lang='lat' dir='ltr'>Prie.</span> <span class='ocrx_word' id='word_1_180' title='bbox 1130 1362 1209 1391; x_wconf 81' lang='lat' dir='ltr'><em>sicca</em></span> <span class='ocrx_word' id='word_1_181' title='bbox 1223 1362 1331 1392; x_wconf 69' lang='lat' dir='ltr'>Oisel.</span> <span class='ocrx_word' id='word_1_182' title='bbox 1344 1363 1428 1401; x_wconf 80' lang='lat' dir='ltr'>Reg.</span> <span class='ocrx_word' id='word_1_183' title='bbox 1441 1362 1558 1394; x_wconf 81' lang='lat' dir='ltr'>Ambr.</span> 
     </span>
     <span class='ocr_line' id='line_1_21' title="bbox 94 1401 1560 1444; baseline 0.003 -14"><span class='ocrx_word' id='word_1_184' title='bbox 94 1406 174 1430; x_wconf 83' lang='lat' dir='ltr'>tert.</span> <span class='ocrx_word' id='word_1_185' title='bbox 192 1401 320 1431; x_wconf 84' lang='lat' dir='ltr'>Moret.</span> <span class='ocrx_word' id='word_1_186' title='bbox 339 1411 389 1440; x_wconf 87' lang='lat' dir='ltr'>pr.</span> <span class='ocrx_word' id='word_1_187' title='bbox 405 1402 484 1433; x_wconf 79' lang='lat' dir='ltr'>Jun.</span> <span class='ocrx_word' id='word_1_188' title='bbox 504 1411 555 1441; x_wconf 87' lang='lat' dir='ltr'>pr.</span> <span class='ocrx_word' id='word_1_189' title='bbox 576 1402 689 1431; x_wconf 71' lang='lat' dir='ltr'>Oxou.</span> <span class='ocrx_word' id='word_1_190' title='bbox 710 1411 759 1441; x_wconf 86' lang='lat' dir='ltr'>pr.</span> <span class='ocrx_word' id='word_1_191' title='bbox 781 1402 899 1431; x_wconf 82' lang='lat' dir='ltr'>Petav.</span> <span class='ocrx_word' id='word_1_192' title='bbox 918 1412 985 1433; x_wconf 72' lang='lat' dir='ltr'>sec.</span> <span class='ocrx_word' id='word_1_193' title='bbox 1004 1413 1046 1433; x_wconf 90' lang='lat' dir='ltr'>m.</span> <span class='ocrx_word' id='word_1_194' title='bbox 1066 1413 1117 1443; x_wconf 82' lang='lat' dir='ltr'>pr.</span> <span class='ocrx_word' id='word_1_195' title='bbox 1135 1406 1189 1444; x_wconf 88' lang='lat' dir='ltr'>qui</span> <span class='ocrx_word' id='word_1_196' title='bbox 1211 1410 1321 1434; x_wconf 74' lang='lat' dir='ltr'>tamen</span> <span class='ocrx_word' id='word_1_197' title='bbox 1350 1411 1384 1435; x_wconf 83' lang='lat' dir='ltr'>et</span> <span class='ocrx_word' id='word_1_198' title='bbox 1403 1408 1486 1435; x_wconf 87' lang='lat' dir='ltr'><em>casto</em></span> <span class='ocrx_word' id='word_1_199' title='bbox 1504 1415 1560 1435; x_wconf 81' lang='lat' dir='ltr'>ex-</span> 
     </span>
     <span class='ocr_line' id='line_1_22' title="bbox 92 1443 1559 1485; baseline 0.004 -13"><span class='ocrx_word' id='word_1_200' title='bbox 92 1443 197 1473; x_wconf 88' lang='lat' dir='ltr'>bibet.</span> <span class='ocrx_word' id='word_1_201' title='bbox 214 1453 280 1473; x_wconf 86' lang='lat' dir='ltr'>cum</span> <span class='ocrx_word' id='word_1_202' title='bbox 295 1444 375 1474; x_wconf 74' lang='lat' dir='ltr'>sicco</span> <span class='ocrx_word' id='word_1_203' title='bbox 393 1446 443 1474; x_wconf 74' lang='lat' dir='ltr'>vel</span> <span class='ocrx_word' id='word_1_204' title='bbox 461 1454 513 1474; x_wconf 79' lang='lat' dir='ltr'>nec</span> <span class='ocrx_word' id='word_1_205' title='bbox 529 1447 612 1474; x_wconf 81' lang='lat' dir='ltr'><em>casto</em></span> <span class='ocrx_word' id='word_1_206' title='bbox 627 1446 739 1474; x_wconf 75' lang='lat' dir='ltr'>Oxou.</span> <span class='ocrx_word' id='word_1_207' title='bbox 755 1454 824 1474; x_wconf 77' lang='lat' dir='ltr'>sec.</span> <span class='ocrx_word' id='word_1_208' title='bbox 840 1449 923 1474; x_wconf 86' lang='lat' dir='ltr'><em>casto</em></span> <span class='ocrx_word' id='word_1_209' title='bbox 940 1446 1070 1476; x_wconf 76' lang='lat' dir='ltr'>Borion.</span> <span class='ocrx_word' id='word_1_210' title='bbox 1085 1447 1232 1485; x_wconf 84' lang='lat' dir='ltr'><em>gramina</em></span> <span class='ocrx_word' id='word_1_211' title='bbox 1247 1447 1419 1478; x_wconf 80' lang='lat' dir='ltr'>Me‹1.sec.</span> <span class='ocrx_word' id='word_1_212' title='bbox 1436 1447 1559 1479; x_wconf 82' lang='lat' dir='ltr'>Petav.</span> 
     </span>
     <span class='ocr_line' id='line_1_23' title="bbox 94 1487 1558 1526; baseline 0.003 -11"><span class='ocrx_word' id='word_1_213' title='bbox 94 1490 175 1516; x_wconf 82' lang='lat' dir='ltr'>tert.</span> <span class='ocrx_word' id='word_1_214' title='bbox 185 1487 331 1525; x_wconf 77' lang='lat' dir='ltr'><em>gramina</em></span> <span class='ocrx_word' id='word_1_215' title='bbox 339 1487 419 1518; x_wconf 84' lang='lat' dir='ltr'>Jun.</span> <span class='ocrx_word' id='word_1_216' title='bbox 436 1496 534 1526; x_wconf 52' lang='lat' dir='ltr'>prun.</span> <span class='ocrx_word' id='word_1_217' title='bbox 547 1496 597 1526; x_wconf 82' lang='lat' dir='ltr'>pr.</span> <span class='ocrx_word' id='word_1_218' title='bbox 609 1488 733 1516; x_wconf 64' lang='lat' dir='ltr'>cultiora</span> <span class='ocrx_word' id='word_1_219' title='bbox 745 1487 832 1516; x_wconf 71' lang='lat' dir='ltr'>idem</span> <span class='ocrx_word' id='word_1_220' title='bbox 842 1497 899 1524; x_wconf 69' lang='grc' dir='ltr'>,ιιιι</span> <span class='ocrx_word' id='word_1_221' title='bbox 909 1489 1127 1526; x_wconf 78' lang='lat' dir='ltr'>sec.grainina</span> <span class='ocrx_word' id='word_1_222' title='bbox 1139 1490 1191 1519; x_wconf 70' lang='lat' dir='ltr'>vel</span> <span class='ocrx_word' id='word_1_223' title='bbox 1201 1489 1401 1519; x_wconf 65' lang='lat' dir='ltr'><em>riminaVat.</em></span> <span class='ocrx_word' id='word_1_224' title='bbox 1414 1494 1492 1520; x_wconf 71' lang='lat' dir='ltr'>tert.</span> <span class='ocrx_word' id='word_1_225' title='bbox 1503 1500 1558 1520; x_wconf 83' lang='lat' dir='ltr'>nu-</span> 
     </span>
     <span class='ocr_line' id='line_1_24' title="bbox 95 1529 1558 1562; baseline 0.003 -5"><span class='ocrx_word' id='word_1_226' title='bbox 95 1529 179 1558; x_wconf 87' lang='lat' dir='ltr'><em>mina</em></span> <span class='ocrx_word' id='word_1_227' title='bbox 199 1529 250 1558; x_wconf 81' lang='lat' dir='ltr'>vel</span> <span class='ocrx_word' id='word_1_228' title='bbox 273 1529 382 1559; x_wconf 83' lang='lat' dir='ltr'><em>limina</em></span> <span class='ocrx_word' id='word_1_229' title='bbox 408 1530 557 1559; x_wconf 79' lang='lat' dir='ltr'>Floreat.</span> <span class='ocrx_word' id='word_1_230' title='bbox 575 1539 662 1558; x_wconf 80' lang='lat' dir='ltr'>succo</span> <span class='ocrx_word' id='word_1_231' title='bbox 683 1529 758 1559; x_wconf 55' lang='lat' dir='ltr'>vat.</span> <span class='ocrx_word' id='word_1_232' title='bbox 784 1539 851 1559; x_wconf 83' lang='lat' dir='ltr'>sec.</span> <span class='ocrx_word' id='word_1_233' title='bbox 871 1529 944 1559; x_wconf 88' lang='lat' dir='ltr'><em>Pal.</em></span> <span class='ocrx_word' id='word_1_234' title='bbox 965 1531 1056 1561; x_wconf 71' lang='lat' dir='ltr'>ltott.</span> <span class='ocrx_word' id='word_1_235' title='bbox 1075 1531 1189 1562; x_wconf 78' lang='lat' dir='ltr'>Ursin.</span> <span class='ocrx_word' id='word_1_236' title='bbox 1208 1532 1289 1561; x_wconf 79' lang='lat' dir='ltr'>Cod.</span> <span class='ocrx_word' id='word_1_237' title='bbox 1307 1536 1386 1561; x_wconf 73' lang='lat' dir='ltr'><em>costa</em></span> <span class='ocrx_word' id='word_1_238' title='bbox 1403 1532 1454 1562; x_wconf 84' lang='lat' dir='ltr'>vel</span> <span class='ocrx_word' id='word_1_239' title='bbox 1470 1542 1558 1562; x_wconf 82' lang='lat' dir='ltr'>succo</span> 
     </span>
     <span class='ocr_line' id='line_1_25' title="bbox 94 1570 1558 1614; baseline 0.004 -15"><span class='ocrx_word' id='word_1_240' title='bbox 94 1570 174 1600; x_wconf 71' lang='lat' dir='ltr'>Yat.</span> <span class='ocrx_word' id='word_1_241' title='bbox 193 1577 302 1610; x_wconf 75' lang='lat' dir='ltr'>quart.</span> <span class='ocrx_word' id='word_1_242' title='bbox 320 1571 414 1601; x_wconf 76' lang='lat' dir='ltr'>Med.</span> <span class='ocrx_word' id='word_1_243' title='bbox 430 1581 481 1611; x_wconf 81' lang='lat' dir='ltr'>pr.</span> <span class='ocrx_word' id='word_1_244' title='bbox 494 1571 561 1601; x_wconf 84' lang='lat' dir='ltr'>vid.</span> <span class='ocrx_word' id='word_1_245' title='bbox 581 1573 734 1602; x_wconf 71' lang='lat' dir='ltr'><em>Lactant.</em></span> <span class='ocrx_word' id='word_1_246' title='bbox 749 1572 791 1601; x_wconf 85' lang='lat' dir='ltr'>de</span> <span class='ocrx_word' id='word_1_247' title='bbox 803 1572 976 1603; x_wconf 80' lang='lat' dir='ltr'>Plioenice.</span> <span class='ocrx_word' id='word_1_248' title='bbox 989 1574 1118 1603; x_wconf 76' lang='lat' dir='ltr'>acantho</span> <span class='ocrx_word' id='word_1_249' title='bbox 1131 1579 1198 1604; x_wconf 76' lang='lat' dir='ltr'>vet.</span> <span class='ocrx_word' id='word_1_250' title='bbox 1214 1575 1298 1614; x_wconf 66' lang='lat' dir='ltr'>Gyr.</span> <span class='ocrx_word' id='word_1_251' title='bbox 1315 1575 1398 1604; x_wconf 72' lang='lat' dir='ltr'>Exc.</span> <span class='ocrx_word' id='word_1_252' title='bbox 1415 1574 1558 1605; x_wconf 74' lang='lat' dir='ltr'>Lucens-</span> 
     </span>
     <span class='ocr_line' id='line_1_26' title="bbox 94 1613 1560 1653; baseline 0.004 -12"><span class='ocrx_word' id='word_1_253' title='bbox 94 1621 161 1642; x_wconf 74' lang='lat' dir='ltr'>sec.</span> <span class='ocrx_word' id='word_1_254' title='bbox 187 1613 346 1643; x_wconf 83' lang='lat' dir='ltr'>Heinsius</span> <span class='ocrx_word' id='word_1_255' title='bbox 369 1615 595 1653; x_wconf 75' lang='lat' dir='ltr'>ascripserat:</span> <span class='ocrx_word' id='word_1_256' title='bbox 620 1616 629 1630; x_wconf 89' lang='lat'>‘</span> <span class='ocrx_word' id='word_1_257' title='bbox 648 1615 811 1644; x_wconf 66' lang='lat' dir='ltr'><em>acanthus</em></span> <span class='ocrx_word' id='word_1_258' title='bbox 828 1614 998 1645; x_wconf 65' lang='lat' dir='ltr'>Sidonius*</span> <span class='ocrx_word' id='word_1_259' title='bbox 1026 1616 1112 1646; x_wconf 84' lang='lat' dir='ltr'><em>Stat.</em></span> <span class='ocrx_word' id='word_1_260' title='bbox 1141 1616 1213 1646; x_wconf 86' lang='lat' dir='ltr'>Lib.</span> <span class='ocrx_word' id='word_1_261' title='bbox 1231 1625 1285 1647; x_wconf 88' lang='grc' dir='ltr'>ιιι.</span> <span class='ocrx_word' id='word_1_262' title='bbox 1309 1617 1388 1645; x_wconf 83' lang='lat' dir='ltr'>Silv.</span> <span class='ocrx_word' id='word_1_263' title='bbox 1410 1616 1560 1647; x_wconf 76' lang='lat' dir='ltr'>Hercule</span> 
     </span>
     <span class='ocr_line' id='line_1_27' title="bbox 96 1656 1559 1698; baseline 0.003 -14"><span class='ocrx_word' id='word_1_264' title='bbox 96 1656 249 1685; x_wconf 86' lang='lat' dir='ltr'>Surrent.</span> <span class='ocrx_word' id='word_1_265' title='bbox 279 1665 325 1686; x_wconf 88' lang='lat' dir='ltr'>vs.</span> <span class='ocrx_word' id='word_1_266' title='bbox 347 1658 399 1686; x_wconf 83' lang='grc'>37.</span> <span class='ocrx_word' id='word_1_267' title='bbox 423 1658 564 1686; x_wconf 66' lang='lat' dir='ltr'><em>salinas.</em></span> <span class='ocrx_word' id='word_1_268' title='bbox 591 1656 632 1686; x_wconf 72' lang='lat' dir='ltr'>ail</span> <span class='ocrx_word' id='word_1_269' title='bbox 661 1656 852 1686; x_wconf 63' lang='lat' dir='ltr'>solim—96</span> <span class='ocrx_word' id='word_1_270' title='bbox 873 1662 1041 1696; x_wconf 74' lang='lat' dir='ltr'>prorepunt</span> <span class='ocrx_word' id='word_1_271' title='bbox 1067 1664 1212 1698; x_wconf 83' lang='lat' dir='ltr'>quatuor</span> <span class='ocrx_word' id='word_1_272' title='bbox 1236 1660 1332 1688; x_wconf 63' lang='lat' dir='ltr'>Yatt.</span> <span class='ocrx_word' id='word_1_273' title='bbox 1359 1659 1465 1689; x_wconf 67' lang='lat' dir='ltr'>(lisel.</span> <span class='ocrx_word' id='word_1_274' title='bbox 1493 1659 1559 1689; x_wconf 83' lang='lat' dir='ltr'>duo</span> 
     </span>
     <span class='ocr_line' id='line_1_28' title="bbox 94 1696 1558 1740; baseline 0.004 -14"><span class='ocrx_word' id='word_1_275' title='bbox 94 1696 190 1727; x_wconf 77' lang='lat' dir='ltr'>Mea.</span> <span class='ocrx_word' id='word_1_276' title='bbox 209 1697 320 1728; x_wconf 87' lang='lat' dir='ltr'>Oxon.</span> <span class='ocrx_word' id='word_1_277' title='bbox 347 1708 398 1737; x_wconf 88' lang='lat' dir='ltr'>pr.</span> <span class='ocrx_word' id='word_1_278' title='bbox 428 1699 522 1728; x_wconf 75' lang='lat' dir='ltr'>Leia.</span> <span class='ocrx_word' id='word_1_279' title='bbox 542 1708 590 1737; x_wconf 79' lang='lat' dir='ltr'>pr.</span> <span class='ocrx_word' id='word_1_280' title='bbox 621 1699 703 1729; x_wconf 78' lang='lat' dir='ltr'>Exc.</span> <span class='ocrx_word' id='word_1_281' title='bbox 720 1699 864 1728; x_wconf 77' lang='lat' dir='ltr'>Lucens.</span> <span class='ocrx_word' id='word_1_282' title='bbox 883 1709 934 1738; x_wconf 84' lang='lat' dir='ltr'>pr.</span> <span class='ocrx_word' id='word_1_283' title='bbox 960 1699 1041 1730; x_wconf 74' lang='lat' dir='ltr'><em>Ala.</em></span> <span class='ocrx_word' id='word_1_284' title='bbox 1069 1701 1120 1730; x_wconf 86' lang='lat' dir='ltr'>ed.</span> <span class='ocrx_word' id='word_1_285' title='bbox 1140 1701 1252 1732; x_wconf 81' lang='lat' dir='ltr'>Vicet.</span> <span class='ocrx_word' id='word_1_286' title='bbox 1275 1704 1455 1740; x_wconf 76' lang='lat' dir='ltr'>pror-cplant</span> <span class='ocrx_word' id='word_1_287' title='bbox 1473 1701 1558 1732; x_wconf 83' lang='lat' dir='ltr'>Exc.</span> 
     </span>
     <span class='ocr_line' id='line_1_29' title="bbox 94 1739 1559 1781; baseline 0.004 -13"><span class='ocrx_word' id='word_1_288' title='bbox 94 1740 179 1769; x_wconf 80' lang='lat' dir='ltr'>cod.</span> <span class='ocrx_word' id='word_1_289' title='bbox 202 1739 319 1771; x_wconf 77' lang='lat' dir='ltr'>Rheni.</span> <span class='ocrx_word' id='word_1_290' title='bbox 344 1745 520 1780; x_wconf 80' lang='lat' dir='ltr'>proerepunt</span> <span class='ocrx_word' id='word_1_291' title='bbox 539 1741 657 1770; x_wconf 85' lang='lat' dir='ltr'>Anibr.</span> <span class='ocrx_word' id='word_1_292' title='bbox 677 1750 728 1780; x_wconf 83' lang='lat' dir='ltr'>pr.</span> <span class='ocrx_word' id='word_1_293' title='bbox 754 1745 956 1781; x_wconf 73' lang='lat' dir='ltr'>prorumpunt</span> <span class='ocrx_word' id='word_1_294' title='bbox 986 1742 1083 1773; x_wconf 87' lang='lat' dir='ltr'>Rott.</span> <span class='ocrx_word' id='word_1_295' title='bbox 1102 1743 1229 1774; x_wconf 80' lang='lat' dir='ltr'>Moret.</span> <span class='ocrx_word' id='word_1_296' title='bbox 1249 1753 1316 1773; x_wconf 83' lang='lat' dir='ltr'>sec.</span> <span class='ocrx_word' id='word_1_297' title='bbox 1342 1743 1461 1774; x_wconf 83' lang='lat' dir='ltr'>Petav.</span> <span class='ocrx_word' id='word_1_298' title='bbox 1481 1748 1559 1774; x_wconf 82' lang='lat' dir='ltr'>tert.</span> 
     </span>
     <span class='ocr_line' id='line_1_30' title="bbox 94 1782 1561 1824; baseline 0.003 -13"><span class='ocrx_word' id='word_1_299' title='bbox 94 1782 176 1812; x_wconf 82' lang='lat' dir='ltr'>Var.</span> <span class='ocrx_word' id='word_1_300' title='bbox 194 1782 262 1812; x_wconf 91' lang='lat' dir='ltr'>LL.</span> <span class='ocrx_word' id='word_1_301' title='bbox 280 1783 334 1813; x_wconf 92' lang='lat' dir='ltr'>ed.</span> <span class='ocrx_word' id='word_1_302' title='bbox 353 1783 455 1814; x_wconf 81' lang='lat' dir='ltr'>Antv.</span> <span class='ocrx_word' id='word_1_303' title='bbox 471 1787 661 1823; x_wconf 77' lang='lat' dir='ltr'>prasuinant</span> <span class='ocrx_word' id='word_1_304' title='bbox 680 1784 830 1813; x_wconf 82' lang='lat' dir='ltr'>Florent.</span> <span class='ocrx_word' id='word_1_305' title='bbox 847 1793 890 1814; x_wconf 83' lang='lat' dir='ltr'>in.</span> <span class='ocrx_word' id='word_1_306' title='bbox 911 1794 960 1824; x_wconf 79' lang='lat' dir='ltr'>pr.</span> <span class='ocrx_word' id='word_1_307' title='bbox 976 1786 1157 1824; x_wconf 71' lang='lat' dir='ltr'><em>pra’sudanl</em></span> <span class='ocrx_word' id='word_1_308' title='bbox 1176 1786 1255 1816; x_wconf 83' lang='lat' dir='ltr'>Vat.</span> <span class='ocrx_word' id='word_1_309' title='bbox 1274 1790 1353 1816; x_wconf 83' lang='lat' dir='ltr'>tert.</span> <span class='ocrx_word' id='word_1_310' title='bbox 1371 1786 1446 1816; x_wconf 82' lang='lat' dir='ltr'><em>Pal.</em></span> <span class='ocrx_word' id='word_1_311' title='bbox 1466 1786 1561 1816; x_wconf 81' lang='lat' dir='ltr'>Med.</span> 
     </span>
     <span class='ocr_line' id='line_1_31' title="bbox 95 1824 1586 1868; baseline 0.003 -14"><span class='ocrx_word' id='word_1_312' title='bbox 95 1833 148 1864; x_wconf 86' lang='lat' dir='ltr'>pr.</span> <span class='ocrx_word' id='word_1_313' title='bbox 164 1824 292 1856; x_wconf 82' lang='lat' dir='ltr'>Tliuan.</span> <span class='ocrx_word' id='word_1_314' title='bbox 319 1826 400 1858; x_wconf 89' lang='lat' dir='ltr'>Jun.</span> <span class='ocrx_word' id='word_1_315' title='bbox 427 1835 478 1866; x_wconf 84' lang='lat' dir='ltr'>pr.</span> <span class='ocrx_word' id='word_1_316' title='bbox 497 1836 539 1856; x_wconf 83' lang='lat' dir='ltr'>ni.</span> <span class='ocrx_word' id='word_1_317' title='bbox 558 1835 610 1866; x_wconf 84' lang='lat' dir='ltr'>pr.</span> <span class='ocrx_word' id='word_1_318' title='bbox 634 1829 805 1866; x_wconf 81' lang='lat' dir='ltr'>prorepunt</span> <span class='ocrx_word' id='word_1_319' title='bbox 823 1826 875 1856; x_wconf 87' lang='lat' dir='ltr'>vel</span> <span class='ocrx_word' id='word_1_320' title='bbox 901 1831 1107 1866; x_wconf 75' lang='lat' dir='ltr'>prorumpunt</span> <span class='ocrx_word' id='word_1_321' title='bbox 1136 1828 1221 1867; x_wconf 78' lang='lat' dir='ltr'>Reg.</span> <span class='ocrx_word' id='word_1_322' title='bbox 1240 1828 1361 1858; x_wconf 79' lang='lat' dir='ltr'>Petav.</span> <span class='ocrx_word' id='word_1_323' title='bbox 1381 1837 1430 1868; x_wconf 84' lang='lat' dir='ltr'>pr.</span> <span class='ocrx_word' id='word_1_324' title='bbox 1448 1828 1560 1859; x_wconf 71' lang='lat' dir='ltr'>Oxou.</span> <span class='ocrx_word' id='word_1_325' title='bbox 1582 1854 1586 1858; x_wconf 81' lang='grc'><strong>.</strong></span> 
     </span>
    </p>
   </div>
   <div class='ocr_carea' id='block_1_6' title="bbox 762 1921 901 1953">
    <p class='ocr_par' dir='ltr' id='par_1_6' title="bbox 762 1921 901 1953">
     <span class='ocr_line' id='line_1_32' title="bbox 762 1921 901 1953; baseline 0.007 -1"><span class='ocrx_word' id='word_1_326' title='bbox 762 1921 901 1953; x_wconf 76' lang='lat' dir='ltr'>NOTAE</span> 
     </span>
    </p>
   </div>
   <div class='ocr_carea' id='block_1_7' title="bbox 98 1995 803 2285">
    <p class='ocr_par' dir='ltr' id='par_1_7' title="bbox 98 1995 802 2228">
     <span class='ocr_line' id='line_1_33' title="bbox 139 1995 802 2037; baseline 0 -11"><span class='ocrx_word' id='word_1_327' title='bbox 139 1995 292 2036; x_wconf 86' lang='lat' dir='ltr'>Lubrica]</span> <span class='ocrx_word' id='word_1_328' title='bbox 314 1997 447 2027; x_wconf 85' lang='lat' dir='ltr'><em>Limina</em></span> <span class='ocrx_word' id='word_1_329' title='bbox 464 1997 562 2037; x_wconf 81' lang='lat' dir='ltr'><em>levia,</em></span> <span class='ocrx_word' id='word_1_330' title='bbox 574 1996 666 2028; x_wconf 88' lang='lat' dir='ltr'><em>facta</em></span> <span class='ocrx_word' id='word_1_331' title='bbox 681 2006 722 2027; x_wconf 80' lang='lat' dir='ltr'>ex</span> <span class='ocrx_word' id='word_1_332' title='bbox 733 1998 802 2037; x_wconf 88' lang='lat' dir='ltr'><em>jas-</em></span> 
     </span>
     <span class='ocr_line' id='line_1_34' title="bbox 98 2046 802 2087; baseline 0.003 -11"><span class='ocrx_word' id='word_1_333' title='bbox 98 2046 178 2086; x_wconf 84' lang='lat' dir='ltr'>pide</span> <span class='ocrx_word' id='word_1_334' title='bbox 207 2047 286 2083; x_wconf 77' lang='lat' dir='ltr'>levi‚</span> <span class='ocrx_word' id='word_1_335' title='bbox 327 2047 540 2086; x_wconf 74' lang='lat' dir='ltr'>politissima.</span> <span class='ocrx_word' id='word_1_336' title='bbox 597 2047 713 2087; x_wconf 70' lang='lat' dir='ltr'><em>Jaspis</em></span> <span class='ocrx_word' id='word_1_337' title='bbox 750 2052 802 2078; x_wconf 72' lang='lat' dir='ltr'>est</span> 
     </span>
     <span class='ocr_line' id='line_1_35' title="bbox 99 2096 802 2137; baseline -0.001 -10"><span class='ocrx_word' id='word_1_338' title='bbox 99 2106 232 2137; x_wconf 85' lang='lat' dir='ltr'><em>gemma</em></span> <span class='ocrx_word' id='word_1_339' title='bbox 255 2106 297 2127; x_wconf 75' lang='lat' dir='ltr'>ex</span> <span class='ocrx_word' id='word_1_340' title='bbox 325 2106 450 2136; x_wconf 83' lang='lat' dir='ltr'>genere</span> <span class='ocrx_word' id='word_1_341' title='bbox 468 2097 640 2135; x_wconf 83' lang='lat' dir='ltr'>viridium,</span> <span class='ocrx_word' id='word_1_342' title='bbox 668 2096 727 2126; x_wconf 88' lang='lat' dir='ltr'>sed</span> <span class='ocrx_word' id='word_1_343' title='bbox 753 2102 802 2126; x_wconf 85' lang='lat' dir='ltr'>ta·</span> 
     </span>
     <span class='ocr_line' id='line_1_36' title="bbox 98 2146 801 2186; baseline -0.003 -8"><span class='ocrx_word' id='word_1_344' title='bbox 98 2156 176 2178; x_wconf 89' lang='lat' dir='ltr'>men</span> <span class='ocrx_word' id='word_1_345' title='bbox 193 2146 276 2177; x_wconf 86' lang='lat' dir='ltr'><em>varii</em></span> <span class='ocrx_word' id='word_1_346' title='bbox 303 2151 382 2177; x_wconf 90' lang='lat' dir='ltr'>suut</span> <span class='ocrx_word' id='word_1_347' title='bbox 397 2147 497 2186; x_wconf 87' lang='lat' dir='ltr'>liujus</span> <span class='ocrx_word' id='word_1_348' title='bbox 513 2147 646 2177; x_wconf 83' lang='lat' dir='ltr'>colores</span> <span class='ocrx_word' id='word_1_349' title='bbox 663 2151 699 2176; x_wconf 91' lang='lat' dir='ltr'>et</span> <span class='ocrx_word' id='word_1_350' title='bbox 726 2155 801 2186; x_wconf 86' lang='lat' dir='ltr'>spe-</span> 
     </span>
     <span class='ocr_line' id='line_1_37' title="bbox 99 2197 179 2228; baseline -0.013 0"><span class='ocrx_word' id='word_1_351' title='bbox 99 2197 179 2228; x_wconf 87' lang='lat' dir='ltr'>cies.</span> 
     </span>
    </p>

    <p class='ocr_par' dir='ltr' id='par_1_8' title="bbox 141 2244 803 2285">
     <span class='ocr_line' id='line_1_38' title="bbox 141 2244 803 2285; baseline -0.003 -8"><span class='ocrx_word' id='word_1_352' title='bbox 141 2248 182 2277; x_wconf 89' lang='grc'>91</span> <span class='ocrx_word' id='word_1_353' title='bbox 209 2244 370 2285; x_wconf 85' lang='lat' dir='ltr'><em>Calcatur]</em></span> <span class='ocrx_word' id='word_1_354' title='bbox 394 2244 618 2277; x_wconf 81' lang='lat' dir='ltr'>Quasisolum</span> <span class='ocrx_word' id='word_1_355' title='bbox 631 2248 803 2276; x_wconf 83' lang='lat' dir='ltr'>sternatur</span> 
     </span>
    </p>
   </div>
   <div class='ocr_carea' id='block_1_8' title="bbox 99 2294 836 2338">
    <p class='ocr_par' dir='ltr' id='par_1_9' title="bbox 99 2294 836 2338">
     <span class='ocr_line' id='line_1_39' title="bbox 99 2294 836 2338; baseline -0.003 -11"><span class='ocrx_word' id='word_1_356' title='bbox 99 2294 247 2334; x_wconf 85' lang='lat' dir='ltr'><em>Achate,</em></span> <span class='ocrx_word' id='word_1_357' title='bbox 262 2304 303 2325; x_wconf 81' lang='lat' dir='ltr'>ex</span> <span class='ocrx_word' id='word_1_358' title='bbox 320 2304 385 2336; x_wconf 91' lang='lat' dir='ltr'>quo</span> <span class='ocrx_word' id='word_1_359' title='bbox 408 2299 552 2326; x_wconf 84' lang='lat' dir='ltr'>stratum</span> <span class='ocrx_word' id='word_1_360' title='bbox 571 2295 616 2326; x_wconf 84' lang='lat' dir='ltr'>sit</span> <span class='ocrx_word' id='word_1_361' title='bbox 633 2295 805 2336; x_wconf 83' lang='lat' dir='ltr'>pavimen·</span> <span class='ocrx_word' id='word_1_362' title='bbox 832 2335 836 2338; x_wconf 17' lang='grc' dir='ltr'><strong>θ</strong></span> 
     </span>
    </p>
   </div>
   <div class='ocr_carea' id='block_1_9' title="bbox 99 2345 808 2791">
    <p class='ocr_par' dir='ltr' id='par_1_10' title="bbox 99 2345 806 2638">
     <span class='ocr_line' id='line_1_40' title="bbox 99 2345 804 2385; baseline -0.001 -8"><span class='ocrx_word' id='word_1_363' title='bbox 99 2350 184 2377; x_wconf 88' lang='lat' dir='ltr'>tum.</span> <span class='ocrx_word' id='word_1_364' title='bbox 230 2345 380 2376; x_wconf 80' lang='lat' dir='ltr'>Achates</span> <span class='ocrx_word' id='word_1_365' title='bbox 400 2349 451 2376; x_wconf 86' lang='lat' dir='ltr'>est</span> <span class='ocrx_word' id='word_1_366' title='bbox 477 2354 609 2385; x_wconf 83' lang='lat' dir='ltr'>gemina</span> <span class='ocrx_word' id='word_1_367' title='bbox 625 2345 804 2376; x_wconf 83' lang='lat' dir='ltr'>versicolo-</span> 
     </span>
     <span class='ocr_line' id='line_1_41' title="bbox 102 2397 804 2437; baseline -0.001 -9"><span class='ocrx_word' id='word_1_368' title='bbox 102 2397 195 2429; x_wconf 85' lang='lat' dir='ltr'>ribus</span> <span class='ocrx_word' id='word_1_369' title='bbox 206 2398 300 2428; x_wconf 90' lang='lat' dir='ltr'>venis</span> <span class='ocrx_word' id='word_1_370' title='bbox 314 2397 362 2427; x_wconf 90' lang='lat' dir='ltr'>ita</span> <span class='ocrx_word' id='word_1_371' title='bbox 377 2397 553 2437; x_wconf 87' lang='lat' dir='ltr'>distincta,</span> <span class='ocrx_word' id='word_1_372' title='bbox 562 2401 600 2428; x_wconf 91' lang='lat' dir='ltr'>ut</span> <span class='ocrx_word' id='word_1_373' title='bbox 617 2407 804 2437; x_wconf 82' lang='lat' dir='ltr'>nemorum,</span> 
     </span>
     <span class='ocr_line' id='line_1_42' title="bbox 101 2445 804 2488; baseline 0 -10"><span class='ocrx_word' id='word_1_374' title='bbox 101 2445 296 2486; x_wconf 84' lang='lat' dir='ltr'>fluviorum,</span> <span class='ocrx_word' id='word_1_375' title='bbox 313 2447 494 2487; x_wconf 86' lang='lat' dir='ltr'>montium,</span> <span class='ocrx_word' id='word_1_376' title='bbox 513 2457 753 2488; x_wconf 84' lang='lat' dir='ltr'>nonnunquam</span> <span class='ocrx_word' id='word_1_377' title='bbox 769 2452 804 2478; x_wconf 87' lang='lat' dir='ltr'>et</span> 
     </span>
     <span class='ocr_line' id='line_1_43' title="bbox 102 2497 805 2538; baseline -0.001 -9"><span class='ocrx_word' id='word_1_378' title='bbox 102 2507 257 2529; x_wconf 84' lang='lat' dir='ltr'>curruum</span> <span class='ocrx_word' id='word_1_379' title='bbox 280 2498 427 2538; x_wconf 79' lang='lat' dir='ltr'>speciem</span> <span class='ocrx_word' id='word_1_380' title='bbox 451 2497 586 2529; x_wconf 81' lang='lat' dir='ltr'>referat.</span> <span class='ocrx_word' id='word_1_381' title='bbox 634 2499 805 2528; x_wconf 80' lang='lat' dir='ltr'>Laudatur</span> 
     </span>
     <span class='ocr_line' id='line_1_44' title="bbox 104 2547 806 2588; baseline 0.001 -11"><span class='ocrx_word' id='word_1_382' title='bbox 104 2556 124 2577; x_wconf 82' lang='lat' dir='ltr'>a</span> <span class='ocrx_word' id='word_1_383' title='bbox 148 2547 262 2578; x_wconf 85' lang='lat' dir='ltr'>Plinio</span> <span class='ocrx_word' id='word_1_384' title='bbox 279 2548 404 2588; x_wconf 85' lang='lat' dir='ltr'>Pyrrhi</span> <span class='ocrx_word' id='word_1_385' title='bbox 422 2549 573 2587; x_wconf 80' lang='lat' dir='ltr'><em>achates,</em></span> <span class='ocrx_word' id='word_1_386' title='bbox 600 2549 634 2578; x_wconf 90' lang='lat' dir='ltr'>in</span> <span class='ocrx_word' id='word_1_387' title='bbox 658 2557 725 2588; x_wconf 86' lang='lat' dir='ltr'>quo</span> <span class='ocrx_word' id='word_1_388' title='bbox 749 2558 806 2579; x_wconf 87' lang='lat' dir='ltr'>no-</span> 
     </span>
     <span class='ocr_line' id='line_1_45' title="bbox 104 2598 778 2638; baseline 0 -10"><span class='ocrx_word' id='word_1_389' title='bbox 104 2606 180 2628; x_wconf 90' lang='lat' dir='ltr'>vem</span> <span class='ocrx_word' id='word_1_390' title='bbox 195 2598 306 2628; x_wconf 86' lang='lat' dir='ltr'>Mnsae</span> <span class='ocrx_word' id='word_1_391' title='bbox 324 2604 358 2629; x_wconf 86' lang='lat' dir='ltr'>et</span> <span class='ocrx_word' id='word_1_392' title='bbox 375 2598 500 2638; x_wconf 84' lang='lat' dir='ltr'>Apollo</span> <span class='ocrx_word' id='word_1_393' title='bbox 518 2598 778 2638; x_wconf 81' lang='lat' dir='ltr'>spectabantur.</span> 
     </span>
    </p>

    <p class='ocr_par' dir='ltr' id='par_1_11' title="bbox 105 2647 807 2738">
     <span class='ocr_line' id='line_1_46' title="bbox 146 2647 807 2688; baseline 0.002 -10"><span class='ocrx_word' id='word_1_394' title='bbox 146 2650 189 2678; x_wconf 80' lang='lat'>92</span> <span class='ocrx_word' id='word_1_395' title='bbox 213 2647 337 2688; x_wconf 60' lang='lat' dir='ltr'>Glebis]</span> <span class='ocrx_word' id='word_1_396' title='bbox 375 2649 461 2680; x_wconf 81' lang='lat' dir='ltr'>Haec</span> <span class='ocrx_word' id='word_1_397' title='bbox 491 2654 569 2680; x_wconf 90' lang='lat' dir='ltr'>sunt</span> <span class='ocrx_word' id='word_1_398' title='bbox 607 2648 719 2680; x_wconf 73' lang='lat' dir='ltr'>frusta</span> <span class='ocrx_word' id='word_1_399' title='bbox 748 2654 807 2680; x_wconf 88' lang='lat' dir='ltr'>aut</span> 
     </span>
     <span class='ocr_line' id='line_1_47' title="bbox 105 2698 463 2738; baseline 0.003 -9"><span class='ocrx_word' id='word_1_400' title='bbox 105 2698 214 2729; x_wconf 83' lang='lat' dir='ltr'>thuris</span> <span class='ocrx_word' id='word_1_401' title='bbox 231 2703 290 2729; x_wconf 86' lang='lat' dir='ltr'>aut</span> <span class='ocrx_word' id='word_1_402' title='bbox 304 2709 358 2738; x_wconf 83' lang='lat' dir='ltr'>my</span> <span class='ocrx_word' id='word_1_403' title='bbox 365 2699 463 2730; x_wconf 78' lang='lat' dir='ltr'>rrhae.</span> 
     </span>
    </p>

    <p class='ocr_par' dir='ltr' id='par_1_12' title="bbox 149 2747 808 2791">
     <span class='ocr_line' id='line_1_48' title="bbox 149 2747 808 2791; baseline 0.002 -12"><span class='ocrx_word' id='word_1_404' title='bbox 149 2750 191 2780; x_wconf 75' lang='lat'>94</span> <span class='ocrx_word' id='word_1_405' title='bbox 215 2747 343 2779; x_wconf 82' lang='lat' dir='ltr'><em>Matura</em></span> <span class='ocrx_word' id='word_1_406' title='bbox 357 2748 459 2788; x_wconf 79' lang='lat' dir='ltr'>seges]</span> <span class='ocrx_word' id='word_1_407' title='bbox 494 2749 650 2781; x_wconf 89' lang='lat' dir='ltr'>Collecta</span> <span class='ocrx_word' id='word_1_408' title='bbox 673 2750 707 2780; x_wconf 91' lang='lat' dir='ltr'>in</span> <span class='ocrx_word' id='word_1_409' title='bbox 732 2749 808 2791; x_wconf 89' lang='lat' dir='ltr'><em>ipsa</em></span> 
     </span>
    </p>
   </div>
   <div class='ocr_carea' id='block_1_10' title="bbox 856 1997 1563 2730">
    <p class='ocr_par' dir='ltr' id='par_1_13' title="bbox 857 1997 1442 2039">
     <span class='ocr_line' id='line_1_49' title="bbox 857 1997 1442 2039; baseline -0.002 -11"><span class='ocrx_word' id='word_1_410' title='bbox 857 1999 1068 2036; x_wconf 72' lang='lat' dir='ltr'>maturitate,</span> <span class='ocrx_word' id='word_1_411' title='bbox 1085 2003 1119 2029; x_wconf 81' lang='lat' dir='ltr'>et</span> <span class='ocrx_word' id='word_1_412' title='bbox 1137 1998 1213 2029; x_wconf 81' lang='lat' dir='ltr'>ideo</span> <span class='ocrx_word' id='word_1_413' title='bbox 1231 1997 1442 2039; x_wconf 79' lang='lat' dir='ltr'>exquisitior.</span> 
     </span>
    </p>

    <p class='ocr_par' dir='ltr' id='par_1_14' title="bbox 856 2046 1562 2279">
     <span class='ocr_line' id='line_1_50' title="bbox 900 2046 1561 2087; baseline 0 -9"><span class='ocrx_word' id='word_1_414' title='bbox 900 2048 1072 2087; x_wconf 78' lang='lat' dir='ltr'><em>Panchaea]</em></span> <span class='ocrx_word' id='word_1_415' title='bbox 1098 2048 1257 2078; x_wconf 62' lang='lat' dir='ltr'><em>Panchai</em></span> <span class='ocrx_word' id='word_1_416' title='bbox 1275 2048 1390 2087; x_wconf 87' lang='lat' dir='ltr'>populi</span> <span class='ocrx_word' id='word_1_417' title='bbox 1404 2046 1561 2078; x_wconf 82' lang='lat' dir='ltr'><em>habitant</em></span> 
     </span>
     <span class='ocr_line' id='line_1_51' title="bbox 857 2098 1561 2138; baseline 0 -10"><span class='ocrx_word' id='word_1_418' title='bbox 857 2098 993 2130; x_wconf 86' lang='lat' dir='ltr'>deserta</span> <span class='ocrx_word' id='word_1_419' title='bbox 1003 2099 1117 2137; x_wconf 71' lang='lat' dir='ltr'><em>Sabae,</em></span> <span class='ocrx_word' id='word_1_420' title='bbox 1128 2098 1184 2129; x_wconf 87' lang='lat' dir='ltr'>ubi</span> <span class='ocrx_word' id='word_1_421' title='bbox 1198 2098 1274 2129; x_wconf 78' lang='lat' dir='ltr'>thus</span> <span class='ocrx_word' id='word_1_422' title='bbox 1288 2098 1465 2138; x_wconf 89' lang='lat' dir='ltr'>optimum.</span> <span class='ocrx_word' id='word_1_423' title='bbox 1492 2098 1561 2128; x_wconf 75' lang='lat' dir='ltr'>Alii</span> 
     </span>
     <span class='ocr_line' id='line_1_52' title="bbox 857 2147 1562 2189; baseline -0.003 -10"><span class='ocrx_word' id='word_1_424' title='bbox 857 2150 975 2189; x_wconf 74' lang='lat' dir='ltr'>legunt</span> <span class='ocrx_word' id='word_1_425' title='bbox 1010 2149 1170 2180; x_wconf 83' lang='lat' dir='ltr'><em>Panchaia</em></span> <span class='ocrx_word' id='word_1_426' title='bbox 1201 2148 1245 2179; x_wconf 88' lang='lat' dir='ltr'>ob</span> <span class='ocrx_word' id='word_1_427' title='bbox 1277 2147 1486 2178; x_wconf 86' lang='lat' dir='ltr'><em>Panchaiam</em></span> <span class='ocrx_word' id='word_1_428' title='bbox 1512 2156 1562 2177; x_wconf 90' lang='lat' dir='ltr'>re·</span> 
     </span>
     <span class='ocr_line' id='line_1_53' title="bbox 857 2196 1561 2239; baseline 0 -10"><span class='ocrx_word' id='word_1_429' title='bbox 857 2199 990 2239; x_wconf 83' lang='lat' dir='ltr'>gionem</span> <span class='ocrx_word' id='word_1_430' title='bbox 1008 2198 1146 2229; x_wconf 77' lang='lat' dir='ltr'><em>Arabiae</em></span> <span class='ocrx_word' id='word_1_431' title='bbox 1165 2198 1264 2229; x_wconf 88' lang='lat' dir='ltr'>thure</span> <span class='ocrx_word' id='word_1_432' title='bbox 1282 2203 1316 2228; x_wconf 89' lang='lat' dir='ltr'>et</span> <span class='ocrx_word' id='word_1_433' title='bbox 1333 2197 1494 2228; x_wconf 80' lang='lat' dir='ltr'><em>aromatis</em></span> <span class='ocrx_word' id='word_1_434' title='bbox 1510 2196 1561 2229; x_wconf 83' lang='lat' dir='ltr'>di-</span> 
     </span>
     <span class='ocr_line' id='line_1_54' title="bbox 856 2247 1449 2279; baseline -0.002 0"><span class='ocrx_word' id='word_1_435' title='bbox 856 2249 973 2279; x_wconf 85' lang='lat' dir='ltr'>vitem.</span> <span class='ocrx_word' id='word_1_436' title='bbox 1447 2247 1449 2249; x_wconf 80' lang='grc'><strong>’</strong></span> 
     </span>
    </p>

    <p class='ocr_par' dir='ltr' id='par_1_15' title="bbox 857 2296 1562 2380">
     <span class='ocr_line' id='line_1_55' title="bbox 899 2296 1562 2338; baseline -0.002 -10"><span class='ocrx_word' id='word_1_437' title='bbox 899 2301 938 2329; x_wconf 86' lang='grc'>95</span> <span class='ocrx_word' id='word_1_438' title='bbox 971 2297 1111 2338; x_wconf 86' lang='lat' dir='ltr'><em>Vimina]</em></span> <span class='ocrx_word' id='word_1_439' title='bbox 1146 2297 1232 2329; x_wconf 86' lang='lat' dir='ltr'>Sunt</span> <span class='ocrx_word' id='word_1_440' title='bbox 1262 2298 1344 2328; x_wconf 83' lang='lat' dir='ltr'><em>rami</em></span> <span class='ocrx_word' id='word_1_441' title='bbox 1374 2296 1469 2337; x_wconf 88' lang='lat' dir='ltr'>lenti,</span> <span class='ocrx_word' id='word_1_442' title='bbox 1505 2296 1562 2338; x_wconf 90' lang='lat' dir='ltr'>qui</span> 
     </span>
     <span class='ocr_line' id='line_1_56' title="bbox 857 2347 1170 2380; baseline 0.006 -2"><span class='ocrx_word' id='word_1_443' title='bbox 857 2347 958 2379; x_wconf 87' lang='lat' dir='ltr'><em>facile</em></span> <span class='ocrx_word' id='word_1_444' title='bbox 975 2347 1170 2380; x_wconf 77' lang='lat' dir='ltr'>flectuntur.</span> 
     </span>
    </p>

    <p class='ocr_par' dir='ltr' id='par_1_16' title="bbox 859 2395 1562 2588">
     <span class='ocr_line' id='line_1_57' title="bbox 903 2395 1562 2438; baseline -0.005 -9"><span class='ocrx_word' id='word_1_445' title='bbox 903 2398 1010 2438; x_wconf 80' lang='lat' dir='ltr'><em>Costa]</em></span> <span class='ocrx_word' id='word_1_446' title='bbox 1041 2399 1181 2429; x_wconf 88' lang='lat' dir='ltr'>Costum</span> <span class='ocrx_word' id='word_1_447' title='bbox 1204 2402 1255 2428; x_wconf 87' lang='lat' dir='ltr'>est</span> <span class='ocrx_word' id='word_1_448' title='bbox 1277 2396 1426 2427; x_wconf 84' lang='lat' dir='ltr'>Persidis</span> <span class='ocrx_word' id='word_1_449' title='bbox 1450 2395 1562 2436; x_wconf 84' lang='lat' dir='ltr'>arbor,</span> 
     </span>
     <span class='ocr_line' id='line_1_58' title="bbox 859 2445 1561 2489; baseline -0.004 -10"><span class='ocrx_word' id='word_1_450' title='bbox 859 2458 936 2489; x_wconf 81' lang='lat' dir='ltr'>quae</span> <span class='ocrx_word' id='word_1_451' title='bbox 954 2454 1162 2488; x_wconf 74' lang='lat' dir='ltr'>unguentum</span> <span class='ocrx_word' id='word_1_452' title='bbox 1182 2446 1461 2488; x_wconf 82' lang='lat' dir='ltr'>pretiosissimum</span> <span class='ocrx_word' id='word_1_453' title='bbox 1487 2445 1561 2476; x_wconf 83' lang='lat' dir='ltr'>fun-</span> 
     </span>
     <span class='ocr_line' id='line_1_59' title="bbox 860 2497 1562 2539; baseline -0.004 -9"><span class='ocrx_word' id='word_1_454' title='bbox 860 2499 922 2539; x_wconf 85' lang='lat' dir='ltr'>dit,</span> <span class='ocrx_word' id='word_1_455' title='bbox 936 2499 968 2530; x_wconf 94' lang='lat' dir='ltr'>in</span> <span class='ocrx_word' id='word_1_456' title='bbox 986 2503 1100 2529; x_wconf 89' lang='lat' dir='ltr'>monte</span> <span class='ocrx_word' id='word_1_457' title='bbox 1117 2498 1273 2536; x_wconf 79' lang='lat' dir='ltr'>Veneris,</span> <span class='ocrx_word' id='word_1_458' title='bbox 1291 2507 1355 2527; x_wconf 92' lang='lat' dir='ltr'>non</span> <span class='ocrx_word' id='word_1_459' title='bbox 1373 2497 1466 2528; x_wconf 89' lang='lat' dir='ltr'>sicco</span> <span class='ocrx_word' id='word_1_460' title='bbox 1482 2505 1562 2527; x_wconf 85' lang='lat' dir='ltr'><em>cau-</em></span> 
     </span>
     <span class='ocr_line' id='line_1_60' title="bbox 861 2548 1246 2588; baseline -0.005 -9"><span class='ocrx_word' id='word_1_461' title='bbox 861 2549 950 2588; x_wconf 87' lang='lat' dir='ltr'>dice,</span> <span class='ocrx_word' id='word_1_462' title='bbox 965 2549 1024 2580; x_wconf 83' lang='lat' dir='ltr'>sed</span> <span class='ocrx_word' id='word_1_463' title='bbox 1041 2548 1246 2579; x_wconf 82' lang='lat' dir='ltr'>abundante.</span> 
     </span>
    </p>

    <p class='ocr_par' dir='ltr' id='par_1_17' title="bbox 861 2595 1563 2730">
     <span class='ocr_line' id='line_1_61' title="bbox 904 2595 1561 2639; baseline -0.009 -9"><span class='ocrx_word' id='word_1_464' title='bbox 904 2602 946 2630; x_wconf 80' lang='lat'>96</span> <span class='ocrx_word' id='word_1_465' title='bbox 970 2598 1164 2639; x_wconf 77' lang='lat' dir='ltr'>Prorepunt]</span> <span class='ocrx_word' id='word_1_466' title='bbox 1190 2598 1264 2628; x_wconf 70' lang='lat' dir='ltr'>Non</span> <span class='ocrx_word' id='word_1_467' title='bbox 1293 2596 1441 2627; x_wconf 81' lang='lat' dir='ltr'><em>balsama</em></span> <span class='ocrx_word' id='word_1_468' title='bbox 1468 2595 1561 2625; x_wconf 82' lang='lat' dir='ltr'>lenta</span> 
     </span>
     <span class='ocr_line' id='line_1_62' title="bbox 861 2644 1563 2689; baseline -0.006 -10"><span class='ocrx_word' id='word_1_469' title='bbox 861 2650 1020 2689; x_wconf 86' lang='lat' dir='ltr'>guttatim</span> <span class='ocrx_word' id='word_1_470' title='bbox 1033 2647 1376 2689; x_wconf 86' lang='lat' dir='ltr'>prorepunt‚stillant‚</span> <span class='ocrx_word' id='word_1_471' title='bbox 1390 2644 1450 2677; x_wconf 89' lang='lat' dir='ltr'>sed</span> <span class='ocrx_word' id='word_1_472' title='bbox 1464 2644 1563 2676; x_wconf 85' lang='lat' dir='ltr'>uber-</span> 
     </span>
     <span class='ocr_line' id='line_1_63' title="bbox 862 2697 1091 2730; baseline 0 -1"><span class='ocrx_word' id='word_1_473' title='bbox 862 2698 922 2730; x_wconf 87' lang='lat' dir='ltr'>tim</span> <span class='ocrx_word' id='word_1_474' title='bbox 937 2697 1091 2730; x_wconf 87' lang='lat' dir='ltr'>effluunt.</span> 
     </span>
    </p>
   </div>
  </div>
 </body>
</html>
