1852 3193
283 215 341 260 98
762 232 838 264 eL.
870 231 1151 264 CLAUniAm
1185 231 1261 264 ιιι.

282 324 590 381 Insignemque
611 334 772 371 canunt
791 333 940 370 nostra
960 329 1012 369 de
1033 329 1161 382 plebe
1182 326 1466 380 triumphum.

282 393 372 435 Pro
395 395 543 437 dolor!
573 398 672 450 ipsa
691 397 795 437 mihi
817 397 1010 449 liquidas
1033 396 1219 449 delapsa
1238 408 1314 448 per
1335 406 1464 435 auras
1681 397 1742 438 55

281 460 309 502 J
315 464 461 503 ustitia
480 465 672 513 insultat,
691 465 897 516 vitiisque
921 476 947 503 a
969 464 1104 516 stirpe
1127 463 1278 503 recisis

281 528 416 570 Elicit
438 544 671 585 oppressus
694 533 926 572 tenebroso
950 544 1120 572 carcere
1139 532 1272 584 leges.

280 595 342 638 At
362 612 441 639 uos
463 600 685 640 indecoros
705 600 834 653 longo
858 601 1128 654 torpebimus
1151 612 1250 641 aevo

281 664 498 707 Omnibus
518 668 672 721 ejectae
691 669 846 720 regnis,
908 667 1148 719 Agnoscite
1168 666 1339 707 tandem

279 731 401 782 Quid
426 734 580 775 Furias
602 736 781 776 deceat:
816 738 1043 775 consuetas
1066 734 1226 774 sumite
1247 733 1392 784 vires;
1681 730 1738 772 (30

277 798 592 855 Conventuque
611 803 734 843 nefas
754 806 874 843 tanto
897 801 1117 842 decernite
1139 801 1333 853 dignum.

275 866 305 908 J
309 880 378 907 am
400 870 532 922 cupio
554 869 717 923 Stygiis
739 870 948 910 invadere
971 869 1161 909 nubibus
1185 872 1317 916 astra,

275 934 304 975 J
309 947 381 975 am
402 936 506 977 flatu
530 938 694 978 violare
715 937 847 986 diem,
867 937 1018 976 laxare
1041 935 1259 988 profundo

277 1001 433 1043 Fraena
453 1005 576 1053 mari,
598 1005 757 1044 fluvios
777 1005 915 1057 ruptis
935 1004 1165 1043 immittere
1186 1003 1310 1056 ripis,

275 1068 332 1110 Et
355 1083 495 1110 rerum
515 1083 678 1110 vexare
700 1070 842 1110 fidem.
904 1069 978 1110 Sic
999 1069 1091 1109 sata
1113 1074 1335 1110 cruentum
1681 1069 1740 1111 65

273 1189 385 1220 tarium
402 1189 552 1220 illustrem
580 1190 617 1219 de
642 1190 776 1220 catera-is
792 1190 915 1220 nostris.
965 1190 994 1219 Ο
1011 1189 1198 1221 tristitiam!
1229 1190 1365 1220 Justitia
1386 1190 1455 1230 ipsa
1479 1191 1662 1220 descendens
1683 1199 1740 1229 per

272 1233 373 1262 aerem
390 1242 527 1263 serenum
553 1232 660 1263 illudit
685 1233 773 1272 mihi,
797 1236 827 1263 et
850 1232 1030 1262 criminibus
1057 1233 1185 1263 revulsis
1205 1243 1223 1262 α
1246 1234 1363 1271 radice,
1378 1233 1481 1263 educit
1504 1242 1546 1263 ex
1572 1232 1739 1272 ergastulis

273 1274 408 1305 obscuris
425 1275 501 1312 jura
527 1274 647 1305 obruta.
693 1275 754 1306 Sed
780 1285 833 1306 nos
857 1277 1023 1314 degeneres
1038 1275 1221 1306 cessabimus
1236 1280 1302 1305 tam
1321 1277 1411 1314 longo
1427 1279 1575 1315 tempore,
1600 1276 1737 1315 expulsa?

272 1317 413 1356 imperiis
436 1316 579 1348 cunctis?
615 1318 738 1348 Discite
754 1320 876 1348 tandem
893 1318 965 1357 quid
981 1319 1108 1356 dignum
1125 1319 1167 1348 sit
1186 1316 1313 1349 Furiis?
1349 1319 1479 1358 accipite
1494 1318 1587 1349 robur
1600 1319 1739 1356 solitum,

271 1363 302 1390 et
317 1360 448 1389 statuite
464 1360 577 1390 crimen
595 1361 776 1391 com-eniens
791 1364 877 1390 lanto
893 1361 996 1391 coetni.
1042 1361 1118 1390 Jum
1141 1361 1279 1390 desidero
1302 1371 1449 1400 occupare
1471 1361 1579 1391 coelum
1605 1360 1740 1391 tenebris

270 1401 490 1440 infm·7iis‚jam
508 1405 642 1442 polluere
653 1404 749 1434 lucem
762 1403 910 1441 anhelitu,
927 1404 1094 1433 immittere
1110 1403 1244 1433 habenas
1258 1404 1320 1433 alto
1337 1405 1427 1440 mari,
1443 1404 1583 1434 emittere
1599 1403 1737 1443 flumina

271 1445 428 1475 littoribus
442 1446 593 1485 abruptis,
608 1449 698 1486 atque
714 1446 839 1476 tui-Imre
853 1447 990 1476 ordinem
1007 1446 1123 1476 nitendi,
1170 1447 1277 1477 Alecto
1294 1447 1339 1477 ita
1355 1447 1453 1477 locuta
1476 1446 1615 1477 reboavit
1629 1447 1737 1477 crude-

886 1541 1121 1552 eeeeeeeeeee

269 1610 323 1637 est
339 1605 372 1636 in
391 1607 544 1646 plurimis
564 1607 647 1638 Mss.
684 1612 820 1648 vagatur
838 1609 1060 1640 Clavem—54
1083 1612 1189 1640 nostra
1206 1609 1242 1639 de
1259 1608 1325 1639 duo
1353 1608 1434 1639 Vat.
1469 1608 1506 1638 de
1523 1611 1627 1638 nostra
1650 1607 1736 1639 Lov-

269 1650 354 1689 Reg.
372 1650 503 1681 Bonon.
519 1650 650 1681 Tliolos.
670 1651 797 1682 Incert.
815 1652 935 1683 Heius.
963 1652 1029 1682 duo
1058 1652 1171 1682 Oxou.
1190 1651 1256 1681 duo
1278 1651 1374 1682 Leid.
1392 1650 1516 1681 Petav.
1537 1650 1617 1689 duo,
1635 1650 1731 1682 Med·

268 1697 350 1722 tert.
368 1698 404 1723 et
419 1694 504 1724 Exc.
530 1694 672 1725 Gevart.
705 1698 797 1732 gente
812 1696 911 1725 Fam.
930 1700 964 1725 et
980 1696 1106 1725 Moret.
1131 1704 1200 1725 sec.
1246 1697 1359 1732 gerunt
1389 1694 1441 1724 vel
1467 1697 1580 1724 canunt
1599 1694 1681 1725 Lov.
1698 1689 1736 1723 et

266 1735 560 1766 Vat.Livin.—55
589 1738 651 1767 Pro
666 1739 753 1766 dolor
769 1738 848 1768 Put.
874 1739 969 1768 Rott.
987 1738 1064 1768 Vat.
1093 1738 1167 1767 duo.
1206 1737 1290 1766 Proh
1317 1737 1398 1767 Lov.
1417 1737 1518 1766 Farn.
1548 1736 1627 1767 Vat.
1654 1736 1737 1768 duo,

267 1778 367 1808 ambo
386 1779 510 1809 Moret.
529 1779 595 1809 (luo
611 1780 723 1810 Oxou.
741 1781 822 1810 item
840 1781 934 1810 Lcid.
975 1781 1058 1811 Proh
1072 1781 1171 1820 pudor
1188 1780 1279 1809 Med.
1300 1790 1350 1819 pr.
1370 1780 1441 1809 Pal.
1461 1780 1590 1810 luc-ert.
1611 1778 1734 1811 Heius.

265 1821 388 1861 delapsa
414 1820 530 1852 Ambr.
561 1832 629 1853 sec.
657 1823 776 1863 reliqui
805 1822 878 1853 fere
906 1833 1022 1853 omues
1051 1824 1270 1863 dil‹1psa.—56
1294 1823 1415 1852 exultat
1442 1822 1517 1852 Pal.
1544 1822 1733 1861 2‘itiis‚siue

265 1863 402 1903 copula,
421 1864 519 1895 Fan-n.
538 1865 661 1895 Petav.
678 1875 729 1904 pr.
774 1866 861 1895 vitiis
876 1867 912 1896 ab
926 1869 1024 1904 stirpe
1042 1866 1152 1896 Oxou.
1169 1875 1220 1905 pr.
1265 1865 1402 1895 rescissis
1428 1865 1506 1894 Par.
1532 1864 1653 1895 Arubr.
1679 1875 1733 1905 pr.

264 1905 345 1936 Vat.
361 1916 428 1936 sec.
478 1907 608 1937 rei-uisis
624 1917 728 1946 marg.
746 1909 954 1939 Morum-57
980 1909 1135 1939 tenebroso
1152 1919 1169 1937 α
1186 1917 1307 1938 carcere
1324 1907 1419 1937 Med.
1437 1917 1503 1938 sec.
1522 1917 1539 1937 a
1557 1917 1599 1938 m.
1619 1917 1671 1947 pr.
1717 1917 1734 1938 e

262 1958 383 1979 carcere
396 1949 519 1989 Isingr.
536 1950 667 1990 Gryph.
683 1956 718 1980 et
737 1951 778 1981 al.
797 1951 873 1981 edd.
920 1951 950 1981 in
967 1961 1089 1981 carcere
1104 1951 1255 1981 Florem.
1277 1951 1372 1980 Med.
1390 1950 1470 1987 duo,
1486 1951 1566 1980 Vat.
1585 1959 1635 1989 pr.
1656 1950 1731 1982 Pal.

263 1990 363 2021 Rott.
379 2001 462 2021 unus
480 1993 599 2023 Heius.
619 1992 698 2023 Ald.
717 1993 770 2024 ed.
789 1994 901 2023 Parni.
930 1999 965 2024 et
992 1994 1104 2024 Vicet.
1151 1992 1306 2024 tenebroso
1321 2003 1442 2023 carcere
1465 1992 1589 2032 reliqui
1616 2002 1732 2024 omnes

261 2033 334 2064 sine
351 2035 695 2074 praepositione—58
721 2037 765 2066 Et
783 2036 909 2066 Movet.
929 2037 1026 2067 alter.
1052 2036 1098 2067 Ac
1114 2045 1168 2066 nos
1183 2036 1278 2066 Leid.
1297 2045 1348 2075 pr.
1372 2036 1534 2066 dedecores
1547 2035 1632 2066 Exc.
1645 2035 1731 2067 cod.

262 2076 381 2107 Rhem.
405 2078 612 2118 torquebimus
638 2078 786 2110 Florent.
832 2079 1042 2119 torquebimur
1068 2079 1121 2109 vel
1137 2078 1327 2119 torpebimus
1353 2078 1477 2109 Moret.
1503 2081 1659 2109 sec.—59
1681 2077 1733 2108 ob-

253 2118 349 2155 jectoe
367 2120 495 2150 Mazar.
512 2121 606 2151 terris
622 2122 673 2151 vel
697 2122 802 2160 regnis
815 2122 895 2153 Lov.
913 2127 948 2152 et
964 2122 1042 2154 vat.
1057 2122 1163 2152 Livin.
1198 2121 1293 2152 terris
1309 2121 1491 2152 Pulmanni
1507 2121 1584 2152 eod.
1601 2124 1679 2161 post
1693 2119 1731 2151 τὸ

261 2162 367 2200 regnis
391 2163 521 2201 siguum
548 2164 826 2203 interrogationis
843 2165 984 2195 exhibet
1001 2164 1232 2195 (flamen—60
1257 2164 1342 2198 Quid
1357 2165 1462 2194 deceat
1479 2163 1594 2193 Furias
1610 2163 1729 2194 Ambr.

261 2212 328 2234 sec.
344 2203 451 2241 fasces
465 2205 518 2234 vel
535 2205 615 2234 rires
629 2206 755 2237 Moret.
773 2216 839 2237 sec.
874 2210 978 2237 suetas
993 2207 1162 2237 consumite
1177 2207 1259 2236 Var.
1276 2206 1346 2235 LL.
1372 2206 1426 2236 ed.
1446 2205 1635 2236 Antv.——61
1659 2208 1730 2236 tun-

260 2246 328 2276 dem
346 2256 407 2286 pro
421 2250 507 2276 tanto
524 2247 618 2277 Rott.
643 2248 808 2278 discernite
822 2248 915 2278 Med.
932 2258 983 2288 pr.
998 2249 1175 2278 discrimine
1191 2247 1245 2278 ed.
1264 2248 1467 2278 vicen—62
1489 2247 1608 2278 viribus
1624 2257 1730 2288 marg.

260 2288 476 2319 Malim—63
502 2290 604 2319 Deum
628 2291 706 2320 Vat.
723 2291 829 2330 quint.
856 2301 875 2320 a
900 2300 944 2321 111.
964 2300 1012 2330 pr.
1048 2291 1131 2320 Deos
1159 2300 1177 2319 a
1204 2300 1248 2319 m.
1277 2299 1344 2320 sec.
1379 2291 1500 2329 lapsare
1528 2290 1728 2321 Florem.—

261 2334 302 2362 64
325 2333 425 2371 raptis
445 2332 535 2362 Leid.
553 2342 619 2363 sec.
638 2338 673 2363 et
690 2333 774 2362 Exc.
792 2333 936 2363 Gevart.
970 2332 1048 2363 rivis
1062 2333 1146 2362 imm.
1162 2332 1264 2372 ruptis
1280 2332 1357 2363 Vat.
1375 2342 1443 2363 sec.
1461 2333 1552 2364 Prie.
1587 2333 1730 2364 emittere

259 2374 383 2404 Petav.
402 2374 468 2405 duo
487 2385 504 2405 a
522 2385 564 2404 m.
583 2385 650 2405 sec.
669 2380 704 2405 et
721 2376 798 2406 Pat.
832 2375 992 2405 dimittere
1010 2375 1127 2415 Cujac.
1145 2376 1185 2404 ad
1217 2375 1337 2415 lsingr.
1370 2375 1448 2405 rii-«is
1464 2385 1548 2405 unus
1564 2375 1731 2407 Heius.—

259 2418 299 2447 65
334 2427 448 2448 vexare
464 2418 549 2458 Reg.
568 2418 662 2449 Med.
688 2427 738 2458 pr.
765 2418 886 2449 Heius.
903 2418 989 2448 Exc.
1009 2419 1151 2448 Lucens.
1170 2427 1237 2448 sec.
1285 2419 1406 2458 lapsare
1431 2417 1525 2449 Med.
1547 2427 1617 2449 sec.
1633 2418 1727 2450 Prie.

920 2520 948 2550 N
958 2519 1060 2550 OTAE

301 2595 341 2623 54
369 2593 493 2623 sonunt
508 2593 713 2634 triumphum]
741 2593 890 2633 Propter
907 2604 960 2624 vo·
1018 2595 1089 2624 vius
1115 2601 1168 2625 est
1196 2594 1388 2626 inferorum
1415 2593 1476 2624 ἀπὸ
1502 2594 1560 2624 τοῦ
1584 2595 1725 2633 στυγεῖν,

258 2653 312 2674 ces
327 2645 598 2676 acclamantium.
644 2645 809 2675 Ovidius:
835 2646 843 2660 ‘
860 2644 961 2675 Miles
1016 2646 1125 2685 odisse,
1152 2646 1288 2685 horrere,
1315 2645 1404 2686 quod
1435 2645 1480 2674 sit
1505 2642 1626 2675 fluvius
1655 2643 1725 2675 odii

258 2694 302 2734 io,
317 2704 437 2733 magna
456 2706 549 2734 voce,
566 2696 736 2735 triumphe
753 2694 874 2725 canet.’
1017 2701 1121 2736 atque
1139 2696 1298 2727 horroris.
1341 2695 1428 2726 Inde
1442 2694 1594 2735 Stygius,
1608 2694 1642 2725 id
1659 2698 1725 2734 est,

302 2747 343 2775 62
366 2744 505 2786 Stygiis]
547 2746 633 2786 Styx
656 2745 730 2776 fons
755 2749 806 2776 est
832 2754 962 2775 veneno
1018 2745 1186 2778 Infernus.

257 2793 477 2836 frigidissimo
492 2800 628 2828 scatens
644 2796 678 2828 in
695 2795 846 2828 Arcadia
861 2807 867 2826 :
903 2794 964 2826 flu-
1062 2800 1102 2828 65
1131 2797 1252 2829 Vexare
1261 2796 1377 2839 fidem]
1419 2797 1569 2838 Vexare,
1586 2795 1726 2828 turbare
