1852 3193
190 214 277 257 236
654 219 730 250 cn.
764 214 1045 248 CLAUDIANI
1081 212 1190 242 vm.

193 319 445 362 Dissimiles
462 332 473 369 3
506 317 586 358 sed
606 320 743 357 morte
764 325 918 367 pares:
951 309 1134 350 evadere
1153 308 1296 349 neutri

193 388 412 435 Dedecus,
437 390 511 427 aut
532 386 684 425 mixtis
706 382 832 422 licuit.
851 378 1139 433 procumbere
1160 377 1276 417 telis.

192 456 372 497 Amissa
395 455 557 508 specie,
578 452 714 505 raptis
736 448 1002 501 insignibus,
1024 446 1153 486 ambo

191 523 246 564 In
267 523 414 564 vultus
436 522 600 561 rediere
622 531 743 568 suos,
765 517 1053 568 manibusque
1072 513 1278 554 revinctis

193 592 343 632 oblati
361 590 519 643 gladiis
542 587 797 628 submittunt
818 583 933 625 colla
954 582 1147 636 paratis:

193 659 251 700 Et
270 660 407 699 vitain
430 657 689 708 veniamque
709 657 874 707 rogant.
937 651 1024 691 Pro
1045 650 1206 691 damna
1226 647 1408 702 pudoris
1425 646 1434 686 !

192 726 283 777 Qui
303 726 436 766 modo
459 730 545 766 tam
567 724 724 763 densas
742 725 849 761 nutu
870 731 1042 759 movere
1065 717 1283 765 cohortes,

192 795 244 835 In
266 807 375 848 quos
390 794 483 847 jam
500 792 664 833 dubius
687 802 784 830 sese
799 789 1034 829 libraverat
1056 786 1193 834 orbis,

193 861 298 903 Non
312 862 460 902 hostes
477 861 642 900 victore
666 857 845 906 cadunt,
869 855 945 896 sed
962 853 1115 907 judice
1138 855 1300 893 sontes.

1593 575 1649 616 85

189 991 340 1030 pessemia
354 999 364 1025 ;
385 989 435 1018 hic
449 987 544 1027 copiis
557 986 658 1020 laxi&
674 985 729 1014 ille
745 982 955 1014 munimentis.
1003 980 1153 1020 Dispares
1168 979 1317 1019 ingenio,
1331 979 1383 1008 sed
1396 987 1487 1018 pares
1502 975 1656 1011 interitu,-

192 1033 296 1063 neulri
313 1040 484 1062 concessum
509 1033 552 1059 est
569 1025 939 1067 effugereigrrornz'nian1,
965 1027 1018 1054 aut
1036 1024 1114 1052 mori
1139 1023 1259 1052 collatis
1272 1022 1382 1059 signis.
1428 1019 1528 1050 Ambo
1545 1019 1658 1060 figura

193 1074 375 1114 splendida
391 1072 453 1101 sibi
471 1074 588 1110 erepta,
604 1072 708 1108 erepta
723 1077 874 1107 purpura,
898 1068 1108 1096 resumserunt
1116 1064 1256 1102 sormam
1268 1063 1449 1102 pristinam,
1473 1066 1502 1092 et
1517 1061 1659 1091 manibus

192 1117 301 1156 ligatis
321 1114 466 1155 producti
478 1113 647 1150 subjiciunt
662 1111 810 1141 cervicem
823 1108 931 1138 cultris
945 1107 1120 1147 expeditis:
1142 1116 1178 1136 ac
1190 1108 1319 1145 poscunt
1334 1105 1433 1134 vitam
1454 1107 1545 1144 utque
1557 1104 1658 1134 indul—

188 1159 342 1197 gentiam.
389 1158 418 1186 0
441 1156 564 1185 ruinam
590 1151 808 1185 verecnndioe!
831 1151 884 1191 qni
908 1159 1006 1190 nuper
1030 1148 1245 1180 excitat-erunt
1262 1148 1305 1178 ad
1331 1147 1498 1177 arbitrium
1519 1149 1659 1176 catervas

191 1206 255 1232 tam
271 1202 446 1238 immensas,
469 1199 500 1229 in
519 1207 593 1238 quos
605 1196 675 1234 jam
700 1195 832 1226 nnmdus
856 1203 966 1234 anceps
990 1191 1155 1233 pendebat,
1175 1201 1234 1222 non
1250 1190 1430 1221 occiduntur
1452 1199 1471 1220 a
1486 1189 1604 1220 victore
1618 1193 1658 1219 ut

816 1276 1009 1288 eaeeeeeceaec
1016 1276 1052 1286 ‘e

193 1341 278 1370 intra
291 1339 371 1369 Vat.
395 1347 464 1368 scc.
486 1336 561 1367 Pal.
579 1336 708 1366 Moret.
726 1344 792 1365 sec.
811 1339 880 1363 tres
892 1332 988 1363 Med.
1013 1332 1124 1363 Oxou.
1149 1341 1217 1362 sec.
1235 1331 1320 1361 Exc.
1338 1331 1482 1361 Lucens.
1501 1337 1567 1359 sec.
1589 1326 1657 1358 vid.

194 1382 345 1413 Gronov.
363 1381 403 1411 ad
421 1380 495 1411 Liv.
513 1389 547 1419 p.
566 1381 639 1410 558.
673 1379 817 1408 reductas
834 1377 932 1406 Rott.
963 1376 1105 1406 redactus
1121 1373 1327 1415 conjiciebat
1353 1372 1558 1403 Heius—82
1581 1370 1658 1401 haut

190 1425 304 1456 mixtis
315 1424 394 1454 Pat.
413 1423 497 1453 haud
512 1423 637 1453 Moret.
652 1430 721 1451 see.
738 1420 841 1451 missis
858 1418 1064 1458 conjiciebat
1076 1418 1282 1448 Barth.—83
1294 1416 1418 1447 Amissa
1430 1416 1512 1445 Var.
1525 1414 1591 1444 LL.
1606 1412 1660 1445 ed.

194 1467 300 1498 Antv.
316 1467 464 1498 Admissa
480 1464 581 1496 Wolf.
607 1464 762 1495 Amissam
777 1472 860 1502 spem
876 1461 977 1501 raptis
991 1462 1077 1493 Jnn:
1089 1471 1142 1500 pr.
1177 1460 1278 1500 raptis
1296 1458 1432 1499 plurimi
1449 1456 1557 1489 Codd.
1573 1456 1660 1487 Exc.

195 1511 339 1541 Gevart.
368 1515 402 1540 et
428 1509 571 1539 Lucem.
601 1509 736 1546 pix—84
772 1506 810 1536 Ιη
836 1505 937 1535 cultus
962 1504 1050 1544 conj.
1076 1503 1286 1534 Heius—85
1322 1502 1430 1532 Oblita
1452 1499 1549 1531 Med.
1575 1503 1658 1530 tert.

197 1552 333 1592 Oblaque
349 1552 413 1583 inc.
432 1551 552 1581 Heius.
580 1550 695 1580 Oblata
710 1548 795 1589 legit
812 1547 987 1586 Heinsius,
1013 1546 1134 1577 ultima
1150 1556 1195 1576 sc.
1212 1546 1312 1584 longa
1328 1545 1380 1574 vel
1399 1546 1541 1584 propter
1555 1551 1660 1572 caesu-

195 1605 265 1626 raui
283 1596 335 1626 vel
365 1594 516 1635 geminas
541 1596 768 1623 consonantes
785 1590 879 1621 vocis
904 1589 1091 1629 sequentis,
1116 1598 1194 1619 nam
1211 1588 1416 1628 ascripserat
1441 1587 1449 1602 ‘
1466 1586 1513 1616 sic
1530 1584 1660 1615 Statius

195 1640 309 1677 saepe.'
340 1636 476 1677 peractis
489 1636 711 1666 'simios—87
738 1634 894 1672 Quomodo
909 1632 1006 1662 Leid.
1031 1641 1101 1662 sec.
1137 1631 1202 1665 Quz'
1217 1630 1296 1661 mihi
1312 1630 1450 1660 Tholos.
1482 1631 1529 1657 tot
1553 1628 1661 1657 densas

196 1680 414 1712 Mamm-85
439 1679 476 1709 In
494 1689 551 1719 quo
576 1677 673 1709 Med.
701 1681 781 1708 tert.
816 1675 919 1707 dubiis
932 1675 1015 1705 Var.
1031 1674 1099 1706 LL.
1126 1675 1179 1704 ed.
1202 1672 1307 1704 Antv.
1344 1676 1409 1703 tam
1432 1670 1562 1702 Moret.
1591 1677 1659 1700 sec.

860 1782 1000 1815 NOTAE

240 1865 279 1893 81
315 1861 422 1892 Morte
448 1859 554 1900 pares]
599 1859 710 1890 Ambo
738 1857 905 1889 carnificis

196 1922 297 1944 manu
334 1911 481 1952 periere,
508 1919 700 1951 quanquam
725 1909 780 1939 alii
806 1908 906 1939 aliter

197 1963 350 1994 sentiunt
366 1973 373 1999 ;
399 1967 433 1992 et
451 1961 641 2000 Eugenium
659 1960 901 1990 obtruncatum

196 2023 214 2044 a
227 2012 392 2044 militibus
407 2011 515 2050 aiunt,
528 2011 608 2041 dum
620 2009 811 2041 Theodosio
826 2018 902 2048 sup-

198 2064 314 2105 plicat.

240 2116 281 2144 82
306 2112 426 2143 Mixtis
441 2111 528 2151 telis]
555 2111 596 2142 111
613 2111 699 2151 acie,
716 2111 749 2141 in
766 2109 903 2142 conflic-

199 2170 234 2196 tu
250 2164 401 2195 militari.

240 2217 280 2245 83
297 2213 423 2245 Amissa
435 2212 549 2252 specie]
567 2212 739 2252 Eugenius
756 2217 791 2243 et
803 2213 901 2243 Max—

197 2264 282 2295 imus
297 2263 419 2294 amissa
432 2261 541 2302 figura
552 2262 696 2302 quadam
711 2262 902 2302 splendida,

199 2324 273 2356 quae
291 2323 408 2345 eorum
424 2312 677 2352 ignobilitatem
704 2317 801 2342 certa
826 2320 900 2351 spe-

198 2364 250 2396 cie
268 2363 419 2404 tegebat,
435 2361 573 2402 spoliati
589 2371 753 2401 purpura,
770 2366 804 2392 ct
829 2361 901 2391 aliis

198 2414 385 2455 insignibus
414 2412 559 2453 imperii,
585 2411 763 2442 redierunt
779 2411 812 2441 in
831 2411 899 2441 vul-

199 2471 251 2497 tus
269 2475 356 2505 sum,
371 2464 435 2494 hoc
459 2467 521 2502 est,
545 2463 578 2493 in
602 2460 742 2492 formam
758 2465 901 2492 statum-

199 2525 261 2557 que
300 2514 495 2555 pristinum,
532 2512 705 2553 Eugenius
734 2511 838 2543 rediit
869 2512 900 2541 in

196 2566 337 2597 formam
367 2563 614 2602 Grammatici3
659 2563 831 2593 Maximus
868 2562 901 2592 in

199 2616 342 2657 figuram
358 2625 488 2653 vernae,
504 2614 596 2654 lixae,
610 2613 780 2653 armigeri.

240 2670 280 2698 85
306 2666 517 2706 Submittunt]
540 2665 617 2696 Non
634 2664 755 2706 ignari,
771 2674 805 2695 se
818 2674 902 2695 mor-

201 2723 234 2750 te
251 2728 324 2749 esse
337 2716 566 2758 dignissimos.

243 2772 284 2800 86
310 2769 354 2799 Et
370 2768 468 2800 vitam
480 2766 660 2808 veniamque
674 2765 802 2807 rogant]
846 2767 902 2798 De

959 1856 1116 1897 Eugenio
1133 1866 1234 1887 nemo
1256 1856 1414 1887 dubitat:
1439 1854 1481 1885 de
1506 1853 1659 1885 Maximo

958 1907 1076 1938 multi:
1115 1911 1191 1938 erat
1221 1907 1312 1937 enim
1342 1905 1442 1936 fortis
1472 1910 1508 1936 et
1537 1904 1661 1935 audax.

958 1958 1068 1988 Immo
1085 1961 1175 1997 sunt,
1201 1957 1259 1998 qui
1284 1966 1361 1987 eum
1379 1966 1397 1986 a
1419 1954 1584 1986 militibus
1605 1963 1660 1985 oc-

956 2008 1064 2039 cisum
1082 2008 1222 2046 dicant;
1246 2016 1310 2038 nec
1334 2006 1369 2036 in
1395 2004 1580 2036 Theodosii
1608 2013 1662 2034 ve-

957 2060 1047 2090 nisse
1064 2063 1284 2100 potestatem.
1331 2056 1400 2088 Alii
1427 2061 1546 2088 contra
1572 2064 1663 2086 asse-

958 2114 1038 2141 runt
1055 2120 1132 2141 eum
1157 2108 1328 2150 Aquileiae
1346 2110 1484 2147 captum
1509 2116 1528 2137 a
1552 2105 1663 2136 Theo-

958 2161 1064 2200 dosio,
1094 2165 1129 2192 et
1153 2170 1230 2192 cum
1258 2159 1326 2190 filio
1350 2158 1494 2189 Victore
1521 2155 1662 2196 capitali

958 2211 1126 2251 supplicio
1144 2209 1316 2241 affectum.

1000 2261 1066 2291 Pro
1081 2262 1193 2290 (Iamna
1218 2258 1361 2299 pudoris]
1395 2257 1426 2288 Ο
1452 2256 1582 2287 ruinani
1601 2265 1660 2296 pu-

957 2311 1050 2341 doris
1066 2313 1071 2341 !
1098 2320 1117 2341 o
1135 2310 1300 2350 pudorem
1316 2308 1493 2339 amissum!
1512 2307 1661 2337 vitamne

957 2370 1080 2401 rogare
1104 2370 1171 2390 non
1193 2359 1412 2398 erubeseunt,
1442 2357 1500 2398 qui
1527 2356 1569 2387 de
1589 2355 1662 2387 vita

956 2423 1016 2444 sua
1042 2416 1196 2443 statuere
1219 2415 1393 2451 poterant,
1421 2414 1456 2440 et
1470 2408 1610 2439 fortiter
1625 2417 1661 2438 se

957 2462 1136 2493 occidere!
1169 2461 1201 2491 id
1232 2461 1321 2491 enim
1349 2458 1561 2490 fortitudinis
1584 2467 1662 2489 esse

956 2518 1091 2544 veteres
1108 2511 1308 2542 credebant.

1000 2566 1040 2593 88
1064 2562 1137 2593 Sese
1151 2560 1334 2600 libraverat]
1361 2559 1543 2590 'rm-rarum
1567 2557 1660 2590 orbis

956 2613 1143 2650 nesciebat,
1160 2612 1213 2652 cuj
1221 2620 1258 2641 us
1271 2609 1542 2641 victoriafutura
1558 2613 1662 2648 esset,

959 2673 1001 2694 an
1016 2661 1212 2701 Theodosii,
1238 2670 1279 2691 an
1295 2660 1459 2696 aliorum3
1482 2663 1517 2690 et
1533 2658 1583 2690 sic
1599 2658 1660 2690 du·

956 2714 1032 2745 bins
1062 2711 1235 2753 pendebat
1263 2711 1361 2752 cujus
1390 2709 1555 2752 potestati
1583 2718 1659 2742 sese

957 2763 1154 2805 subjiceret.
