1852 3193
238 236 322 276 244
687 247 760 275 cn.
796 243 1077 275 ‹JLAUDIANI
1116 242 1222 273 viu.

239 337 338 378 Nec
358 340 399 378 te
422 339 701 391 progenitum
726 337 970 390 Cybeleius
994 348 1080 375 aere
1102 346 1261 375 sonoro

239 405 467 446 Lustravit
487 405 702 459 Corybas.
764 403 1001 443 Exercitus
1022 402 1217 455 undique
1237 402 1405 454 fulgens·
1620 402 1703 441 150

233 471 413 513 Astitit:
446 473 635 512 ambitur
656 471 796 523 signis
817 471 1042 522 augustior
1062 469 1212 509 infans
1234 483 1244 510 ε

237 540 382 580 Sentit
403 539 641 580 adorantes
664 538 830 590 galeas,
854 537 1083 590 redditque
1106 536 1294 576 ferocem

237 606 449 659 Vagitum
470 607 608 646 lituis.
670 605 824 646 Vitam
846 604 927 644 tibi
950 604 1134 645 contulit
1153 604 1271 644 idem

235 672 570 726 Imperiumque
591 673 690 713 dies
710 686 720 713 z
752 673 862 712 inter
885 671 1106 711 cunabula
1127 669 1297 710 Consul

235 740 499 782 Proveheris
519 755 527 781 ε
562 741 726 793 signas,
749 740 895 793 posito
918 739 1051 779 modo
1072 739 1266 788 nomine,
1288 738 1430 779 fastos
1449 751 1460 789 3
1616 738 1701 779 155

235 809 523 861 Donaturquc
546 810 641 859 tibi,
664 809 738 862 qui
761 812 803 848 te
825 808 1108 861 produxerat,
1129 819 1280 847 annus.

234 875 347 929 Ipsa
369 876 587 926 Quirinali
608 889 794 930 parvum
815 880 855 916 te
878 875 1019 915 cinxit
1040 875 1206 916 amictu

226 995 398 1035 personuit.
445 996 553 1034 ‚Neque
585 994 723 1033 Corybas
751 994 913 1033 Cybeleius
944 998 974 1024 te
997 997 1104 1024 natum
1142 994 1346 1024 circumdedit
1379 993 1476 1025 armis
1504 993 1699 1024 sonantibus:

231 1039 367 1077 legiones
391 1038 590 1075 undequaque
616 1039 810 1066 coruscantes
837 1036 1006 1075 affuerunt.
1052 1035 1161 1071 Infans
1189 1036 1391 1066 venerabilior
1417 1037 1534 1067 cinctus
1563 1036 1698 1074 vexillis,

229 1081 329 1110 cernit
345 1079 477 1109 cassides
498 1078 652 1115 cultrices,
669 1081 700 1107 et
721 1079 884 1115 respondet
900 1078 982 1107 tubis
1007 1079 1117 1115 vagitu
1140 1077 1284 1108 terribili.
1329 1079 1402 1108 Lux
1418 1080 1522 1109 eadem
1537 1080 1621 1109 dedit
1637 1078 1697 1109 tibi

227 1123 325 1152 vitam
341 1124 370 1151 et
386 1121 532 1150 honores.-
573 1120 687 1149 Consul
704 1120 843 1159 procedis
859 1120 942 1149 inter
958 1128 1062 1157 cunaS‚
1090 1123 1120 1149 et
1142 1120 1288 1158 designas
1303 1119 1407 1157 fastos
1422 1121 1540 1151 nomine
1554 1121 1697 1162 imposito

231 1164 293 1194 tibi
307 1172 415 1202 nuper⁷
429 1166 459 1192 et
475 1163 562 1192 idem
579 1161 654 1192 fere
680 1171 789 1198 annus,
805 1161 858 1200 qui
873 1162 1013 1192 ediderat
1032 1164 1074 1200 te,
1101 1161 1287 1193 attribuitur
1301 1162 1369 1194 tibi.
1415 1163 1535 1194 Parens
1550 1164 1618 1203 ipsa
1632 1173 1697 1194 tes-

228 1206 301 1236 tivit
318 1209 348 1237 te
372 1206 514 1236 tenellum
538 1204 645 1236 trabea
670 1204 846 1244 Consuhzri,
871 1207 902 1234 et
929 1204 1112 1235 monstravit
1139 1204 1203 1235 tibi
1227 1205 1370 1245 obrepere
1385 1206 1425 1236 ad
1439 1206 1558 1236 curules
1567 1207 1696 1246 primas·

842 1313 1081 1325 eeeeeeeeeeee

228 1399 324 1430 Voss.
334 1399 413 1431 Jun.
424 1400 536 1431 Oxou.
551 1400 1015 1433 Leid.L0van.eta1ii.-149
1031 1403 1098 1433 Non
1111 1406 1141 1433 te
1151 1402 1218 1432 duo
1227 1402 1307 1432 Vat.
1319 1401 1414 1432 Farn.
1427 1402 1555 1432 Mazar.
1567 1401 1694 1435 Moret.

227 1452 294 1474 sec.
311 1442 391 1473 Var.
409 1443 474 1473 LL.
489 1453 506 1473 e
524 1452 629 1483 marg.
646 1444 758 1475 Parm.
776 1450 812 1475 et
839 1445 891 1475 ed.
905 1445 1017 1476 Vicet.
1045 1455 1096 1476 ore
1112 1445 1293 1476 duodecim
1316 1444 1433 1485 scripti
1451 1445 1533 1475 Exc.
1551 1444 1693 1477 Gevart.

226 1484 306 1517 Jun.
325 1484 436 1516 Oxou.
453 1485 548 1516 Leid.
564 1496 614 1516 ore
626 1496 730 1517 sereno
741 1488 820 1518 Vat.
837 1492 917 1518 tert.
934 1489 1029 1519 Rott.
1044 1499 1096 1518 ore
1111 1498 1217 1519 sereno
1235 1488 1287 1518 vel
1303 1497 1365 1518 cere
1379 1497 1487 1518 sonoro
1500 1487 1694 1518 Florem.—

228 1530 289 1558 151
303 1527 436 1558 ambitus
449 1528 562 1559 Oxou.
578 1538 644 1559 sec.
657 1529 793 1560 ambitur
805 1530 922 1561 decem
937 1531 1003 1562 alii.
1028 1531 1162 1561 ambitus
1175 1536 1210 1562 et
1227 1530 1361 1561 emend.
1377 1531 1512 1561 ambitur
1526 1530 1608 1560 Var.
1625 1530 1692 1561 LL.

229 1579 249 1600 e
278 1580 384 1610 marg.
402 1571 516 1602 Parni.
530 1572 694 1610 angustior
708 1573 787 1603 Vat.
806 1578 914 1613 quart.
929 1574 1118 1605 Lon—152
1132 1574 1226 1604 sentit
1242 1575 1405 1604 adorantes
1422 1572 1517 1603 Leid.
1541 1582 1592 1612 pr.
1609 1573 1693 1604 Exc.

226 1613 371 1643 Lucens.
386 1623 453 1644 sec.
498 1614 605 1644 Sensit
627 1625 747 1645 novem
766 1616 832 1646 alii.
855 1617 1019 1647 odorantes
1033 1617 1113 1646 Var.
1131 1616 1199 1647 LL.
1217 1616 1270 1647 ed.
1288 1615 1498 1647 Antv.—153
1513 1616 1611 1645 lituus
1627 1620 1693 1646 vet.

228 1654 312 1694 Gyr.
326 1656 431 1695 pueris
447 1656 541 1687 Med.
559 1661 744 1688 tert.——155
767 1659 950 1689 Proveheris
966 1659 1049 1690 Exc.
1066 1659 1212 1690 Lucens.
1229 1668 1294 1689 sec.
1309 1658 1494 1688 Perreheris
1510 1657 1564 1688 ed.
1581 1657 1693 1689 Vicet.

224 1697 339 1728 Parm.
377 1698 483 1737 signas
509 1699 575 1729 duo
602 1699 681 1731 Vat.
710 1701 792 1731 Exc.
809 1701 953 1732 Lucens.
971 1711 1039 1731 sec.
1076 1702 1205 1739 signans
1228 1705 1359 1740 septem
1376 1700 1443 1731 alii.
1478 1700 1596 1739 positos
1610 1700 1691 1732 Jun.

227 1749 277 1779 pr.
313 1740 429 1780 primos
444 1742 509 1772 duo
525 1742 651 1773 Moret.
686 1743 786 1783 posito
802 1743 861 1773 tibi
878 1744 1003 1774 Moret.
1021 1753 1088 1774 sec.
1121 1744 1235 1783 positos
1250 1744 1286 1773 de
1302 1743 1422 1773 nomine
1438 1742 1565 1773 Moret.
1582 1752 1632 1783 pr.
1647 1753 1691 1775 m.

228 1791 278 1822 pr.
287 1782 394 1820 fastus
412 1784 494 1815 Exc.
514 1785 653 1816 Lucens.
679 1795 745 1817 sec.
762 1786 853 1827 quod
876 1786 1036 1826 probavit
1051 1786 1279 1817 Heius—156
1300 1786 1484 1825 produxerit
1499 1785 1578 1817 Jun.
1597 1795 1692 1826 pr.—

889 1870 1035 1902 NOTAE

270 1944 331 1972 149
357 1942 519 1982 Cybeleius
534 1944 686 1984 Corybas]
703 1944 931 1985 Corybantes,

225 1992 372 2032 Cybeles
401 2003 532 2033 magum
553 1995 704 2025 Deorum
732 1996 849 2026 matris
874 1996 931 2026 Sa-

224 2041 398 2081 cei-dotes,
415 2053 482 2073 non
498 2047 533 2074 te
547 2045 732 2084 lustrarunt,
750 2046 804 2076 vel
820 2047 853 2076 in
867 2046 929 2077 cir-

223 2094 336 2124 culum
353 2093 557 2133 ambierunt,
573 2100 610 2126 ut
624 2096 747 2128 Jovem
766 2096 799 2126 in
824 2097 930 2128 Creta

222 2143 332 2173 insula
348 2152 466 2173 recens
493 2150 622 2183 natum,
642 2156 704 2176 cere
718 2156 837 2186 sonoro,
853 2157 929 2178 cum

224 2192 389 2232 cymbalis
416 2194 615 2224 sonantibus
643 2205 684 2225 ex
720 2206 788 2227 aere
815 2197 929 2237 factis,

223 2250 267 2271 ne
295 2241 391 2281 pueri
418 2242 551 2281 vagitus
568 2253 587 2273 a
603 2244 747 2275 Saturno
775 2251 873 2285 patre
891 2247 928 2277 li-

222 2291 324 2322 beros
338 2292 504 2322 masculos
521 2292 709 2324 devorante
725 2295 911 2325 audiretur.

268 2346 331 2374 150
368 2344 550 2384 Exercitus]
593 2344 716 2376 Astitit
742 2346 805 2376 tibi
837 2346 927 2377 inter

223 2403 318 2425 arma
335 2395 505 2426 nascenti.
598 2393 601 2396 ⁴

268 2446 329 2474 152
355 2446 529 2475 Adorantes
555 2445 676 2485 galeas]
714 2446 792 2477 Non
819 2448 924 2486 galeae

220 2493 376 2531 adorant,
396 2494 455 2525 sed
471 2496 595 2526 milites
607 2497 745 2536 galeati,
761 2506 832 2527 sese
847 2496 924 2527 ado-

222 2544 368 2575 rantium
384 2554 476 2574 more¹
493 2545 745 2577 submittentes.

267 2595 444 2635 Redditque
468 2596 618 2636 ferocem]
666 2598 746 2627 Edit
775 2596 925 2629 ferocem

222 2645 315 2676 tubis
342 2646 580 2686 clangentibus
608 2648 770 2688 vagitum,
788 2649 925 2689 quijam

224 2695 387 2726 audacem
406 2703 525 2735 arguat
553 2698 707 2728 animam.
754 2698 794 2728 Id
812 2705 923 2728 tamen

223 2745 266 2776 de
283 2745 437 2776 Honorio
455 2756 519 2776 uon
542 2747 755 2778 contii-mavit
770 2753 924 2780 eventus.

269 2798 327 2826 154
347 2796 435 2828 Inter
449 2797 598 2829 cunabula
610 2798 737 2838 Consul]
753 2799 925 2833 Honorius

987 1945 1091 1977 tertio
1108 1945 1220 1976 aetatis
1238 1955 1323 1976 anno
1344 1946 1467 1977 Consul
1485 1944 1597 1976 factus
1625 1949 1689 1977 est.

1029 1998 1090 2025 155
1117 1995 1225 2025 Posito
1244 1996 1328 2025 modo
1352 1995 1487 2034 nomine]
1524 1995 1688 2027 Politice:

986 2054 1061 2075 nain
1077 2045 1235 2076 lustricus
1252 2045 1323 2075 dies
1336 2045 1524 2085 puellarum
1537 2050 1690 2087 octavus,

985 2105 1168 2136 puerorum
1205 2105 1310 2126 nonus
1342 2100 1439 2126 erat:
1479 2100 1618 2137 tumque
1649 2096 1690 2128 iis

985 2146 1122 2176 nomina
1138 2145 1412 2185 imponebantur.
1452 2146 1570 2185 Signas
1575 2146 1691 2187 fastos,

984 2195 1202 2226 denominas:
1237 2196 1365 2226 dictum
1392 2196 1481 2226 enim
1520 2201 1584 2235 est,
1619 2196 1688 2226 Ho-

983 2246 1069 2275 norio
1084 2250 1114 2276 et
1130 2247 1246 2275 Evodio
1264 2246 1463 2276 Consulibus.-
1497 2247 1612 2287 sicque
1628 2257 1686 2278 an-

982 2303 1042 2323 nus
1059 2304 1118 2324 seu
1137 2294 1217 2324 fasti
1245 2295 1512 2334 designabantur
1538 2305 1599 2335 per
1614 2296 1686 2327 Ho-

980 2344 1122 2374 norium.
1177 2344 1232 2375 Sic
1261 2349 1295 2375 et
1323 2345 1467 2376 Poe'Hce
1492 2346 1686 2386 intelligen-

980 2395 1042 2425 dus
1075 2405 1191 2426 versus
1223 2406 1366 2437 sequens
1403 2398 1607 2437 donaturque,
1632 2400 1683 2437 &a

979 2446 1069 2476 Nam
1086 2447 1256 2477 Honorius
1273 2457 1338 2477 uon
1359 2446 1470 2477 factus
1487 2452 1539 2478 est
1556 2448 1684 2480 Consul

980 2505 1067 2526 anno
1097 2506 1164 2536 quo
1181 2502 1278 2527 uatus
1295 2502 1359 2535 est,
1376 2497 1448 2535 sed,
1472 2502 1510 2527 ut
1525 2497 1684 2540 diximus,

980 2547 1081 2577 tertio
1099 2549 1211 2578 fetatis
1227 2558 1326 2578 anno.

1023 2599 1084 2627 156
1108 2598 1267 2637 Donatur]
1308 2598 1444 2629 Nomini
1475 2603 1535 2631 tuo
1563 2609 1681 2632 conse-

980 2653 1106 2680 cratur.

1022 2702 1081 2729 157
1110 2700 1283 2740 Quirinali]
1330 2700 1462 2731 Trabea
1489 2710 1549 2732 seu
1583 2706 1681 2734 veste

978 2750 1167 2790 Consulari‚
1184 2752 1291 2793 qualis
1304 2751 1371 2783 fuit
1385 2752 1520 2786 Quirini
1534 2763 1595 2785 seu
1612 2754 1680 2786 Ro-

977 2800 1059 2831 muli
1077 2800 1189 2842 Regis.
