1852 3193
246 234 332 276 142

748 244 823 274 CL.
857 242 1138 273 CLAUDIANI
1175 242 1219 272 V.

245 338 303 381 Et
323 352 463 380 rerum
485 339 744 380 commissus
766 352 906 392 apex:
939 337 1020 379 tibi
1041 336 1210 376 credita
1229 334 1412 376 fratrum
1675 336 1704 375 5

246 404 444 460 Utraque
464 407 694 460 majestas,
717 406 987 458 geminaeque
1008 403 1226 444 exercitus
1248 402 1375 443 aulae.

247 473 439 515 Rufinus
459 473 619 528 (neque
639 474 751 513 enim
774 474 1000 525 patiuntur
1021 483 1146 512 saeva
1166 470 1363 523 quietem

248 540 456 591 Crimina,
478 541 741 594 pollutaeque
762 542 916 592 negant
938 551 1135 579 arescere
1156 537 1332 587 fauces)

247 609 449 651 Infandis
470 610 621 649 iterum
642 610 778 647 terras
801 605 1041 647 accendere
1061 605 1190 647 bellis

248 676 445 726 Inchoat,
465 680 505 717 et
525 676 654 716 solito
676 687 835 728 pacem
856 686 1017 714 vexare
1038 672 1237 714 tumultu.

1656 672 1713 713 10

249 743 368 785 Haec
388 745 516 785 etiam
538 755 713 783 secum:
748 740 955 790 Quanam
977 740 1142 781 ratione
1163 740 1317 780 tuebor

249 812 381 866 Spem
402 812 505 853 vitae
527 810 755 863 fragilem?
790 822 877 862 qua
897 812 961 850 tot
983 807 1199 860 depellere
1220 806 1383 848 fluctus

248 878 356 921 Arte
380 879 566 933 queam?
599 890 769 930 premor
790 877 887 917 hinc
910 876 1053 925 odiis;
1084 874 1186 915 hinc
1218 875 1354 916 milite
1378 875 1539 928 cingor.

250 946 357 987 Heu
375 947 383 987 !
418 946 522 1000 quid
545 946 704 997 agam?
737 957 825 984 non
846 956 967 984 arma
989 943 1110 992 mihi,
1131 955 1218 983 non
1238 942 1464 996 Principis
1482 943 1598 984 ullus

249 1012 508 1054 Auxiliatur
530 1026 677 1053 amor:
710 1016 879 1053 matura
899 1011 1099 1064 pericula
1119 1014 1296 1064 surgunt

1660 1009 1717 1051 15

250 1111 404 1150 Majestas
423 1111 569 1141 Fratrum
586 1109 743 1140 amborum
757 1111 945 1140 demandata
962 1113 1014 1139 est
1042 1108 1113 1147 tibi,
1129 1111 1160 1138 et
1175 1108 1301 1148 agmina
1315 1107 1426 1147 Regioe
1441 1108 1581 1147 duplicis.
1627 1107 1719 1149 Rufi-

249 1163 306 1184 nus
320 1153 457 1193 (etenim
480 1154 594 1182 scelera
617 1153 737 1183 atrocia
763 1162 820 1182 non
846 1152 1034 1191 permittunt
1057 1150 1206 1190 requiem,
1231 1153 1261 1181 et
1286 1152 1398 1189 guttur
1426 1151 1573 1187 infectum
1599 1153 1719 1181 recusat

247 1195 431 1234 siccescere)
462 1195 603 1225 Rufinus
632 1195 744 1235 incipit
767 1203 874 1226 rursus
896 1193 998 1224 orbem
1022 1193 1218 1234 inflammare
1241 1192 1364 1232 proeliis
1387 1192 1529 1231 nefariis,
1544 1197 1575 1223 et
1589 1193 1717 1224 turbare

249 1248 353 1278 pacem
379 1238 581 1268 seditionibus
606 1238 768 1268 consuetis.
817 1237 901 1272 Quin
926 1240 955 1267 el
984 1235 1125 1266 Rufinus
1152 1236 1200 1266 ait
1215 1236 1295 1266 talia
1316 1235 1408 1266 verba
1433 1245 1554 1266 secum:
1580 1235 1721 1270 Quonam

249 1282 337 1311 modo
359 1280 538 1311 conservabo
562 1290 645 1319 spem
660 1280 789 1310 debilem
812 1279 888 1309 vita:
911 1278 1020 1309 meae?
1042 1289 1102 1318 qua
1117 1278 1273 1308 industria
1287 1278 1401 1318 possim
1416 1281 1556 1309 avertere
1573 1280 1620 1308 tot
1643 1281 1722 1309 tem-

247 1321 407 1362 pestates?
430 1323 501 1353 hinc
517 1322 628 1353 obruor
656 1323 788 1360 invidia,
805 1322 875 1352 inde
905 1321 1043 1351 obsideor
1057 1331 1075 1351 a
1091 1321 1253 1351 militibus.
1299 1321 1351 1351 Ah
1360 1320 1374 1351 Ι
1396 1321 1472 1361 quid
1494 1318 1638 1358 faciam?
1660 1330 1721 1351 non

251 1365 388 1395 cohortes
411 1366 605 1405 opitulantur
630 1365 719 1404 milli,
744 1375 804 1396 non
832 1365 897 1395 ulla
920 1363 1128 1394 benevolentia
1145 1363 1362 1403 Imperatoris.
1407 1363 1603 1395 Discrimina
1617 1362 1722 1393 subita

868 1438 1106 1449 eeeeeeeeeee

254 1503 324 1525 sec.
352 1494 437 1524 Exc.
466 1493 556 1523 Laeti
587 1504 606 1523 a
633 1503 677 1524 m.
705 1503 772 1525 sec.
801 1493 911 1525 Stilico
937 1494 1016 1525 Vat.
1047 1503 1113 1525 sec.
1140 1494 1300 1523 Roth—5
1326 1493 1451 1523 condita
1466 1493 1552 1524 Exc.
1581 1492 1723 1524 Voss.—

253 1539 274 1568 6
296 1536 400 1567 exitus
422 1536 601 1567 Vicet.—7
630 1537 768 1578 Ruffinus
794 1538 874 1568 Vat.
905 1542 1015 1577 quart.
1049 1535 1168 1577 Ruffini
1197 1536 1330 1567 Tholos.
1359 1545 1458 1566 scceva
1487 1535 1570 1566 Var.
1603 1535 1672 1566 LL.
1704 1546 1724 1566 e

253 1589 363 1620 marg.
389 1579 505 1609 Parni.
530 1589 585 1609 nec
601 1579 682 1609 enim
698 1580 774 1610 Pal.
793 1579 888 1611 Pric.
906 1581 1002 1611 Rott.
1021 1580 1101 1610 Put.
1119 1579 1195 1609 Pat.
1213 1577 1334 1609 Ambr.
1363 1588 1416 1618 pr.
1444 1581 1480 1609 et
1495 1581 1566 1609 tres
1585 1577 1725 1609 Med.—

254 1625 275 1652 8
294 1623 486 1662 pollutasque
511 1622 636 1652 Moret.
655 1632 705 1662 pr.
728 1624 910 1663 pallamque
927 1623 981 1653 vel
1004 1623 1196 1662 pollutasque
1225 1621 1309 1661 Reg.
1327 1621 1485 1661 avidosque
1504 1631 1536 1651 v.
1559 1621 1725 1661 avidusque

255 1664 372 1695 Oxon.
404 1674 609 1695 mansuescere
639 1665 735 1696 Med.
766 1670 847 1696 tert.
879 1666 1000 1696 Petav.
1034 1667 1182 1696 tem—9
1204 1667 1361 1703 terrasque
1377 1665 1460 1694 Lov.
1477 1663 1621 1704 flammis
1637 1663 1725 1705 Regt.

255 1705 375 1738 Ambr.
400 1717 451 1747 pr.
470 1708 582 1737 Oxou.
609 1705 825 1739 terris'Leid.
853 1707 932 1739 duo.
961 1707 989 1739 b.
1019 1708 1182 1738 accendere
1208 1710 1232 1737 t.
1251 1707 1318 1737 Ms.
1334 1706 1448 1737 Pulm.
1467 1711 1501 1736 et
1517 1706 1725 1737 Barth.—10

253 1749 354 1780 subito
372 1750 466 1780 Med.
483 1760 551 1780 sec.
568 1751 694 1781 turbare
722 1751 814 1781 Prie.
831 1751 957 1782 Thuan.
986 1751 1116 1781 Mazar.
1146 1749 1269 1780 Petav.
1299 1753 1378 1780 tert.
1396 1750 1480 1780 Exc.
1496 1749 1641 1780 Lucens.
1669 1758 1725 1789 pr.

254 1801 368 1822 vexare
385 1797 455 1822 tres
472 1793 552 1822 Vat.
571 1793 646 1823 Pal.
664 1794 765 1824 Fam.
794 1793 876 1824 Put.
895 1794 979 1833 Reg.
1000 1794 1122 1824 Patav.
1148 1801 1199 1831 pr.
1228 1791 1294 1822 duo
1313 1791 1423 1822 Oxou.
1441 1795 1477 1822 et
1506 1791 1603 1826 Leid.
1627 1791 1724 1822 Med.

256 1833 336 1874 duo,
354 1835 453 1865 ambo
473 1835 596 1865 Moret.
614 1836 698 1866 Lov.
715 1837 845 1866 Bonon.
871 1840 939 1866 tres
957 1835 1075 1866 Ambr.
1093 1835 1159 1865 duo
1177 1834 1298 1864 Heins.
1316 1834 1400 1864 Exc.
1420 1834 1560 1865 Gevart.
1578 1835 1725 1865 Lucens.

256 1886 325 1907 sec.
343 1877 464 1908 Sched.
478 1877 569 1908 Gud.
588 1883 623 1908 et
641 1878 695 1909 cd.
711 1879 825 1909 Vicet.
858 1879 940 1908 Var.
973 1879 1041 1908 LL.
1068 1877 1122 1907 ed.
1151 1875 1255 1907 Antv.
1285 1877 1410 1907 turbare
1430 1877 1483 1907 vel
1500 1886 1613 1907 vexare
1628 1877 1724 1908 Rott.

254 1919 351 1950 Thol.
363 1920 448 1950 Exc.
464 1920 647 1951 Laeti.-11
658 1920 740 1958 fecit
758 1931 819 1960 pro
835 1930 938 1951 secum
954 1921 1105 1951 Florent.
1125 1919 1267 1954 Quanam
1280 1919 1332 1949 vel
1353 1920 1424 1954 Qua
1439 1929 1518 1951 nunc
1532 1919 1726 1950 Oisel.—14

255 1971 311 1992 nec
322 1962 482 2003 Principis
499 1963 590 1994 Prie.
603 1963 696 1995 Med.
715 1968 826 2005 quart.
841 1964 924 1994 Exc.
944 1963 1090 1993 Lucens.
1108 1965 1249 2002 pr.—-16
1262 1962 1415 2002 impositis
1431 1963 1515 1994 Exc.
1532 1962 1632 2001 Laeti,
1647 1961 1727 1993 Ald.

925 2039 1065 2070 NOTAE

301 2103 319 2130 5
345 2100 463 2130 Rerum
485 2100 580 2140 apex]
604 2102 806 2142 Fastigium‚
834 2112 891 2133 seu
913 2113 964 2132 su-

259 2159 384 2190 prema>
403 2150 589 2189 dignitates
616 2152 791 2193 utriusque
814 2152 966 2193 Impera-

260 2199 347 2230 toris
366 2197 428 2229 tibi
445 2200 633 2231 commissae
652 2207 741 2232 sunt.

304 2247 474 2286 Fratrum]
510 2249 653 2280 Arcadii
676 2256 712 2281 et
742 2251 910 2290 Honorii;
934 2256 969 2282 ct

263 2298 439 2339 utriusque
453 2299 550 2337 aulae‚
579 2300 968 2341 Constantinopolitanae

260 2350 294 2380 in
309 2349 465 2389 Oriente,
481 2356 515 2381 et
532 2351 694 2381 Romanae
711 2351 745 2381 in
760 2351 967 2383 Occidente.

262 2401 461 2442 Quanquam
490 2402 640 2432 nonnulli
654 2402 773 2433 dicunt
783 2402 969 2434 Arcadium

263 2451 386 2492 viginti
403 2461 507 2482 annos
536 2457 666 2492 natum,
695 2462 763 2482 non
797 2462 880 2492 opus
912 2454 968 2483 ha-

266 2501 378 2532 buisse
398 2506 528 2532 tutore.

307 2555 326 2583 8
359 2553 506 2583 Arescere
527 2552 653 2592 fauces]
691 2554 699 2569 ‘
717 2553 763 2583 Ut
791 2552 866 2583 sera
891 2563 965 2593 quae

263 2606 435 2642 gustatum
462 2604 566 2634 semel
598 2603 795 2644 sanguinem
832 2612 968 2643 semper

264 2652 362 2684 sitit.'
399 2653 432 2684 S.
455 2653 693 2693 Hieronymus.
739 2651 968 2693 Semperfau-

234 2735 243 2739 ⁷¹
265 2712 322 2738 ces
352 2703 555 2734 madescunt
587 2713 721 2743 cruore,
751 2712 791 2734 ac
828 2703 971 2744 proinde

265 2759 426 2784 recusant
443 2763 612 2785 arescere.

310 2807 350 2836 10
369 2804 529 2845 Τιιιηιιίιιι]
544 2805 720 2837 Tumultus
737 2804 878 2845 dicitur,
891 2814 972 2845 qua-

1022 2103 1048 2133 si
1079 2103 1173 2133 timor
1204 2103 1258 2132 vel
1284 2105 1386 2132 twnor
1418 2103 1542 2132 multus.
1587 2099 1729 2132 Dicitur

1022 2152 1160 2193 proprie
1173 2152 1215 2182 de
1234 2152 1321 2182 bello
1335 2151 1469 2182 Gallico
1489 2155 1547 2182 aut
1560 2150 1695 2182 Italico.

1066 2205 1106 2232 12
1131 2201 1225 2241 Spem
1241 2201 1316 2231 υἱέα]
1323 2200 1492 2239 fragilem]
1512 2200 1601 2230 Vitae
1619 2209 1728 2240 spem,

1023 2261 1098 2292 quae
1132 2255 1185 2281 est
1214 2251 1350 2290 exigua,
1377 2249 1520 2290 caduca,
1545 2255 1581 2281 et
1597 2248 1728 2290 fragilis

1026 2305 1063 2331 ut
1081 2300 1217 2331 vitrum.

1070 2351 1216 2390 Fluctus]
1239 2351 1333 2381 Mala
1359 2349 1566 2390 ingruentia,
1586 2354 1623 2382 et
1648 2349 1730 2382 fluc-

1026 2408 1121 2434 tuum
1147 2412 1186 2434 ac
1205 2401 1422 2442 tempestatis
1438 2401 1558 2441 instar,
1584 2401 1729 2433 obruen-

1026 2453 1084 2484 tia.

1068 2506 1108 2534 13
1149 2502 1254 2542 Odiis]
1311 2502 1498 2542 Principis,
1536 2510 1731 2542 procerum,

1023 2554 1160 2594 populi:
1187 2563 1250 2584 nec
1280 2553 1401 2583 mirum
1426 2556 1479 2582 est
1506 2551 1555 2583 sic
1583 2551 1729 2583 invisum

1023 2612 1094 2634 esse
1111 2604 1280 2634 hominem
1299 2601 1541 2633 avarissimum.

1068 2658 1106 2686 15
1133 2655 1265 2686 Matura
1274 2653 1429 2694 pericula]
1453 2653 1581 2684 Parata
1593 2653 1731 2694 cadere,

1025 2711 1064 2737 ut
1093 2716 1228 2746 pomum
1261 2715 1381 2746 nempe
1410 2708 1580 2736 maturum
1616 2704 1729 2735 subito

1025 2756 1133 2795 cadit,
1158 2757 1207 2787 ita
1238 2761 1274 2788 et
1300 2755 1454 2796 pericula
1469 2754 1583 2786 subito
1608 2763 1730 2786 casura

1025 2810 1104 2837 sunt
1119 2806 1153 2837 in
1169 2810 1276 2847 caput
1290 2804 1419 2837 Rufini.
