1857 3177
582 217 633 247 m
669 214 899 247 RUFINUM
936 215 1032 245 Lm.
1068 215 1117 244 Π.
1494 205 1575 245 lGo

178 314 291 365 Quis
309 314 412 355 mihi
434 314 622 354 nudatos
643 326 782 363 enses,
805 313 902 367 quis
924 312 1012 353 tela
1027 310 1201 352 lacertis

120 383 319 432 Excutit,
342 386 383 423 et
405 382 518 422 solvi
540 386 743 422 curvatos
764 382 949 435 imperat
969 379 1128 420 arcus?

120 449 335 500 Quisnam
357 449 490 490 audet
512 449 630 501 leges
651 450 820 489 vibrato
843 449 1068 500 imponere
1089 445 1236 485 ferro?
1492 443 1574 484 230

118 517 397 558 Inflammata
419 517 551 557 semel
573 517 711 557 nescit
730 517 954 556 mitescere
975 515 1128 554 virtus.

115 584 218 625 Jam
235 585 339 624 mihi
362 586 614 625 barbaricos
637 584 830 624 sitientia
847 582 942 635 pila
964 592 1143 621 cruores

117 650 285 704 Sponte
306 652 473 701 rolant,
497 652 723 705 ultrixque
743 662 898 690 manus
919 660 1131 688 mucrone
1154 647 1315 688 furenti

121 718 314 768 Ducitur,
336 724 378 759 ct
399 721 567 760 siccum
590 720 784 771 gladium
804 718 957 769 vagina
976 720 1168 756 recusat.

113 784 235 826 Num
251 788 395 840 patiar
410 788 426 826 ¹?
460 799 688 838 semperne
705 785 831 825 Getis
853 783 1074 824 discordia
1092 788 1244 823 nostra
1489 781 1574 822 ‘235

113 852 342 895 Proderit?
376 867 429 894 en
446 855 602 895 iterum
623 853 727 894 belli
750 853 894 894 civilis
910 853 1056 904 imago
1077 852 1084 892 !

109 993 286 1015 murmure.-
326 986 442 1026 Ecquis
455 989 616 1026 extorquet
634 986 710 1016 mihi
734 986 856 1025 gladios
878 982 1064 1016 districtos?
1106 983 1219 1022 Ecquis
1232 981 1339 1021 jacula
1356 990 1398 1011 ex
1423 979 1574 1020 manibus,

108 1026 237 1065 acjubet
253 1038 344 1058 arcus
360 1029 493 1059 intentos
508 1029 626 1059 remitti
641 1027 655 1059 ,²
681 1030 798 1069 Ecquis
812 1029 904 1059 audet
919 1027 1009 1065 ferre
1031 1027 1113 1065 leges
1129 1026 1225 1055 nobis
1248 1034 1332 1055 enses
1347 1024 1441 1054 nudos
1463 1023 1573 1053 haben-

107 1067 218 1100 tibus?
245 1070 404 1108 sortitudo
438 1072 529 1101 semel
552 1072 673 1101 incensa
701 1082 760 1101 non
786 1074 886 1110 potest
911 1069 1064 1107 mitigari.
1109 1068 1183 1097 Jum
1208 1067 1273 1107 pilu
1294 1066 1386 1096 avida
1411 1065 1573 1103 sanguinis

109 1111 320 1143 Burburorum
348 1115 467 1144 evolant
490 1115 570 1143 ultro
596 1124 638 1143 ex
666 1114 741 1143 meis
767 1113 932 1151 manibus,
953 1114 982 1141 et
1007 1113 1120 1141 dextra
1144 1110 1257 1140 vindex
1280 1109 1450 1148 impellitur
1464 1108 1572 1146 gladio

108 1154 260 1193 sentienti,
276 1166 311 1185 ac
328 1157 440 1194 ragina
457 1156 557 1192 reiicit
574 1166 674 1186 ensem
689 1155 821 1186 aridum.
868 1155 920 1185 An
936 1163 998 1193 ego
1012 1150 1146 1190 seram?
1169 1152 1221 1182 An
1239 1151 1440 1182 dissensiones
1455 1153 1570 1180 nostras

109 1206 199 1236 usque
214 1198 304 1228 utiles
319 1202 405 1228 erunt
423 1196 535 1229 Getis?
569 1199 648 1228 Ecce
665 1208 771 1228 rursus
794 1197 909 1237 species
921 1206 1037 1236 pugnae
1051 1193 1177 1226 cit-ilis!
1224 1196 1329 1229 Quare
1343 1202 1468 1233 separas
1483 1202 1570 1223 exer-

699 1279 935 1292 eeeeeeeeeeee

103 1339 217 1366 runtur
231 1340 298 1367 vet.
318 1337 402 1377 Gyr.
420 1337 504 1368 Exc.
522 1338 666 1368 Lucens.
685 1345 754 1366 sec.
770 1334 872 1374 Laeti,
894 1336 1054 1364 moventur
1069 1332 1149 1363 Vat.
1167 1341 1218 1373 pr.
1236 1331 1368 1363 Thuan.
1385 1329 1438 1360 ed.
1455 1329 1570 1361 Vicet.

104 1378 220 1409 Parm.
248 1383 388 1410 moretur
405 1379 523 1420 reliqui
549 1388 676 1415 omnes,
705 1379 787 1408 item
815 1377 899 1407 Exc.
916 1376 1061 1407 Gevart.
1076 1375 1220 1406 Lucens.
1238 1384 1287 1414 pr.
1303 1374 1383 1404 Var.
1400 1373 1496 1403 Leet.
1515 1372 1570 1404 ed.

102 1419 210 1452 Antv.
240 1421 321 1453 Ald.
347 1423 444 1454 Junt.
469 1422 689 1452 Colin.—22S
725 1421 866 1450 laudatos
894 1419 973 1450 Var.
1000 1419 1066 1449 LL.
1095 1417 1148 1448 ed.
1174 1416 1280 1448 Antv.
1315 1417 1382 1456 pila
1410 1415 1569 1455 vulgo.—

101 1465 165 1494 230
188 1465 270 1503 leges
294 1465 412 1495 vibrato
441 1465 519 1496 Vat.
537 1474 589 1504 pr.
617 1465 698 1495 Exc.
723 1463 870 1493 Lucens.
898 1471 964 1492 sec.
990 1466 1024 1492 et
1049 1461 1129 1492 Vat.
1154 1460 1264 1491 Livin.
1291 1458 1568 1498 Ising1·.Claver.

103 1506 244 1546 Raphel.
273 1508 383 1538 stricto
405 1508 487 1546 leges
504 1506 611 1538 ceteri
634 1505 741 1537 Codd.
758 1515 808 1545 pr.
825 1505 969 1536 Gevart.
987 1504 1129 1535 Lucens.
1147 1513 1198 1543 pr.
1210 1503 1292 1533 Var.
1310 1502 1378 1532 LL.
1392 1499 1446 1531 ed.
1464 1499 1569 1531 Antv.

102 1548 181 1579 ΑΜ.
207 1549 259 1580 ed.
278 1550 394 1580 Parm.
417 1555 452 1580 et
468 1550 580 1581 Vicet.
615 1550 697 1588 leges
721 1548 830 1579 stricto
857 1557 940 1578 unus
963 1545 1039 1578 cod.
1056 1551 1092 1577 et
1109 1546 1339 1586 Isingr.—-231
1365 1551 1570 1574 mansuescere

100 1600 163 1630 pro
180 1592 336 1623 mitescere
354 1594 540 1623 Pat.—232
561 1593 699 1630 Jamjam
715 1592 796 1625 Vat.>
813 1595 893 1622 tert.
910 1591 1003 1621 Rott.
1022 1589 1095 1620 Pal.
1114 1589 1199 1619 Exc.
1218 1587 1305 1618 Laeti
1321 1590 1356 1617 et
1377 1586 1428 1616 ed.
1453 1584 1569 1616 Parm.

99 1633 222 1674 Isingr.
245 1636 385 1674 Jamjam
403 1636 455 1666 vel
469 1636 545 1666 Jam
561 1635 639 1665 mihi
656 1635 805 1665 Florent.
839 1634 914 1663 Jam
941 1631 1019 1662 milti
1040 1631 1162 1672 reliqui
1179 1639 1303 1670 magno
1319 1637 1471 1667 numero,
1486 1627 1570 1659 Exe-

102 1676 246 1708 Gevart.
275 1678 417 1709 Lucens.
445 1688 497 1718 pr.
524 1677 648 1708 Sclied.
676 1676 768 1708 Gud.
796 1677 878 1707 Var.
902 1676 972 1706 LL.
1001 1673 1055 1706 ed.
1086 1673 1190 1705 Antv.
1219 1672 1299 1704 Ald.
1317 1673 1445 1703 Lovan.
1461 1674 1495 1700 et
1512 1669 1567 1701 ed.

98 1720 212 1752 Vicet.
244 1720 312 1761 pita
325 1722 407 1753 Exc.
425 1721 511 1753 Laeti
528 1725 564 1751 et
580 1721 724 1752 Lucens.
742 1729 810 1750 sec.
833 1719 895 1749 tela
910 1718 991 1748 Vat.
1009 1722 1121 1758 quart.
1139 1717 1212 1747 Pal.
1231 1716 1313 1746 Put.
1331 1715 1417 1753 Reg.
1434 1713 1567 1744 Tliuan.

99 1761 219 1794 Ambr,
238 1773 287 1803 pr.
304 1764 387 1795 item
407 1763 519 1795 Oxon.
537 1763 618 1793 Var.
637 1763 706 1794 LL.
728 1762 781 1794 ed.
801 1761 906 1792 Antv.
931 1764 967 1791 et
988 1760 1044 1791 ed.
1060 1760 1175 1791 Vicet.
1192 1758 1317 1798 Isingr.
1354 1756 1420 1797 pila
1436 1756 1490 1786 vel
1506 1756 1568 1786 tela

99 1805 196 1837 Rott.
220 1816 358 1837 cruorem
387 1808 571 1837 Pan—233
596 1806 756 1846 ultrixque
784 1805 868 1835 Exc.
886 1803 985 1843 Laeti,
1015 1803 1097 1833 Put.
1130 1806 1165 1832 et
1196 1800 1249 1832 ed.
1275 1801 1392 1831 Parm.
1428 1799 1570 1838 ultroque

124 1848 249 1890 uinque
276 1849 354 1880 Vat.
383 1849 457 1880 Pal.
483 1849 582 1880 Farn.
601 1848 693 1879 Pric.
724 1847 831 1879 Oisel.
851 1847 978 1877 Moret.
996 1854 1064 1876 sec.
1084 1844 1181 1875 Leid.
1199 1852 1250 1883 pr.
1269 1843 1353 1873 Lov.
1371 1841 1438 1872 duo
1454 1840 1567 1871 Oxon.

99 1916 109 1920 -
132 1891 180 1922 ld.
195 1892 320 1931 Isingr.
339 1896 374 1923 et
392 1893 474 1922 Var.
493 1892 560 1922 LL.
576 1890 629 1921 ed.
644 1891 747 1921 Antv.
771 1893 901 1929 utroque
918 1887 1015 1919 Leid.
1030 1897 1098 1918 sec.
1117 1891 1153 1917 et
1170 1887 1255 1917 Exc.
1272 1885 1416 1916 Gevart.
1451 1882 1568 1913 ultrix·-

98 1943 155 1971 que
168 1935 221 1964 vel
238 1935 377 1974 ultroque
404 1935 556 1965 Florent.
585 1933 726 1970 furentis
754 1933 886 1963 Mazar.
916 1931 1039 1961 Petav.
1068 1939 1137 1960 sec.
1167 1928 1383 1959 Oise1.-235
1411 1925 1496 1955 Num
1512 1923 1567 1955 ed.

99 1975 214 2006 Parm.
247 1975 322 2006 Nun
336 1976 415 2007 Vat.
433 1986 485 2016 pr.
502 1976 615 2006 Vicet.
658 1976 730 2005 Non
744 1980 891 2014 quatuor
910 1973 989 2002 Vat.
1018 1972 1093 2002 Pal.
1118 1971 1211 2001 Prie.
1236 1970 1332 1999 Rott.
1362 1967 1467 1997 Oisel.
1483 1965 1565 1996 Ald.

97 2016 218 2057 Isingr.
236 2018 346 2048 Colin.
363 2019 495 2058 Gryph.
535 2018 622 2048 Num
637 2017 690 2046 vel
708 2017 779 2047 Non
795 2017 914 2046 Petav.
941 2024 992 2054 pr.
1021 2014 1101 2043 Vat.
1129 2012 1237 2042 Livin.
1255 2011 1338 2041 Exc.
1356 2009 1456 2046 Laeti,
1487 2017 1564 2038 sem-

94 2068 209 2101 perque
225 2060 307 2091 Exc.
323 2060 530 2092 Voss.—236
554 2059 704 2090 Proderit
726 2059 781 2089 vel
810 2056 961 2089 Proditur
989 2055 1068 2086 Vat.
1092 2055 1279 2086 terh—237
1304 2052 1420 2083 dividis
1434 2051 1569 2089 Thuan,

756 2144 895 2177 NOTAE

98 2213 270 2245 excitatur
293 2213 383 2244 inter
403 2213 545 2243 militem
562 2211 804 2249 Arcadianum‚
858 2212 973 2249 potest
999 2216 1062 2247 par
1086 2204 1194 2236 oratio
1228 2201 1372 2234 inveniri
1385 2199 1408 2231 ?'
1443 2199 1563 2232 Cicero

98 2269 134 2296 et
152 2264 398 2303 Honorianum,
426 2268 502 2294 uter
527 2262 653 2293 habeat
670 2262 802 2292 Ducem
858 2267 920 2298 pro
933 2258 1009 2298 lege
1026 2256 1120 2287 Man.
1136 2265 1168 2286 n.
1184 2257 1238 2285 29.

97 2314 337 2346 Stilichonem:
360 2314 477 2354 sicque
492 2313 589 2344 ambo
606 2312 802 2343 alternatim
899 2311 962 2340 234
989 2306 1144 2346 Ducitur]
1173 2305 1297 2336 Manus
1319 2302 1395 2342 ipsa
1410 2311 1485 2342 quae
1503 2301 1562 2332 du-

97 2369 245 2403 eertant,
273 2373 438 2405 suamque
457 2364 490 2394 in
515 2363 608 2394 illum
635 2367 671 2393 et
697 2359 800 2392 fidem
855 2360 901 2391 cit
916 2359 1130 2399 impellitque
1158 2355 1320 2396 gladium,
1341 2353 1384 2384 ab
1401 2353 1476 2393 ipso
1492 2352 1563 2392 gla-

83 2419 132 2458 ¹et
154 2415 427 2446 benevolentiam
453 2413 599 2445 vicissim
627 2412 800 2444 certatim·
855 2409 911 2440 dio
928 2409 1006 2440 duci
1032 2406 1226 2447 impellique
1253 2403 1390 2434 videtur
1415 2411 1476 2442 pro
1493 2400 1561 2432 avi-

97 2475 160 2506 que
180 2466 377 2496 ostendunt.
856 2460 963 2492 ditate
983 2469 1118 2500 pugnae.

139 2518 201 2546 231
226 2516 404 2556 Mitescere]
440 2514 508 2546 Alii
533 2514 663 2555 legunt,
683 2513 800 2553 friges·
898 2511 1021 2542 Siccam
1048 2507 1204 2549 gladium]
1241 2503 1398 2543 Aridum,
1429 2503 1558 2534 cruoris

98 2573 174 2604 cere,
189 2570 228 2597 ut
244 2566 289 2596 sit
302 2565 473 2606 oppositio
491 2565 582 2596 inter
597 2563 748 2595 flammas
764 2568 801 2595 et
855 2567 1044 2603 expertem.

101 2611 218 2653 frigus·
898 2616 961 2644 235
987 2610 1095 2650 Getis]
1143 2606 1266 2648 Populi
1294 2603 1467 2644 Scythiae:
1505 2611 1558 2633 sn-

147 2662 271 2704 νίν-ιω]
321 2666 467 2697 VirtutIs
505 2666 641 2696 nomine
679 2665 801 2696 Poetae
855 2667 993 2694 muntur
1023 2670 1085 2703 pro
1117 2662 1191 2692 tota
1216 2655 1363 2697 Scythia,
1387 2663 1465 2696 pars
1492 2662 1555 2695 pro

96 2711 328 2745 fortitudinem
338 2715 544 2756 intelligunt,
554 2716 656 2746 immo
667 2719 704 2746 et
714 2714 800 2745 Ora·
856 2717 939 2747 toto.

99 2767 201 2795 tores.
245 2763 254 2779 ‘
270 2763 400 2796 Virtuti
425 2766 510 2798 cnei
540 2765 699 2806 Pompeii
722 2774 798 2806 quae
