1852 3193
232 194 317 234 131
699 204 775 234 οι..
808 203 1089 234 CLAUDIAM
1125 203 1201 232 111.

233 300 456 349 Praebeat,
485 303 528 340 et
547 299 718 353 quantis
738 299 965 352 epulentur
987 298 1185 339 caedibus
1205 296 1346 350 hydri.

234 367 404 420 Linque
425 366 638 415 homines,
673 371 920 417 sortemque
941 378 1111 405 meam:
1144 368 1246 417 pete
1267 365 1434 406 sidera:
1469 365 1586 407 notis

234 433 446 475 Autumni
467 438 509 474 te
529 433 661 473 redde
682 432 840 485 plagis,
862 444 950 484 qua
969 432 1105 484 vergit
1126 432 1172 471 in
1192 434 1404 473 Austrum

233 501 429 554 Signifer.
490 501 662 541 AEstivo
684 499 812 539 sedes
834 499 983 539 vicina
1008 499 1147 539 Leoni

233 569 261 609 J
267 582 334 610 am
357 569 538 622 pridem,
559 567 833 620 geminaeque
853 571 1018 607 vacant
1040 566 1225 607 confinia
1246 567 1410 608 Librae.

237 633 379 688 Atque
398 637 562 676 utinam
583 648 659 688 per
679 646 840 687 magna
859 635 986 687 sequi
1007 647 1210 675 convexa
1226 635 1376 675 liceret
1393 635 1402 674 !

292 701 413 742 Diva
434 701 584 744 resert:
616 700 721 742 Non
740 701 920 742 ulterius
940 701 1211 742 bacchabere
1232 702 1423 742 demens.

234 768 263 809 J
269 781 338 809 am
357 782 515 822 poenas
539 773 642 809 tuus
664 770 744 810 iste
765 769 890 809 dabit
907 782 915 809 :
943 768 1038 822 jam
1058 769 1229 812 debitus
1249 770 1363 810 ultor

236 835 466 876 Imminet:
499 840 541 876 et
561 840 697 876 terras
719 836 791 890 qui
814 849 928 876 nunc
953 837 1189 890 ipsumque
1212 836 1371 889 fatigat

1603 498 1692 540 365

1606 833 1693 876 370

231 977 349 1016 guinis,
365 980 396 1008 et
412 980 527 1017 quanta
552 983 658 1016 strage
673 982 826 1018 serpentes
842 979 905 1009 mei
930 983 1108 1019 pascantur.
1140 979 1256 1010 Desere
1272 979 1420 1018 homines,
1439 982 1468 1010 et
1484 988 1583 1010 meam
1597 978 1695 1009 koere-

233 1021 384 1050 ditatem:
408 1022 535 1050 ascende
558 1021 663 1050 coelum
674 1032 683 1050 .·
707 1020 792 1058 refer
808 1024 838 1051 te
850 1022 1003 1052 tractibus
1017 1023 1150 1060 cognitis
1162 1022 1327 1060 Autumni,
1349 1032 1409 1062 qua
1426 1028 1524 1062 parte
1541 1021 1695 1052 zodiacus

234 1062 365 1093 inclinat
381 1072 484 1092 versus
500 1063 678 1092 meridiem:
703 1063 891 1093 ‹lunzicilz'um
906 1064 1084 1104 finitimum
1100 1065 1196 1094 Leoni
1212 1063 1349 1100 aestifero
1363 1074 1491 1094 vacuum
1508 1068 1551 1094 est
1567 1065 1697 1102 dudum,

233 1105 314 1134 sicut
331 1107 360 1134 et
383 1104 509 1134 termini
533 1104 638 1134 Lim-‹z›
662 1105 805 1143 duplicis.
853 1106 897 1134 Et
920 1106 1039 1135 utinam
1065 1106 1298 1145 permitteretur
1320 1106 1400 1135 mihi
1423 1108 1563 1147 persequi
1590 1109 1620 1136 te
1638 1115 1696 1145 per

232 1147 339 1176 coelum
361 1156 545 1184 supremum.
593 1147 665 1176 Dea
681 1147 824 1177 Jusntia
839 1148 1022 1186 respondet:
1047 1148 1077 1177 Ο
1096 1148 1202 1178 insana
1224 1148 1392 1187 Megaera,
1415 1149 1497 1179 haud
1513 1149 1696 1187 savies-‹tm-

235 1189 331 1228 pliuS.
375 1189 458 1219 silex
483 1188 541 1218 iste
566 1191 637 1218 tuus
660 1188 800 1219 Rufinus
828 1189 981 1230 afficietur
1005 1190 1173 1230 supplicio:
1188 1190 1257 1228 jam
1278 1190 1391 1221 vindex
1408 1191 1514 1229 justus
1537 1192 1637 1231 adest,
1660 1194 1697 1221 et

851 1273 1084 1286 eeeeeeeeeee

234 1335 349 1366 Pulm.
367 1335 452 1366 Cod.
471 1339 506 1366 et
533 1336 617 1366 Exc.
635 1336 779 1368 Gevart.
806 1337 837 1368 in
862 1338 1022 1369 Leidensi
1040 1348 1090 1378 pr.
1109 1347 1224 1368 versus
1241 1340 1315 1368 357.
1341 1342 1377 1369 et
1403 1340 1476 1368 358.
1493 1337 1526 1367 iu
1543 1336 1697 1378 margine

235 1378 377 1418 ascripti
404 1381 620 1410 eratin—362
656 1381 821 1419 epulantur
858 1380 951 1411 Leid.
979 1391 1048 1411 sec.
1076 1381 1158 1411 Exc.
1183 1380 1433 1411 Gevart.-363
1459 1380 1539 1410 votis
1565 1381 1698 1410 Bonon.

234 1422 334 1451 noctis
350 1421 429 1451 Vat.
452 1431 500 1461 pr.
528 1431 547 1451 a
572 1431 616 1451 m.
634 1431 685 1461 pr.
713 1423 803 1453 Prie.
823 1432 841 1452 a
865 1433 908 1454 m.
927 1433 992 1454 sec.
1017 1424 1116 1454 noctis
1139 1433 1244 1462 marg.
1270 1423 1507 1463 Ising1·.—364
1531 1422 1699 1453 Autumnis

237 1463 338 1494 Rott.
355 1472 373 1493 a
387 1473 428 1494 m.
446 1473 497 1503 pr.
522 1467 555 1494 tu
570 1463 767 1503 Reg.—366
781 1466 895 1504 gelida>
910 1470 1026 1497 cessant
1043 1467 1122 1497 Vnt.
1140 1466 1217 1504 duo,
1230 1465 1353 1505 Isingr.
1372 1475 1478 1504 marg.
1497 1465 1622 1495 Morin.
1645 1475 1699 1503 ge-

237 1505 329 1536 minae
346 1511 414 1536 vet.
430 1506 514 1546 Gyr.
530 1506 582 1537 ed.
600 1507 712 1537 Vicet.
734 1508 905 1548 gelidaeque
921 1512 1031 1539 rut-ant
1049 1509 1130 1539 Exc.
1150 1509 1294 1538 Lucens.
1314 1517 1381 1538 sec.
1402 1508 1576 1547 gelitloeque
1587 1510 1699 1538 vacant

237 1548 290 1578 vel
305 1549 422 1587 gelida?
436 1552 555 1579 cessant
571 1550 654 1589 Reg.
675 1551 788 1588 gelidae
805 1552 858 1581 vel
872 1552 1006 1590 geminoe
1021 1552 1106 1582 Exc.
1126 1551 1210 1581 Lawti
1228 1555 1262 1581 et
1277 1551 1398 1580 Patav.
1418 1561 1485 1581 rec,
1499 1550 1576 1580 Jam
1585 1551 1700 1580 dudum

234 1591 347 1629 gelidoe
365 1601 395 1622 v.
420 1593 549 1631 egelidae
561 1593 607 1622 al.
642 1602 753 1622 cessem
768 1593 903 1624 Tholos.
939 1597 1054 1625 cessent
1073 1595 1166 1624 Rott.
1184 1593 1279 1623 Med.
1294 1603 1362 1624 sec.
1382 1594 1467 1623 Eue.
1485 1593 1630 1624 Lucens.
1647 1602 1699 1633 pr.

237 1636 343 1664 —367
367 1644 505 1665 connexa
530 1634 583 1665 ed.
613 1635 746 1665 elaver.
775 1636 833 1666 sed
857 1636 1100 1667 vitiosa-369
1123 1640 1194 1666 tuus
1219 1637 1277 1666 iste
1302 1635 1389 1666 dubit
1416 1636 1494 1666 Vat.
1522 1645 1574 1676 pr.
1602 1636 1697 1666 Rott.

237 1675 316 1707 Vat.
333 1676 444 1708 Livin.
473 1677 555 1708 Exc.
581 1678 724 1708 Lucens.
743 1688 810 1709 sec.
845 1680 932 1709 dabit
956 1680 1014 1710 iste
1030 1683 1101 1709 tuus
1115 1679 1196 1709 Vat.
1213 1678 1292 1716 duo,
1316 1678 1391 1708 Pal.
1410 1679 1510 1708 Farn.
1528 1678 1621 1709 Prie.
1639 1677 1700 1708 Oi-

239 1718 299 1749 sel.
314 1719 397 1749 Exc.
415 1719 513 1750 Lmti.
543 1720 594 1751 ille
610 1721 711 1750 Farn.
740 1721 866 1752 Mazar.
889 1722 1024 1752 Tholos.
1048 1721 1168 1752 Ambr.
1199 1731 1251 1761 pr.
1273 1721 1349 1751 cod.
1366 1721 1523 1752 Pulman.
1555 1721 1616 1751 iste
1631 1725 1700 1751 tres

237 1761 316 1792 Vat.
333 1762 409 1792 Pal.
428 1763 526 1794 Farn.
545 1763 634 1794 Prie.
650 1763 755 1794 oisel.
769 1764 868 1805 Exclu,
880 1765 979 1795 Laeti.
1004 1764 1208 1796 bacchabere.-
1230 1765 1362 1794 clemens
1381 1764 1602 1795 Vicet.—3T0
1626 1763 1700 1794 emt-

903 1870 1042 1903 NOTAE

240 1941 382 1974 civerat.

282 1995 344 2037 362
370 1992 492 2033 Hydri]
514 1993 712 2036 Serpentes,
727 1997 782 2038 qni
800 2006 860 2037 pro
877 1997 941 2028 cri-

239 2042 337 2074 nibus
353 2052 395 2073 ex
415 2044 578 2084 Megaerae
592 2046 705 2086 capite
719 2047 883 2087 pendent.

282 2095 344 2123 363
369 2092 504 2134 Sortem]
527 2095 670 2127 Terram
685 2107 759 2138 quae
776 2098 857 2128 mihi
873 2109 943 2130 sor-

239 2146 274 2173 te
290 2143 428 2180 obtigit.

284 2192 380 2223 Notis
409 2194 561 2224 Autumni
591 2199 621 2225 te
646 2198 740 2227 redde
767 2197 885 2238 plagis]
910 2199 940 2229 Ο

239 2242 395 2280 Justitia,
411 2249 530 2283 repete
549 2250 678 2275 tractus
700 2246 863 2278 Autumni
880 2249 943 2279 tibi

241 2293 406 2333 cognitos,
452 2293 558 2334 Virgo
577 2305 650 2335 quae
668 2300 721 2326 est
746 2298 835 2327 inter
861 2299 942 2329 duo-

241 2341 352 2373 decim
377 2343 474 2383 signa
491 2343 641 2384 Zodiaci,
661 2345 813 2376 creditur
830 2357 849 2377 a
864 2357 943 2378 non-

242 2393 341 2424 nullis
365 2404 438 2425 esse
464 2395 605 2426 Justitia
629 2406 688 2426 seu
726 2396 872 2436 Astraea,
908 2404 944 2429 et

242 2444 320 2475 ideo
349 2454 421 2475 esse
447 2445 536 2475 inter
563 2447 710 2476 Leonem
738 2452 773 2477 et
799 2448 946 2489 Libram,

244 2496 323 2536 quia
346 2496 387 2526 ad
417 2496 504 2527 bene
526 2497 751 2537 judicandum
779 2509 863 2539 opus
892 2505 945 2530 est

243 2545 459 2586 fortitudine,
497 2557 571 2588 quae
604 2557 667 2588 per
696 2548 869 2587 Leonem3
909 2555 943 2581 et

245 2597 424 2638 aequitate,
451 2608 526 2638 quae
548 2608 609 2638 per
638 2599 771 2630 Libram
790 2599 944 2640 designa-

243 2651 311 2678 tur.
350 2647 516 2678 Autumni
534 2654 660 2688 autem,
677 2650 756 2690 quia
774 2651 890 2690 Virgo,
907 2658 944 2681 ut

243 2703 323 2736 pote
340 2698 457 2728 ultima
480 2698 651 2739 signorum
668 2699 885 2742 AEstivorum‚
901 2702 942 2733 ad

244 2747 453 2779 Autumnum
471 2749 592 2790 vergit.

1039 1948 1102 1976 364
1129 1946 1198 1981 Qua
1214 1945 1316 1984 vergit
1328 1945 1361 1976 in
1383 1946 1536 1977 Austrum
1551 1945 1700 1986 signifer]

998 1997 1075 2028 Qua
1089 1997 1259 2027 Zodiacus
1274 1998 1468 2037 propendet
1484 2007 1601 2028 versus
1615 1997 1701 2028 Aus-

996 2052 1099 2087 trum,
1125 2048 1352 2078 Meridianum
1382 2052 1533 2088 ventum,
1562 2048 1626 2080 hoc
1651 2053 1704 2080 est

997 2108 1113 2129 versus
1130 2103 1262 2138 partem
1279 2098 1518 2131 Meridianam.

1041 2152 1104 2181 366
1129 2150 1271 2180 Gemina>
1286 2149 1406 2190 Librae]
1431 2149 1600 2180 Habentis
1617 2149 1700 2180 duas

997 2200 1112 2230 lances
1138 2210 1156 2229 a
1179 2205 1314 2230 staterae
1335 2200 1418 2239 jugo
1440 2200 1618 2239 aequaliter
1643 2199 1700 2230 de·

998 2248 1199 2288 pendentes,
1246 2249 1348 2279 Libra
1365 2248 1455 2279 forte
1469 2249 1606 2289 dicitur,
1622 2250 1701 2290 quia

996 2298 1053 2328 Sol
1068 2298 1100 2327 in
1118 2308 1159 2328 ea
1175 2299 1324 2329 existens
1348 2298 1432 2330 facit
1450 2300 1519 2330 dies
1538 2301 1699 2341 aequales.
1758 2305 1761 2308 ⁴

999 2347 1066 2378 Alii
1083 2349 1214 2388 legunt,
1227 2349 1352 2389 gelc‘dce,
1367 2350 1445 2390 quia
1460 2355 1528 2380 tum
1547 2350 1604 2380 aer
1617 2350 1700 2382 inci-

996 2398 1047 2438 pit
1063 2398 1258 2439 frigescere.

1041 2452 1103 2479 367
1129 2449 1288 2490 Com-cau]
1320 2450 1405 2481 Coeli
1433 2450 1700 2491 convexitatem,

999 2510 1057 2530 seu
1076 2501 1318 2531 curvationem.

1042 2553 1104 2581 308
1121 2550 1333 2590 Rau-habere]
1346 2549 1473 2581 Saevies
1490 2550 1598 2581 instar
1612 2551 1700 2582 Bac-

999 2601 1172 2632 chamum.

1041 2654 1104 2681 369
1145 2651 1208 2681 Iste
1239 2649 1325 2690 tuus]
1349 2648 1503 2689 Rufinus,
1532 2659 1594 2691 per
1621 2659 1698 2681 con-

998 2706 1153 2733 temtum.

1042 2751 1179 2783 Debitus
1194 2750 1292 2791 ultor]
1330 2750 1476 2785 Debitus
1493 2760 1532 2782 ac
1548 2750 1698 2782 destina-
