<?xml version="1.0" encoding="UTF-8"?>
<!DOCTYPE html PUBLIC "-//W3C//DTD XHTML 1.0 Transitional//EN"
    "http://www.w3.org/TR/xhtml1/DTD/xhtml1-transitional.dtd">
<html xmlns="http://www.w3.org/1999/xhtml" xml:lang="en" lang="en">
 <head>
  <title>
</title>
<meta http-equiv="Content-Type" content="text/html;charset=utf-8" />
  <meta name='ocr-system' content='tesseract 3.04.00' />
  <meta name='ocr-capabilities' content='ocr_page ocr_carea ocr_par ocr_line ocrx_word'/>
</head>
<body>
  <div class='ocr_page' id='page_1' title='image "./operaomniaexedit01clauuoft_0070.png"; bbox 0 0 1842 3193; ppageno 0'>
   <div class='ocr_carea' id='block_1_1' title="bbox 458 572 1476 661">
    <p class='ocr_par' dir='ltr' id='par_1_1' title="bbox 458 572 1476 661">
     <span class='ocr_line' id='line_1_1' title="bbox 458 572 1476 661; baseline -0.016 1"><span class='ocrx_word' id='word_1_1' title='bbox 458 572 1476 661; x_wconf 84' lang='lat' dir='ltr'><strong>TESTIMONIA</strong></span> 
     </span>
    </p>
   </div>
   <div class='ocr_carea' id='block_1_2' title="bbox 948 799 995 821">
    <p class='ocr_par' dir='ltr' id='par_1_2' title="bbox 948 799 995 821">
     <span class='ocr_line' id='line_1_2' title="bbox 948 799 995 821; baseline 0 0"><span class='ocrx_word' id='word_1_2' title='bbox 948 799 995 821; x_wconf 80' lang='lat' dir='ltr'>DE</span> 
     </span>
    </p>
   </div>
   <div class='ocr_carea' id='block_1_3' title="bbox 589 952 1356 1020">
    <p class='ocr_par' dir='ltr' id='par_1_3' title="bbox 589 952 1356 1020">
     <span class='ocr_line' id='line_1_3' title="bbox 589 952 1356 1020; baseline -0.014 1"><span class='ocrx_word' id='word_1_3' title='bbox 589 961 728 1020; x_wconf 87' lang='lat' dir='ltr'>CL.</span> <span class='ocrx_word' id='word_1_4' title='bbox 789 952 1356 1020; x_wconf 88' lang='lat' dir='ltr'><strong>CLAUDIANO.</strong></span> 
     </span>
    </p>
   </div>
   <div class='ocr_carea' id='block_1_4' title="bbox 650 1376 1312 1423">
    <p class='ocr_par' dir='ltr' id='par_1_4' title="bbox 650 1376 1312 1423">
     <span class='ocr_line' id='line_1_4' title="bbox 650 1376 1312 1423; baseline -0.012 0"><span class='ocrx_word' id='word_1_5' title='bbox 650 1381 812 1423; x_wconf 85' lang='lat' dir='ltr'>Romae</span> <span class='ocrx_word' id='word_1_6' title='bbox 843 1377 1019 1420; x_wconf 85' lang='lat' dir='ltr'>Tabula</span> <span class='ocrx_word' id='word_1_7' title='bbox 1047 1376 1312 1417; x_wconf 82' lang='lat' dir='ltr'><strong>Marmorea.</strong></span> 
     </span>
    </p>
   </div>
   <div class='ocr_carea' id='block_1_5' title="bbox 249 1477 1728 2222">
    <p class='ocr_par' dir='ltr' id='par_1_5' title="bbox 249 1477 1728 2222">
     <span class='ocr_line' id='line_1_5' title="bbox 249 1477 1719 1537; baseline -0.012 -1"><span class='ocrx_word' id='word_1_8' title='bbox 249 1480 476 1537; x_wconf 63' lang='lat' dir='ltr'>S&#39;rA‘rUAE</span> <span class='ocrx_word' id='word_1_9' title='bbox 514 1488 636 1531; x_wconf 87' lang='lat' dir='ltr'>basis</span> <span class='ocrx_word' id='word_1_10' title='bbox 674 1497 934 1534; x_wconf 83' lang='lat' dir='ltr'>marmorea,</span> <span class='ocrx_word' id='word_1_11' title='bbox 977 1483 1023 1523; x_wconf 89' lang='lat' dir='ltr'>in</span> <span class='ocrx_word' id='word_1_12' title='bbox 1061 1481 1156 1523; x_wconf 82' lang='lat' dir='ltr'>foro</span> <span class='ocrx_word' id='word_1_13' title='bbox 1195 1479 1380 1534; x_wconf 88' lang='lat' dir='ltr'>Trajani</span> <span class='ocrx_word' id='word_1_14' title='bbox 1421 1478 1531 1519; x_wconf 90' lang='lat' dir='ltr'>inter</span> <span class='ocrx_word' id='word_1_15' title='bbox 1569 1477 1719 1519; x_wconf 84' lang='lat' dir='ltr'>ruinas</span> 
     </span>
     <span class='ocr_line' id='line_1_6' title="bbox 251 1545 1721 1610; baseline -0.013 -7"><span class='ocrx_word' id='word_1_16' title='bbox 251 1562 426 1610; x_wconf 85' lang='lat' dir='ltr'>effossa,</span> <span class='ocrx_word' id='word_1_17' title='bbox 488 1557 732 1599; x_wconf 87' lang='lat' dir='ltr'>Claudiano</span> <span class='ocrx_word' id='word_1_18' title='bbox 785 1554 869 1595; x_wconf 85' lang='lat' dir='ltr'>fuit</span> <span class='ocrx_word' id='word_1_19' title='bbox 916 1549 1381 1593; x_wconf 86' lang='lat' dir='ltr'>honorificentissima.</span> <span class='ocrx_word' id='word_1_20' title='bbox 1462 1545 1612 1595; x_wconf 87' lang='lat' dir='ltr'>Hanc,</span> <span class='ocrx_word' id='word_1_21' title='bbox 1662 1556 1721 1585; x_wconf 85' lang='lat' dir='ltr'>ex</span> 
     </span>
     <span class='ocr_line' id='line_1_7' title="bbox 252 1612 1719 1677; baseline -0.012 -6"><span class='ocrx_word' id='word_1_22' title='bbox 252 1629 471 1677; x_wconf 85' lang='lat' dir='ltr'>Claverio‚</span> <span class='ocrx_word' id='word_1_23' title='bbox 532 1627 544 1645; x_wconf 90' lang='lat'>‘</span> <span class='ocrx_word' id='word_1_24' title='bbox 576 1623 856 1677; x_wconf 89' lang='lat' dir='ltr'>Pomponius</span> <span class='ocrx_word' id='word_1_25' title='bbox 907 1620 1076 1667; x_wconf 87' lang='lat' dir='ltr'>Laetus,</span> <span class='ocrx_word' id='word_1_26' title='bbox 1129 1618 1215 1658; x_wconf 83' lang='lat' dir='ltr'>aevi</span> <span class='ocrx_word' id='word_1_27' title='bbox 1267 1616 1337 1656; x_wconf 90' lang='lat' dir='ltr'>sui</span> <span class='ocrx_word' id='word_1_28' title='bbox 1403 1612 1719 1663; x_wconf 83' lang='lat' dir='ltr'><strong>Quintilianus,</strong></span> 
     </span>
     <span class='ocr_line' id='line_1_8' title="bbox 251 1680 1722 1751; baseline -0.012 -13"><span class='ocrx_word' id='word_1_29' title='bbox 251 1695 448 1751; x_wconf 84' lang='lat' dir='ltr'>possedit</span> <span class='ocrx_word' id='word_1_30' title='bbox 489 1697 621 1746; x_wconf 89' lang='lat' dir='ltr'>atque</span> <span class='ocrx_word' id='word_1_31' title='bbox 670 1692 716 1731; x_wconf 90' lang='lat' dir='ltr'>in</span> <span class='ocrx_word' id='word_1_32' title='bbox 760 1691 921 1731; x_wconf 87' lang='lat' dir='ltr'>honore</span> <span class='ocrx_word' id='word_1_33' title='bbox 957 1685 1139 1727; x_wconf 76' lang='lat' dir='ltr'>habuit-³</span> <span class='ocrx_word' id='word_1_34' title='bbox 1211 1684 1360 1737; x_wconf 90' lang='lat' dir='ltr'>Hujus</span> <span class='ocrx_word' id='word_1_35' title='bbox 1389 1681 1475 1723; x_wconf 89' lang='lat' dir='ltr'>tale</span> <span class='ocrx_word' id='word_1_36' title='bbox 1515 1680 1600 1722; x_wconf 87' lang='lat' dir='ltr'>suit</span> <span class='ocrx_word' id='word_1_37' title='bbox 1630 1680 1722 1721; x_wconf 90' lang='lat' dir='ltr'>elo-</span> 
     </span>
     <span class='ocr_line' id='line_1_9' title="bbox 254 1747 1726 1820; baseline -0.015 -12"><span class='ocrx_word' id='word_1_38' title='bbox 254 1768 400 1820; x_wconf 81' lang='lat' dir='ltr'>gium:</span> <span class='ocrx_word' id='word_1_39' title='bbox 453 1767 465 1784; x_wconf 91' lang='lat'>‘</span> <span class='ocrx_word' id='word_1_40' title='bbox 489 1763 556 1804; x_wconf 89' lang='lat' dir='ltr'>Cl.</span> <span class='ocrx_word' id='word_1_41' title='bbox 590 1760 834 1802; x_wconf 87' lang='lat' dir='ltr'>Claudiano</span> <span class='ocrx_word' id='word_1_42' title='bbox 871 1757 933 1799; x_wconf 88' lang='lat' dir='ltr'>V.</span> <span class='ocrx_word' id='word_1_43' title='bbox 956 1756 1011 1797; x_wconf 82' lang='lat' dir='ltr'>G.</span> <span class='ocrx_word' id='word_1_44' title='bbox 1047 1755 1244 1796; x_wconf 87' lang='lat' dir='ltr'>Tribuno</span> <span class='ocrx_word' id='word_1_45' title='bbox 1285 1756 1329 1793; x_wconf 87' lang='lat' dir='ltr'>et</span> <span class='ocrx_word' id='word_1_46' title='bbox 1367 1749 1571 1798; x_wconf 87' lang='lat' dir='ltr'>Notario,</span> <span class='ocrx_word' id='word_1_47' title='bbox 1613 1747 1726 1788; x_wconf 87' lang='lat' dir='ltr'>inter</span> 
     </span>
     <span class='ocr_line' id='line_1_10' title="bbox 255 1813 1725 1884; baseline -0.016 -8"><span class='ocrx_word' id='word_1_48' title='bbox 255 1838 421 1876; x_wconf 89' lang='lat' dir='ltr'>ceteras</span> <span class='ocrx_word' id='word_1_49' title='bbox 446 1833 639 1884; x_wconf 76' lang='lat' dir='ltr'>ingentes</span> <span class='ocrx_word' id='word_1_50' title='bbox 670 1832 782 1869; x_wconf 85' lang='lat' dir='ltr'>artes</span> <span class='ocrx_word' id='word_1_51' title='bbox 815 1823 1234 1880; x_wconf 84' lang='lat' dir='ltr'>praegloriosissimo</span> <span class='ocrx_word' id='word_1_52' title='bbox 1256 1815 1635 1866; x_wconf 57' lang='lat' dir='ltr'>Poetarum,‚licet</span> <span class='ocrx_word' id='word_1_53' title='bbox 1668 1813 1725 1855; x_wconf 91' lang='lat' dir='ltr'>ad</span> 
     </span>
     <span class='ocr_line' id='line_1_11' title="bbox 253 1881 1725 1950; baseline -0.015 -7"><span class='ocrx_word' id='word_1_54' title='bbox 253 1901 510 1943; x_wconf 82' lang='lat' dir='ltr'>memoriam</span> <span class='ocrx_word' id='word_1_55' title='bbox 526 1897 834 1950; x_wconf 87' lang='lat' dir='ltr'>sempiternam</span> <span class='ocrx_word' id='word_1_56' title='bbox 850 1892 1043 1934; x_wconf 86' lang='lat' dir='ltr'>carmina</span> <span class='ocrx_word' id='word_1_57' title='bbox 1060 1891 1117 1931; x_wconf 87' lang='lat' dir='ltr'>ab</span> <span class='ocrx_word' id='word_1_58' title='bbox 1136 1888 1290 1933; x_wconf 91' lang='lat' dir='ltr'>eodem</span> <span class='ocrx_word' id='word_1_59' title='bbox 1307 1885 1475 1938; x_wconf 83' lang='lat' dir='ltr'>scripta</span> <span class='ocrx_word' id='word_1_60' title='bbox 1491 1881 1725 1931; x_wconf 87' lang='lat' dir='ltr'>sufficiant,</span> 
     </span>
     <span class='ocr_line' id='line_1_12' title="bbox 256 1948 1727 2015; baseline -0.013 -5"><span class='ocrx_word' id='word_1_61' title='bbox 256 1972 450 2010; x_wconf 83' lang='lat' dir='ltr'>attamen</span> <span class='ocrx_word' id='word_1_62' title='bbox 488 1963 725 2006; x_wconf 83' lang='lat' dir='ltr'>testimonii</span> <span class='ocrx_word' id='word_1_63' title='bbox 759 1962 898 2015; x_wconf 82' lang='lat' dir='ltr'>gratia</span> <span class='ocrx_word' id='word_1_64' title='bbox 931 1960 987 2000; x_wconf 90' lang='lat' dir='ltr'>ob</span> <span class='ocrx_word' id='word_1_65' title='bbox 1017 1957 1179 2012; x_wconf 88' lang='lat' dir='ltr'>judicii</span> <span class='ocrx_word' id='word_1_66' title='bbox 1213 1956 1282 1996; x_wconf 87' lang='lat' dir='ltr'>sui</span> <span class='ocrx_word' id='word_1_67' title='bbox 1316 1952 1448 1993; x_wconf 90' lang='lat' dir='ltr'>fidem</span> <span class='ocrx_word' id='word_1_68' title='bbox 1485 1951 1590 1992; x_wconf 90' lang='lat' dir='ltr'>DD.</span> <span class='ocrx_word' id='word_1_69' title='bbox 1614 1948 1727 1991; x_wconf 85' lang='lat' dir='ltr'>NN.</span> 
     </span>
     <span class='ocr_line' id='line_1_13' title="bbox 258 2019 1727 2077; baseline -0.014 -1"><span class='ocrx_word' id='word_1_70' title='bbox 258 2034 479 2076; x_wconf 87' lang='lat' dir='ltr'>Arcadius</span> <span class='ocrx_word' id='word_1_71' title='bbox 499 2037 542 2074; x_wconf 90' lang='lat' dir='ltr'>et</span> <span class='ocrx_word' id='word_1_72' title='bbox 558 2030 802 2077; x_wconf 84' lang='lat' dir='ltr'>Honorius,</span> <span class='ocrx_word' id='word_1_73' title='bbox 816 2025 1063 2068; x_wconf 83' lang='lat' dir='ltr'>felicissimi</span> <span class='ocrx_word' id='word_1_74' title='bbox 1086 2037 1137 2065; x_wconf 89' lang='lat' dir='ltr'>ac</span> <span class='ocrx_word' id='word_1_75' title='bbox 1159 2020 1404 2064; x_wconf 80' lang='lat' dir='ltr'>doctissimi</span> <span class='ocrx_word' id='word_1_76' title='bbox 1421 2019 1727 2072; x_wconf 80' lang='lat' dir='ltr'>Imperatores,</span> 
     </span>
     <span class='ocr_line' id='line_1_14' title="bbox 259 2084 1728 2154; baseline -0.014 -10"><span class='ocrx_word' id='word_1_77' title='bbox 259 2103 426 2144; x_wconf 85' lang='lat' dir='ltr'>Senatu</span> <span class='ocrx_word' id='word_1_78' title='bbox 445 2102 638 2154; x_wconf 84' lang='lat' dir='ltr'>petente,</span> <span class='ocrx_word' id='word_1_79' title='bbox 660 2099 846 2138; x_wconf 83' lang='lat' dir='ltr'>statuam</span> <span class='ocrx_word' id='word_1_80' title='bbox 867 2094 913 2134; x_wconf 89' lang='lat' dir='ltr'>in</span> <span class='ocrx_word' id='word_1_81' title='bbox 933 2093 1032 2133; x_wconf 86' lang='lat' dir='ltr'>soro</span> <span class='ocrx_word' id='word_1_82' title='bbox 1054 2091 1161 2131; x_wconf 89' lang='lat' dir='ltr'>Divi</span> <span class='ocrx_word' id='word_1_83' title='bbox 1188 2087 1370 2142; x_wconf 86' lang='lat' dir='ltr'>Trajani</span> <span class='ocrx_word' id='word_1_84' title='bbox 1402 2085 1507 2139; x_wconf 87' lang='lat' dir='ltr'>erigi</span> <span class='ocrx_word' id='word_1_85' title='bbox 1540 2084 1728 2125; x_wconf 87' lang='lat' dir='ltr'>colloca-</span> 
     </span>
     <span class='ocr_line' id='line_1_15' title="bbox 259 2154 1728 2222; baseline -0.014 -12"><span class='ocrx_word' id='word_1_86' title='bbox 259 2170 383 2222; x_wconf 81' lang='lat' dir='ltr'>rique</span> <span class='ocrx_word' id='word_1_87' title='bbox 399 2164 652 2221; x_wconf 83' lang='lat' dir='ltr'>jusserunt.&#39;</span> <span class='ocrx_word' id='word_1_88' title='bbox 724 2162 816 2202; x_wconf 88' lang='lat' dir='ltr'>Ubi</span> <span class='ocrx_word' id='word_1_89' title='bbox 836 2165 880 2202; x_wconf 88' lang='lat' dir='ltr'>et</span> <span class='ocrx_word' id='word_1_90' title='bbox 900 2160 982 2201; x_wconf 93' lang='lat' dir='ltr'>hoc</span> <span class='ocrx_word' id='word_1_91' title='bbox 1006 2159 1259 2200; x_wconf 88' lang='lat' dir='ltr'>Distichum</span> <span class='ocrx_word' id='word_1_92' title='bbox 1281 2154 1491 2196; x_wconf 78' lang='lat' dir='ltr'>Graecum</span> <span class='ocrx_word' id='word_1_93' title='bbox 1511 2154 1728 2205; x_wconf 88' lang='lat' dir='ltr'>repertum</span> 
     </span>
    </p>
   </div>
   <div class='ocr_carea' id='block_1_6' title="bbox 262 2240 1736 2830">
    <p class='ocr_par' dir='ltr' id='par_1_6' title="bbox 262 2240 1410 2411">
     <span class='ocr_line' id='line_1_16' title="bbox 262 2240 354 2277; baseline -0.011 -1"><span class='ocrx_word' id='word_1_94' title='bbox 262 2240 354 2277; x_wconf 85' lang='lat' dir='ltr'>est:</span> 
     </span>
     <span class='ocr_line' id='line_1_17' title="bbox 496 2286 1410 2349; baseline -0.014 -11"><span class='ocrx_word' id='word_1_95' title='bbox 496 2299 564 2338; x_wconf 80' lang='grc' dir='ltr'>Εἲν</span> <span class='ocrx_word' id='word_1_96' title='bbox 586 2296 632 2336; x_wconf 73' lang='grc' dir='ltr'>ἑνὶ</span> <span class='ocrx_word' id='word_1_97' title='bbox 656 2292 863 2349; x_wconf 73' lang='grc' dir='ltr'>Βιργιλίοιο</span> <span class='ocrx_word' id='word_1_98' title='bbox 885 2291 959 2332; x_wconf 79' lang='grc' dir='ltr'><em>νόον</em></span> <span class='ocrx_word' id='word_1_99' title='bbox 980 2291 1043 2330; x_wconf 72' lang='grc' dir='ltr'>καὶ</span> <span class='ocrx_word' id='word_1_100' title='bbox 1066 2293 1211 2340; x_wconf 80' lang='grc' dir='ltr'><em>μοῦσαν</em></span> <span class='ocrx_word' id='word_1_101' title='bbox 1231 2286 1410 2343; x_wconf 61' lang='grc' dir='ltr'>Ὁμήρου,</span> 
     </span>
     <span class='ocr_line' id='line_1_18' title="bbox 558 2354 1375 2411; baseline -0.013 -7"><span class='ocrx_word' id='word_1_102' title='bbox 558 2362 788 2404; x_wconf 78' lang='grc' dir='ltr'><em>Κλαυὸιανὸν</em></span> <span class='ocrx_word' id='word_1_103' title='bbox 807 2358 933 2411; x_wconf 78' lang='grc' dir='ltr'>Ῥώμη</span> <span class='ocrx_word' id='word_1_104' title='bbox 956 2359 1018 2398; x_wconf 67' lang='grc' dir='ltr'>καὶ</span> <span class='ocrx_word' id='word_1_105' title='bbox 1040 2357 1214 2409; x_wconf 76' lang='grc' dir='ltr'>βασιλεῖς</span> <span class='ocrx_word' id='word_1_106' title='bbox 1237 2354 1375 2394; x_wconf 78' lang='grc' dir='ltr'><em>ἔθεσαν.</em></span> 
     </span>
    </p>

    <p class='ocr_par' dir='ltr' id='par_1_7' title="bbox 267 2419 1736 2830">
     <span class='ocr_line' id='line_1_19' title="bbox 269 2419 1731 2487; baseline -0.01 -10"><span class='ocrx_word' id='word_1_107' title='bbox 269 2435 406 2487; x_wconf 85' lang='lat' dir='ltr'>Quod</span> <span class='ocrx_word' id='word_1_108' title='bbox 442 2434 506 2474; x_wconf 86' lang='lat' dir='ltr'>sic</span> <span class='ocrx_word' id='word_1_109' title='bbox 542 2432 598 2472; x_wconf 89' lang='lat' dir='ltr'>ad</span> <span class='ocrx_word' id='word_1_110' title='bbox 631 2431 814 2477; x_wconf 83' lang='lat' dir='ltr'>verbum</span> <span class='ocrx_word' id='word_1_111' title='bbox 844 2429 1208 2480; x_wconf 83' lang='lat' dir='ltr'>interpretamur:</span> <span class='ocrx_word' id='word_1_112' title='bbox 1246 2421 1379 2463; x_wconf 79' lang='lat' dir='ltr'>Roma</span> <span class='ocrx_word' id='word_1_113' title='bbox 1411 2429 1449 2462; x_wconf 81' lang='lat' dir='ltr'>ec</span> <span class='ocrx_word' id='word_1_114' title='bbox 1482 2419 1629 2477; x_wconf 82' lang='lat' dir='ltr'>Reges,</span> <span class='ocrx_word' id='word_1_115' title='bbox 1651 2434 1731 2463; x_wconf 90' lang='lat' dir='ltr'>seu</span> 
     </span>
     <span class='ocr_line' id='line_1_20' title="bbox 268 2488 1731 2557; baseline -0.012 -12"><span class='ocrx_word' id='word_1_116' title='bbox 268 2504 577 2557; x_wconf 84' lang='lat' dir='ltr'>Imperatores,</span> <span class='ocrx_word' id='word_1_117' title='bbox 603 2502 828 2553; x_wconf 78' lang='lat' dir='ltr'>posuerunt</span> <span class='ocrx_word' id='word_1_118' title='bbox 853 2493 1147 2541; x_wconf 77' lang='lat' dir='ltr'>Claudianum,</span> <span class='ocrx_word' id='word_1_119' title='bbox 1171 2505 1248 2532; x_wconf 86' lang='lat' dir='ltr'>seu</span> <span class='ocrx_word' id='word_1_120' title='bbox 1271 2494 1463 2532; x_wconf 89' lang='lat' dir='ltr'>statuam</span> <span class='ocrx_word' id='word_1_121' title='bbox 1490 2488 1731 2539; x_wconf 77' lang='lat' dir='ltr'>Claudiani,</span> 
     </span>
     <span class='ocr_line' id='line_1_21' title="bbox 267 2554 1731 2617; baseline -0.012 -4"><span class='ocrx_word' id='word_1_122' title='bbox 267 2570 469 2612; x_wconf 80' lang='lat' dir='ltr'>habentis</span> <span class='ocrx_word' id='word_1_123' title='bbox 510 2568 553 2607; x_wconf 81' lang='lat' dir='ltr'>in</span> <span class='ocrx_word' id='word_1_124' title='bbox 600 2580 646 2607; x_wconf 90' lang='lat' dir='ltr'>se</span> <span class='ocrx_word' id='word_1_125' title='bbox 693 2579 774 2605; x_wconf 80' lang='lat' dir='ltr'>uno</span> <span class='ocrx_word' id='word_1_126' title='bbox 822 2561 987 2617; x_wconf 74' lang='lat' dir='ltr'>Virgilii</span> <span class='ocrx_word' id='word_1_127' title='bbox 1024 2567 1194 2601; x_wconf 78' lang='lat' dir='ltr'>mentem</span> <span class='ocrx_word' id='word_1_128' title='bbox 1246 2565 1284 2598; x_wconf 82' lang='lat' dir='ltr'>et</span> <span class='ocrx_word' id='word_1_129' title='bbox 1330 2557 1499 2598; x_wconf 82' lang='lat' dir='ltr'>Musam</span> <span class='ocrx_word' id='word_1_130' title='bbox 1542 2554 1731 2606; x_wconf 81' lang='lat' dir='ltr'>Homeri,</span> 
     </span>
     <span class='ocr_line' id='line_1_22' title="bbox 270 2622 1733 2689; baseline -0.01 -10"><span class='ocrx_word' id='word_1_131' title='bbox 270 2639 356 2679; x_wconf 89' lang='lat' dir='ltr'>hoc</span> <span class='ocrx_word' id='word_1_132' title='bbox 396 2641 462 2678; x_wconf 90' lang='lat' dir='ltr'>est</span> <span class='ocrx_word' id='word_1_133' title='bbox 499 2635 634 2689; x_wconf 86' lang='lat' dir='ltr'>hujus</span> <span class='ocrx_word' id='word_1_134' title='bbox 673 2631 1006 2673; x_wconf 83' lang='lat' dir='ltr'>foecunditatem</span> <span class='ocrx_word' id='word_1_135' title='bbox 1046 2633 1090 2669; x_wconf 90' lang='lat' dir='ltr'>et</span> <span class='ocrx_word' id='word_1_136' title='bbox 1125 2628 1246 2668; x_wconf 89' lang='lat' dir='ltr'>illius</span> <span class='ocrx_word' id='word_1_137' title='bbox 1285 2625 1518 2680; x_wconf 87' lang='lat' dir='ltr'>judicium.</span> <span class='ocrx_word' id='word_1_138' title='bbox 1608 2622 1733 2672; x_wconf 86' lang='lat' dir='ltr'>Quid</span> 
     </span>
     <span class='ocr_line' id='line_1_23' title="bbox 273 2691 1733 2761; baseline -0.014 -10"><span class='ocrx_word' id='word_1_139' title='bbox 273 2714 420 2751; x_wconf 88' lang='lat' dir='ltr'>autem</span> <span class='ocrx_word' id='word_1_140' title='bbox 454 2707 615 2761; x_wconf 89' lang='lat' dir='ltr'>majus,</span> <span class='ocrx_word' id='word_1_141' title='bbox 651 2715 782 2757; x_wconf 87' lang='lat' dir='ltr'>quam</span> <span class='ocrx_word' id='word_1_142' title='bbox 823 2701 868 2741; x_wconf 92' lang='lat' dir='ltr'>in</span> <span class='ocrx_word' id='word_1_143' title='bbox 902 2713 991 2740; x_wconf 93' lang='lat' dir='ltr'>uno</span> <span class='ocrx_word' id='word_1_144' title='bbox 1031 2702 1074 2739; x_wconf 89' lang='lat' dir='ltr'>et</span> <span class='ocrx_word' id='word_1_145' title='bbox 1111 2697 1265 2738; x_wconf 88' lang='lat' dir='ltr'>eodem</span> <span class='ocrx_word' id='word_1_146' title='bbox 1305 2693 1450 2735; x_wconf 80' lang='lat' dir='ltr'>Po&#39;eta</span> <span class='ocrx_word' id='word_1_147' title='bbox 1487 2691 1733 2733; x_wconf 87' lang='lat' dir='ltr'>Claudiano</span> 
     </span>
     <span class='ocr_line' id='line_1_24' title="bbox 276 2761 1736 2830; baseline -0.014 -12"><span class='ocrx_word' id='word_1_148' title='bbox 276 2787 509 2830; x_wconf 81' lang='lat' dir='ltr'>agnoscere</span> <span class='ocrx_word' id='word_1_149' title='bbox 529 2771 711 2826; x_wconf 86' lang='lat' dir='ltr'>Virgilii</span> <span class='ocrx_word' id='word_1_150' title='bbox 731 2768 964 2825; x_wconf 85' lang='lat' dir='ltr'>judicium,</span> <span class='ocrx_word' id='word_1_151' title='bbox 982 2769 1026 2807; x_wconf 88' lang='lat' dir='ltr'>et</span> <span class='ocrx_word' id='word_1_152' title='bbox 1046 2764 1226 2806; x_wconf 88' lang='lat' dir='ltr'>Musam</span> <span class='ocrx_word' id='word_1_153' title='bbox 1247 2775 1323 2804; x_wconf 89' lang='lat' dir='ltr'>seu</span> <span class='ocrx_word' id='word_1_154' title='bbox 1342 2761 1584 2803; x_wconf 79' lang='lat' dir='ltr'>ubertatem</span> <span class='ocrx_word' id='word_1_155' title='bbox 1604 2761 1736 2813; x_wconf 86' lang='lat' dir='ltr'>atque</span> 
     </span>
    </p>
   </div>
   <div class='ocr_carea' id='block_1_7' title="bbox 1830 2929 1842 3193">
    <p class='ocr_par' dir='ltr' id='par_1_8' title="bbox 1830 2497 1842 3193">
     <span class='ocr_line' id='line_1_25' title="bbox 1830 2929 1842 3193; baseline 0 -163"><span class='ocrx_word' id='word_1_156' title='bbox 1830 2929 1842 3193; x_wconf 22' lang='grc' dir='ltr'><strong>ᾧ</strong></span> 
     </span>
    </p>
   </div>
  </div>
 </body>
</html>
