1852 3193
207 204 292 245 154

208 309 345 350 Haud
367 309 492 350 aliter
514 307 702 348 Xerxen
725 308 817 345 toto
841 301 969 343 simul
992 299 1098 339 orbe
1120 299 1297 338 secutus

209 377 430 418 Narratur
445 376 650 429 rapuisse
676 384 808 425 vagos
826 369 1048 410 exercitus
1070 377 1241 414 amnes,

208 444 267 485 Et.
289 445 392 485 telis
414 445 644 484 umbrasse
661 441 794 488 diem,
827 449 928 478 cum
947 434 1170 475 classibus
1188 433 1271 472 iret

210 512 295 552 Per
312 512 539 565 scopulos,
559 513 807 560 tectumque
823 504 961 559 pedes
980 504 1269 543 contemneret
1285 510 1453 552 aequor.

207 579 303 620 Vix
327 578 471 632 Alpes
494 583 787 629 transgressus
810 577 923 622 erat,
946 584 1031 611 nec
1048 570 1144 624 jam
1162 568 1356 620 amplius
1379 569 1499 606 errat

209 647 450 696 Barbarus,
482 646 802 696 adventumque
826 646 1037 688 tremens,
1069 651 1117 678 se
1136 636 1256 689 cogit
1276 636 1322 675 in
1340 648 1467 675 unam

210 713 461 762 Planitiem‚
486 716 674 765 tutoque
695 709 881 750 includit
898 718 1071 761 pascua
1090 717 1211 758 gyro.

210 781 322 822 Tum
341 780 563 834 duplicem
585 779 767 826 fossam,
800 789 892 816 non
913 771 1229 827 exsuperabile
1246 772 1413 812 vallum

707 210 782 240 GL.
815 206 1099 240 CLAUDIANI
1135 205 1182 234 V.

1586 632 1672 673 125

210 907 283 937 liter
309 907 462 936 exercitus
489 905 655 936 comitatus
679 905 809 935 Xerxen
833 914 893 934 una
919 913 960 934 ex
977 901 1057 932 omni
1080 898 1221 939 vImperio
1243 899 1361 929 dicitur
1376 897 1552 929 exhausisse
1558 897 1678 938 fluvios

210 952 361 987 errantes,
387 952 418 979 et
443 949 616 978 obscurasse
641 948 743 977 Solem
757 947 884 985 jaculis,
907 956 976 976 cum
991 946 1107 975 volaret
1122 952 1177 982 per
1190 951 1268 972 saxa
1284 951 1357 972 cum
1375 941 1514 979 nucibus,
1529 943 1560 971 et
1584 941 1678 981 pedes

211 991 374 1022 incedens
401 993 557 1030 sperneret
584 1000 669 1020 mare
695 993 836 1029 opertum
863 988 1008 1019 ratibus.
1059 986 1122 1016 Vix
1138 985 1277 1015 Stilicho
1291 987 1489 1023 superaverat
1506 984 1625 1022 Alpes,·
1647 985 1680 1014 et

200 1034 270 1071 jam
295 1034 450 1064 exercitus
474 1032 688 1063 Bar-berorum
712 1041 772 1061 non
798 1034 932 1068 vagatur
952 1029 1095 1068 amplum,
1118 1031 1147 1057 et
1170 1027 1283 1056 timens
1301 1035 1452 1056 accessum
1477 1025 1677 1056 Stilichonis

209 1079 379 1115 congregat
405 1085 435 1105 se
459 1075 491 1105 in
505 1074 681 1114 planitiem,
704 1077 734 1103 et
749 1073 867 1103 claudit
890 1081 1003 1112 pascua
1018 1070 1133 1100 circulo
1147 1079 1266 1099 securo.
1312 1068 1434 1099 Deinde
1450 1069 1600 1099 construit
1609 1067 1680 1106 fos·

210 1129 273 1149 sam
286 1119 454 1157 geminam,
469 1118 582 1147 vallum
599 1115 851 1155 inexpugnabile,
864 1115 946 1154 palis
960 1112 1081 1154 infixiS,
1096 1115 1126 1142 et
1143 1111 1235 1141 bobus
1256 1110 1442 1150 interfectis,
1457 1112 1580 1152 opponit
1596 1111 1680 1142 vehi-

827 1185 1064 1197 eeeeeeeeeeee

211 1249 383 1277 extremum
406 1254 468 1284 pro
499 1244 649 1275 eximium
666 1242 787 1274 Ainbr.
803 1247 874 1273 tres
891 1241 1123 1272 Petam—120
1159 1241 1290 1271 Xerxen
1306 1243 1376 1270 tres
1393 1239 1490 1270 Med.
1513 1240 1599 1279 Reg.
1615 1240 1681 1271 Bo-

210 1298 288 1319 non.
305 1288 432 1318 Mazar.
449 1287 516 1318 duo
531 1286 648 1316 Ambr.
664 1291 733 1317 tres
748 1286 871 1316 Petav.
898 1284 1040 1315 Xerxem
1054 1283 1133 1313 Vat.
1150 1292 1218 1313 sec.
1234 1283 1340 1313 Oisel.
1357 1283 1479 1313 Xersen
1492 1282 1588 1314 Leid.
1602 1283 1680 1314 duo.

211 1335 298 1362 tanto
318 1330 413 1360 Med.
431 1339 499 1360 see.
517 1339 561 1359 m.
580 1331 735 1368 pr.—l2l
769 1331 890 1368 potasse
904 1336 966 1366 pro
989 1326 1130 1365 rapuisse
1146 1326 1230 1356 Exc.
1249 1325 1346 1356 Laeti.
1361 1325 1450 1362 feros
1465 1335 1569 1356 amnes
1584 1326 1680 1358 Prie.

211 1383 316 1404 amnes
343 1373 397 1403 vel
435 1381 510 1402 acces
536 1371 751 1402 Oisel.—l22
789 1370 925 1400 vibrasse
950 1369 1071 1399 Petav.
1095 1378 1145 1408 pr.
1183 1368 1338 1398 umbrasse
1355 1369 1408 1398 vel
1443 1368 1578 1399 vibi-asse
1594 1369 1681 1409 Reg.

212 1417 326 1448 Oxou.
352 1425 404 1455 pr.
429 1416 513 1445 Exc.
533 1415 631 1451 Laeti,
647 1418 682 1444 et
699 1413 751 1444 ed.
768 1413 884 1443 Parm.
908 1411 1064 1442 umbrasse
1081 1410 1229 1441 sedecim
1251 1411 1318 1449 alii,
1346 1411 1513 1451 Excerpt.
1533 1412 1681 1442 Lucens.

213 1469 282 1490 see.
300 1463 335 1489 et
352 1458 404 1488 ed.
416 1458 638 1488 vicen—123
662 1460 761 1487 tectus
774 1456 839 1486 duo
852 1455 929 1486 Vat.
952 1457 1131 1485 contexeret
1148 1453 1262 1484 Oxon.
1276 1463 1345 1484 sec.
1361 1454 1440 1484 Put.
1464 1463 1531 1494 pum
1544 1457 1682 1484 cerneret

212 1501 339 1532 Thu-an.
368 1501 499 1532 Mazar.
523 1499 628 1531 Oisel.
654 1500 738 1530 Exc.
766 1499 844 1529 Pat.
872 1507 941 1528 rec.
957 1502 992 1528 et
1010 1497 1093 1528 Cod.
1112 1497 1340 1527 Rl1em.—124
1364 1496 1461 1536 Alpes
1476 1497 1563 1527 Exc.
1579 1497 1682 1528 Laeti.

213 1553 354 1584 egressus
369 1546 437 1574 erat
447 1544 532 1574 Exc.
550 1543 692 1573 Lucens.
704 1551 772 1573 sec.
795 1541 930 1579 nonjam
942 1541 1027 1570 Exe.
1043 1539 1251 1570 [θεώ-125
1276 1540 1503 1578 adductumque
1518 1540 1600 1570 Var.
1612 1539 1682 1573 LL.

215 1587 269 1618 ed.
294 1585 400 1617 Antv.
426 1587 509 1616 Exc.
523 1586 621 1616 Voss.
644 1585 756 1616 timens
782 1584 849 1614 duo
866 1584 945 1614 Vat.
971 1584 1065 1613 Rott.
1091 1583 1168 1613 Put.
1187 1582 1338 1612 Florent.
1358 1582 1425 1612 duo
1449 1581 1544 1612 Med.
1561 1582 1683 1614 Ambr.

215 1639 282 1660 sec.
300 1629 425 1660 Petav.
441 1638 492 1668 pr.
510 1628 637 1659 Moret.
652 1637 721 1658 sec.
740 1628 824 1657 Exc.
842 1627 984 1657 Gevart.
1001 1631 1035 1655 et
1052 1625 1197 1655 Lucem.
1214 1634 1283 1655 sec.
1307 1628 1440 1655 tremens
1457 1625 1681 1664 Reg.Thuan.

214 1673 293 1703 Vat.
325 1672 404 1709 duo,
422 1671 530 1702 Oisel.
560 1670 626 1701 duo
649 1670 765 1701 Oxou.
792 1669 888 1700 Leid.
920 1678 971 1708 pr.
1001 1668 1086 1699 Exc.
1103 1668 1314 1698 Voss—126
1337 1670 1462 1707 tutoque
1479 1667 1563 1697 Exc.
1581 1667 1681 1698 Laeti.

213 1718 358 1754 tantoque
386 1714 493 1746 Oisel.
518 1717 641 1754 totoque
654 1718 724 1744 tres
739 1713 818 1743 Vat.
837 1712 913 1743 Pal.
931 1711 1069 1742 Tholos.
1097 1709 1191 1741 Med.
1219 1719 1270 1749 pr.
1297 1719 1382 1740 unus
1414 1710 1530 1740 Heius.
1555 1713 1682 1750 tutoque

214 1758 266 1788 vel
290 1760 430 1797 tortoque
455 1757 571 1788 Oxon.
598 1766 649 1796 pr.
683 1755 820 1787 excludit
849 1754 944 1784 Med.
972 1764 1022 1794 pr.
1047 1762 1131 1784 unus
1158 1752 1278 1783 Heins.
1295 1762 1380 1783 unns
1396 1752 1627 1786 Barth.Leid.
1646 1758 1683 1784 et

215 1800 300 1830 Exn.
325 1800 468 1831 Gevart.
500 1799 532 1829 in
560 1800 684 1829 Petav.
710 1808 761 1838 pr.
794 1807 854 1838 pro
883 1798 993 1836 glossa
1019 1796 1206 1835 ascriptum
1222 1799 1308 1825 erat.
1325 1795 1374 1826 sic
1391 1794 1490 1835 infra,
1515 1797 1523 1812 ‘
1542 1795 1681 1827 Finibus

213 1843 346 1883 exiguis
374 1842 470 1873 vallis
497 1842 657 1873 conclusa
674 1840 944 1871 tenebas.’—127
971 1840 1058 1870 Tunc
1083 1838 1178 1869 Med.
1202 1843 1315 1879 quart.
1344 1839 1472 1869 Mazar.
1489 1837 1610 1869 Ambr.
1628 1848 1680 1879 pr.

876 1904 906 1935 N
914 1902 1019 1934 OTAE

258 1962 319 1989 120
356 1960 501 2000 Xera-en]
556 1960 686 1999 Regem
728 1958 922 1999 potentissi-

215 2019 304 2039 mum
321 2009 503 2039 Persarum
528 2010 562 2040 in
580 2009 675 2047 Asia,
698 2018 838 2039 numero
861 2007 921 2039 1111-

214 2060 311 2090 litum
340 2070 447 2101 prope
475 2059 609 2090 infinito
644 2058 764 2090 fluvios
795 2059 920 2090 exhau-

215 2115 373 2141 rientem.

261 2162 336 2192 Toto
376 2161 463 2200 orbe]
516 2161 720 2191 vastissimo
758 2160 919 2200 Imperio,

217 2211 306 2251 qnod
345 2211 480 2250 Xerxes
513 2210 677 2250 regebat:
719 2210 766 2240 sic
796 2210 920 2240 dicitur

216 2262 305 2293 orbis
322 2262 488 2299 Gallicus,
506 2270 567 2301 pro
584 2261 717 2292 Gallico
735 2260 897 2301 Imperio.

260 2315 318 2343 121
345 2310 512 2351 Rapuisse]
560 2310 764 2340 Exhausisse
780 2314 920 2349 propter

217 2363 410 2393 immensam
450 2361 582 2401 copiam
619 2360 790 2391 homiuum
820 2369 920 2401 equo-

218 2421 373 2453 rumque.

260 2465 323 2494 122
350 2461 431 2492 Telis
454 2460 621 2500 umbrasse]
667 2458 819 2490 Aiebant
835 2459 920 2490 Per-

217 2523 268 2543 sas
282 2512 425 2543 telorum
443 2510 660 2541 multitudine
674 2510 779 2540 solem
801 2510 919 2540 obscu-

218 2573 306 2602 rare,
331 2563 420 2593 uude
430 2562 530 2603 jocus
545 2560 707 2601 Spartani
722 2559 896 2600 cujusdam
912 2571 918 2590 :

216 2617 225 2630 ⁴
244 2614 367 2644 Melius
385 2613 417 2643 in
436 2612 555 2642 umbra
572 2609 818 2652 pugnabimus.‘'

264 2667 325 2695 123
354 2664 418 2693 Per
444 2661 594 2703 scopulos]
641 2661 773 2692 Xerxes
798 2659 922 2691 dicitur

226 2722 376 2754 aequasse
393 2718 544 2744 montem
560 2710 688 2752 Athon,
703 2716 738 2743 et
750 2711 833 2743 velis
850 2721 924 2752 per-

222 2764 311 2794 vium
327 2762 462 2796 fecisse.

1018 1955 1154 1996 AEquor]
1189 1955 1466 1996 Hellespontum,
1483 1965 1582 1996 quem
1596 1956 1683 1987 Xer-

976 2016 1035 2037 xes
1053 2012 1157 2047 ponte
1174 2006 1446 2046 naviumjunxit‚
1463 2011 1566 2047 atque
1581 2007 1684 2047 traje-

975 2058 1046 2095 cit3
1071 2062 1105 2087 et
1123 2067 1184 2097 per
1208 2066 1307 2098 quem
1325 2062 1446 2097 postea
1463 2057 1574 2088 victus
1592 2067 1686 2098 cym-

975 2107 1016 2138 ba
1029 2106 1162 2147 effugit.

1019 2161 1078 2188 125
1120 2157 1295 2196 Barbarus]
1342 2157 1522 2188 Exercitus
1572 2167 1680 2198 prope

975 2206 1309 2245 Constantinopolim
1331 2216 1350 2236 a
1379 2206 1501 2238 Rufino
1518 2212 1681 2239 evocatus

975 2257 1138 2287 formidat
1169 2256 1409 2288 advenientem
1438 2259 1682 2300 Stilichone1n3

975 2307 1038 2337 etsi
1054 2307 1107 2337 vix
1126 2307 1229 2347 Alpes
1247 2314 1455 2347 superasset.
1501 2308 1599 2341 Adeo
1616 2309 1684 2341 for-

973 2357 1135 2388 midabile
1149 2364 1221 2388 erat
1239 2368 1360 2388 nomen
1372 2359 1583 2391 Stilichonis.

1018 2411 1080 2439 1215
1105 2407 1240 2447 Pascua]
1290 2407 1343 2438 Ad
1358 2408 1483 2448 pabula
1500 2410 1595 2450 equis
1607 2410 1682 2441 sub-

974 2459 1214 2490 ministranda.

1021 2513 1079 2541 127
1110 2511 1228 2541 Vallum
1245 2510 1384 2550 asperat]
1422 2511 1557 2542 Vallum
1570 2512 1681 2543 munit

976 2562 1061 2602 palis
1090 2561 1198 2592 acutis
1226 2566 1329 2602 atque
1357 2561 1485 2601 asperis
1502 2571 1564 2602 per
1579 2562 1682 2594 alter-

976 2623 1035 2643 nos
1067 2623 1126 2643 seu
1155 2613 1306 2652 geminos
1333 2611 1481 2650 ordines,
1507 2612 1585 2644 hinc
1601 2613 1681 2644 inde

977 2663 1147 2704 dispositis
1163 2674 1171 2700 ;
1208 2669 1243 2693 et
1273 2662 1306 2693 in
1335 2661 1445 2692 medio
1475 2662 1538 2693 sub
1566 2664 1682 2703 specie

977 2713 1075 2750 muri,
1101 2713 1254 2752 plaustra
1271 2712 1449 2743 constituit
1467 2717 1558 2743 tecta
1583 2713 1679 2753 pelli-

978 2764 1039 2796 bus
1056 2763 1168 2795 boum.
1203 2762 1244 2794 Id
1257 2762 1360 2794 etiam
1377 2772 1398 2794 a
1412 2763 1534 2795 Carolo
1550 2763 1679 2804 Magno
