1852 3193
236 197 320 238 504

683 215 758 244 ct..
791 215 1072 250 CLAUDIANI
1106 220 1255 256 XVIII.

235 301 325 343 Pro
347 302 568 348 thalamis.
630 307 772 350 Verso
785 310 880 364 jam
902 311 1059 356 discite
1080 328 1199 358 more
1220 320 1412 370 curules,

234 368 340 410 Non
359 376 542 414 matrum
562 374 730 428 pilenta
750 378 891 432 sequi.
952 379 1055 423 Neu
1074 384 1225 437 prisca
1243 388 1480 440 revolvam,

233 435 338 479 Neu
360 452 591 492 numerem,
612 445 788 496 quantis
809 447 967 502 injuria
983 450 1099 491 mille
1117 465 1196 505 per
1215 466 1356 497 annos

232 504 301 546 Sit
319 512 436 549 retro
459 510 664 552 ducibus:
698 516 853 566 quanti
873 516 1113 561 foedabitur
1131 523 1218 563 aevi

227 571 452 617 Canities!
485 590 617 620 unam
638 581 826 623 subeant
846 589 957 637 quot
980 587 1148 629 saecula
1169 589 1370 644 culpam!

225 637 343 681 Inter
364 641 584 687 Arinthaei
601 646 742 689 fastus
763 654 808 690 et
827 664 988 693 nomen
1008 654 1141 696 herile

227 706 392 751 Servus
415 713 512 762 erit,
535 713 798 772 dominoque
820 732 927 761 suos
951 723 1138 776 aequalis
1157 723 1343 768 honores

227 773 410 819 Inseret.

223 890 312 922 cutia
326 893 439 925 sterili.

473 779 593 831 Heu,
616 796 786 839 semper
803 786 1039 832 Ptolemaei
1060 793 1197 834 noxia
1217 795 1378 838 mundo

1605 801 1693 846 480

484 896 693 936 frequentate
723 901 862 932 tribunal
883 913 941 941 pro
967 905 1067 936 lectis.
1110 908 1183 939 Jum
1200 912 1418 945 consuetudine
1433 917 1567 956 mutata,
1583 918 1694 951 discite

223 934 370 965 comitari
397 937 487 967 sellas
515 938 674 978 eburneas,
688 950 748 971 non
775 951 884 973 currus
906 947 1128 978 matronarum.
1176 951 1262 982 Neve
1291 954 1424 991 reseram
1454 958 1595 1000 antiqua,
1617 971 1692 993 nece

222 985 408 1015 recenseam,
424 979 548 1017 quantis
562 982 691 1012 dedecus
705 983 748 1013 sit
763 985 940 1017 ductoribus
959 997 1015 1026 per
1030 999 1126 1021 annos
1140 991 1224 1023 mille
1244 997 1452 1033 proeteritos.-
1481 1001 1600 1035 Quanti
1614 1006 1691 1036 tem-

218 1018 307 1057 poris
321 1019 494 1059 antiquitas
509 1023 799 1057 contaminabitur?
825 1028 909 1063 Quot
932 1032 1044 1062 scecula
1057 1033 1219 1072 patientur
1234 1046 1327 1067 unum
1350 1037 1577 1077 ignominium?
1601 1046 1691 1077 Inter·

223 1061 470 1099 magnitudinem
483 1064 655 1107 Arintlzaess
670 1070 700 1098 et
723 1079 831 1101 nomen
847 1071 991 1112 Domini,
1006 1084 1113 1106 servus
1135 1077 1320 1119 Eutropius
1336 1079 1523 1123 invenietur,
1534 1088 1564 1116 et
1579 1087 1692 1120 similis

221 1102 363 1135 miscebit
377 1106 598 1146 magistratum
619 1120 708 1142 suum
731 1121 807 1144 cum
830 1114 966 1147 domino.

1013 1117 1103 1149 Pro!
1124 1128 1225 1152 servos
1241 1122 1404 1155 Ptolemoei
1426 1128 1692 1168 semperfunestos

842 1216 1082 1232 “6‘2660‘01‘

219 1275 305 1309 Exc.
323 1277 424 1312 Laeti.
441 1279 539 1314 deest
556 1281 611 1315 hic
628 1293 745 1317 versus
762 1285 795 1318 in
811 1287 944 1321 Bonon.
961 1292 1095 1325 Tholos.
1120 1298 1155 1326 et
1179 1293 1292 1327 Oxon.
1305 1299 1484 1331 see-474
1507 1310 1567 1332 neu
1584 1301 1688 1342 prisca

219 1319 315 1352 Med.
334 1331 401 1355 sec.
419 1322 552 1356 Thuan.
577 1326 644 1359 duo
663 1329 758 1362 Leid.
785 1331 852 1363 inc.
882 1333 1000 1366 Heius.
1024 1336 1109 1368 Exc.
1138 1337 1281 1371 Gevart.
1314 1350 1352 1372 ne
1375 1342 1452 1374 Vat.
1481 1350 1530 1384 pr.
1553 1350 1587 1375 et
1605 1349 1686 1378 tert.

219 1362 314 1395 Rott.
330 1363 438 1397 Oisel.
455 1366 577 1400 Ambr.
591 1380 642 1410 pr.
666 1383 726 1403 non
742 1374 837 1406 Med.
851 1381 963 1416 quart.
976 1377 1057 1411 Jun.
1075 1389 1125 1420 pr.
1140 1381 1264 1414 Moret.
1280 1393 1349 1415 sec.
1373 1395 1426 1416 nec
1440 1387 1688 1427 septemdecim

218 1405 289 1438 alii.
312 1417 367 1438 nec
389 1410 442 1439 vel
462 1420 521 1442 neu
539 1413 659 1445 Petav.
682 1420 844 1456 pr.—475
872 1419 942 1451 Neu
964 1431 1117 1454 numerem
1133 1423 1250 1457 Ambr.
1267 1435 1334 1458 sec.
1350 1428 1436 1459 Exc.
1455 1427 1598 1461 Lucens.
1617 1440 1686 1464 sec.

217 1448 294 1480 Heu
311 1450 460 1484 Florent.
485 1454 557 1486 Non
571 1456 665 1488 Med.
683 1464 794 1499 quart.
819 1460 887 1493 Nec
903 1462 968 1494 duo
978 1464 1078 1497 Vatt.
1096 1466 1170 1498 Pal.
1189 1466 1289 1502 Farn.
1302 1470 1393 1502 Prie.
1410 1470 1477 1502 duo
1493 1471 1586 1503 Med.
1602 1473 1685 1506 Put.

218 1491 303 1532 Reg.
325 1492 460 1527 Thuan.
489 1500 559 1529 tres
584 1499 706 1532 Petav.
735 1503 865 1536 Bonon.
893 1505 972 1538 Pat.
998 1507 1135 1541 Tholos.
1159 1509 1226 1542 duo
1244 1511 1362 1545 Ambr.
1388 1514 1517 1547 Moret.
1534 1525 1601 1548 sec.
1618 1517 1685 1549 duo

218 1533 332 1567 Oxon.
348 1541 383 1568 et
400 1538 453 1570 ed.
477 1540 590 1574 Vicet.
629 1544 677 1575 Ne
692 1545 771 1577 Jun.
789 1551 948 1587 piu—476
972 1550 1025 1582 Sic
1041 1556 1123 1583 retro
1140 1553 1236 1586 Rott.
1275 1556 1330 1586 Fit
1347 1556 1509 1588 Heinsius
1525 1558 1686 1600 conjicie-

216 1575 289 1608 bat.
313 1579 441 1612 ducibus
454 1583 508 1613 vel
521 1583 670 1617 divitibus
683 1588 834 1620 Florent.
853 1591 949 1624 Leid.
965 1603 1016 1634 pr.
1034 1594 1113 1626 Put.
1135 1597 1296 1629 sedabitur
1315 1599 1396 1631 Put.
1415 1600 1544 1632 Mazar.
1562 1602 1686 1635 Petav.

215 1624 252 1650 et
267 1619 386 1654 Ambr.
405 1629 485 1656 tert.
508 1627 590 1659 Var.
620 1630 686 1662 LL.
713 1632 766 1662 ed.
795 1632 1011 1668 Antv.—477
1034 1638 1162 1669 subeunt
1186 1640 1254 1671 duo
1270 1642 1364 1673 Vatt.
1384 1642 1459 1675 Pal.
1477 1643 1575 1676 Farn.
1595 1645 1683 1687 Reg.

212 1661 348 1695 Tholos.
362 1670 432 1697 tres
447 1668 541 1700 Med.
557 1674 604 1701 tot
616 1672 697 1704 Jun.
716 1684 768 1714 pr.
783 1678 863 1715 quod
880 1678 962 1710 Exe.
976 1679 1118 1712 Gevart.
1131 1686 1165 1712 et
1177 1682 1321 1715 Lucens.
1335 1689 1512 1718 see—478
1524 1687 1686 1720 Arinthaei

213 1704 293 1736 Vat.
313 1707 424 1739 Livin.
442 1710 536 1742 Med.
551 1719 662 1752 quart.
677 1716 761 1754 Reg.
776 1718 860 1748 Exc.
878 1720 1024 1751 Luceus.
1040 1733 1107 1753 sec.
1132 1726 1269 1755 Arithoei
1286 1727 1380 1757 Med.
1395 1737 1464 1757 sec.
1481 1730 1565 1758 Exc.
1582 1729 1680 1762 Laeti,

212 1748 377 1780 Arenthoei
407 1751 525 1782 Ambr.
553 1758 634 1783 tert.
671 1756 797 1785 Arescez·
822 1759 903 1788 Jun.
930 1770 980 1797 pr.
1017 1763 1149 1792 Aristan·
1166 1765 1233 1794 dno
1258 1766 1377 1796 Leidd.
1395 1777 1471 1799 cum
1489 1770 1681 1804 octodecim

213 1790 287 1820 aliis
301 1796 337 1821 et
352 1792 473 1822 Sched.
492 1792 584 1824 Gud.
609 1795 763 1827 Aristerii
777 1797 860 1829 Lov.
888 1800 1008 1832 Eriseei
1020 1803 1146 1835 Moret.
1164 1815 1232 1836 sec.
1257 1808 1396 1839 Arithoei
1407 1811 1458 1840 ve!
1474 1812 1594 1844 Aristei
1609 1819 1679 1847 vet.

214 1832 300 1872 Gyr.
326 1833 479 1865 Arenthei
495 1836 549 1866 vel
566 1837 700 1869 Aristoei
720 1839 815 1871 Med.
836 1851 885 1881 pr.
901 1842 1010 1881 fustus
1027 1851 1096 1877 vet.
1113 1847 1200 1888 Gyr.
1221 1849 1315 1882 Med.
1328 1860 1395 1882 see.
1414 1853 1497 1884 Exc.
1516 1854 1592 1886 Pat.
1611 1865 1681 1891 rec.

211 1874 265 1905 ed.
281 1876 394 1908 Parm.
410 1882 446 1908 et
460 1878 578 1910 Vicet.
603 1880 708 1919 fastos
725 1882 791 1914 duo
807 1884 926 1916 Leidd.
951 1892 984 1918 et
1007 1889 1151 1928 plurima
1176 1900 1254 1932 pars
1281 1893 1392 1925 Codd.
1422 1896 1507 1927 Exc.
1535 1897 1678 1933 Gevart.

210 1918 357 1950 Lucens.
383 1930 450 1952 sec.
472 1921 555 1953 Cod.
579 1922 700 1956 Rhem.
727 1925 852 1958 Sched.
871 1928 962 1961 Gud.
981 1929 1060 1962 ΑΜ.
1075 1932 1157 1965 item
1177 1935 1254 1966 Var.
1271 1936 1341 1968 LL.
1359 1947 1377 1967 e
1396 1947 1502 1980 marg.
1520 1940 1681 1974 Palm.—

208 1962 276 1992 479
299 1963 433 2002 ‹equabit
451 1964 531 1996 Vat.
545 1975 615 1997 sec.
638 1967 733 2000 Rott.
747 1969 843 2001 Med.
862 1978 975 2013 quart.
994 1975 1125 2008 Mazar.
1144 1976 1260 2010 Ambr.
1278 1989 1328 2019 pr.
1349 1981 1474 2013 Mon-et.
1488 1992 1556 2015 sec.
1570 1993 1678 2027 marg.

211 2003 336 2045 Isingr.
354 2007 434 2038 Var.
452 2007 519 2039 LL.
537 2018 555 2040 e
570 2019 679 2052 marg.
696 2011 810 2044 Parm.
836 2014 960 2047 Sched.
979 2016 1181 2052 Gud.—430
1206 2022 1250 2052 Et
1266 2026 1347 2053 seret
1366 2024 1459 2056 Med.
1476 2030 1587 2066 quart.
1624 2029 1679 2060 In-

209 2051 289 2078 seret
306 2049 389 2079 Lov.
428 2050 551 2088 Inferet
572 2053 667 2084 Med.
695 2058 777 2087 tert.
800 2057 933 2090 Thuan.
960 2059 1079 2094 Ambr.
1110 2072 1159 2103 pr.
1180 2064 1262 2096 Var.
1291 2066 1356 2097 LL.
1381 2072 1399 2098 e
1428 2077 1533 2109 marg.
1561 2070 1678 2105 Parm.

208 2090 333 2122 Sclied.
351 2092 441 2123 Gud.
467 2095 584 2126 Inserit
605 2095 713 2129 Pulm.
753 2099 938 2132 Ptolemoeus
953 2102 1069 2135 Ambr.
1088 2115 1137 2146 pr.
1174 2107 1360 2139 Ptolomoeus
1376 2110 1457 2141 Put.
1491 2112 1678 2146 lelemoeus

209 2132 296 2173 Reg.
313 2134 445 2166 Thuan.
460 2137 590 2170 Mazar.
606 2139 673 2171 duo
688 2140 811 2173 Petav.
837 2144 1028 2177 Tliolomoeus
1043 2148 1127 2181 Var.
1142 2149 1208 2181 LL.
1224 2161 1240 2181 e
1257 2161 1359 2192 marg.
1373 2152 1486 2185 Parni.
1511 2155 1678 2188 Tholomoei

210 2175 293 2206 Lov.
309 2177 410 2208 ambo
428 2179 554 2212 Moret.
586 2182 748 2214 Ptolemoei
765 2186 818 2216 vel
835 2187 1022 2220 Ptolemoeus
1038 2190 1116 2223 Vat.
1131 2201 1201 2223 sec.
1237 2194 1326 2233 regia
1343 2195 1468 2227 Moret.
1486 2207 1553 2230 sec.
1586 2200 1678 2239 regia

208 2227 328 2259 semper
342 2220 420 2253 Vat.
435 2231 504 2254 sec.
522 2233 567 2254 m.
594 2234 645 2265 pr.
682 2228 779 2259 noxia
794 2230 848 2260 vel
867 2231 970 2270 Regia
987 2233 1068 2265 Lov.
1101 2237 1212 2266 mundo
1228 2237 1283 2268 vel
1299 2247 1418 2279 semper
1434 2239 1546 2273 Oxou.
1562 2251 1675 2275 sec.—

876 2311 1015 2345 NOTAE

241 2372 307 2402 476
321 2370 375 2403 Sit
389 2376 472 2405 retro
484 2375 625 2418 ducibus]
638 2377 769 2411 Vident
784 2390 913 2423 omnes,

208 2425 337 2461 quanta
354 2422 481 2464 injuria
505 2425 599 2459 facta
619 2428 664 2460 sit
692 2434 745 2461 tot
769 2430 912 2463 ducibus

207 2477 300 2503 retro
315 2476 484 2513 praeteriti
506 2479 684 2519 temporis,
707 2490 783 2512 cum
799 2481 912 2514 factus

206 2527 260 2554 est
275 2525 392 2555 consul
408 2526 580 2568 indignus,
595 2530 651 2571 qui
672 2530 762 2562 inter
777 2542 835 2564 eos
851 2543 911 2564 nu-

205 2578 367 2607 meratur.
414 2577 455 2608 Id
481 2579 631 2611 dedecus
662 2582 775 2613 omnia
796 2582 910 2616 ferent

205 2625 341 2657 saecula.
609 2652 619 2665 x

246 2677 309 2707 477
334 2677 489 2719 Canities]
523 2679 718 2724 Antiquitas
745 2693 911 2716 veneran-

205 2722 260 2763 da,
276 2730 315 2758 ut
331 2729 474 2761 canities
491 2730 526 2762 in
541 2741 633 2765 sene.

245 2777 308 2807 478
330 2777 504 2821 Arinthaei]
528 2781 663 2815 Fierine
681 2788 795 2825 potest
812 2790 850 2818 ut
873 2786 908 2818 in

968 2384 1062 2417 fastis
1076 2387 1194 2420 iisdem
1213 2390 1347 2431 legatur
1362 2401 1485 2424 nomen
1502 2393 1674 2426 Arinthaei

967 2438 1126 2478 consulis,
1143 2444 1178 2470 et
1194 2450 1316 2471 nomen
1332 2444 1478 2475 consulis
1502 2445 1674 2486 Eutropii,

965 2487 1023 2527 qui
1047 2487 1112 2519 fuit
1126 2489 1294 2523 Arinthaei
1308 2494 1449 2524 servus?
1477 2493 1672 2527 Arinthaeus

966 2543 1079 2570 autem
1097 2539 1162 2570 fuit
1176 2541 1228 2572 vir
1244 2542 1394 2580 illustris,
1417 2548 1534 2584 togata
1555 2549 1592 2577 et
1618 2556 1673 2577 ar-

965 2592 1057 2618 mata
1070 2589 1191 2619 militia
1207 2591 1422 2623 clarissimus.

1007 2640 1071 2669 480
1096 2632 1274 2680 Ptolemaei]
1300 2641 1401 2681 Regis
1433 2642 1586 2685 AEgypti,
1613 2655 1670 2677 cu-

958 2687 1016 2727 jus
1031 2696 1146 2719 servus
1158 2689 1323 2720 Pothinus
1339 2690 1380 2721 ad
1394 2691 1578 2732 dignitates
1591 2695 1671 2726 sub-

963 2738 1050 2769 latus
1077 2738 1187 2771 occidi
1209 2739 1313 2780 jussit
1340 2740 1544 2784 Pompeium
1570 2745 1668 2788 Mag-

963 2797 1057 2820 num.
