1852 3193
220 194 305 236 300

225 297 338 340 Cum
361 300 439 341 tibi
459 301 700 354 prodiderit
720 302 857 341 festas
878 313 966 340 nox
988 301 1185 353 pronuba
1207 301 1371 342 taedas!

219 365 334 416 Quae
358 368 433 408 tali
455 369 613 409 devota
637 374 747 413 toro,
781 381 879 420 quae
897 368 1062 408 murice
1081 369 1251 423 fulgens

219 434 311 475 Ibit
331 436 374 476 in
391 437 622 489 amplexus
640 436 745 478 tanti
768 436 941 488 Regina
962 437 1137 477 mariti?

218 500 438 552 Quaenam
455 508 515 544 tot
540 504 667 545 Divis
688 505 833 545 veniet
852 518 1001 554 nurus,
1035 505 1235 546 omnibus
1257 505 1375 546 arvis

217 569 274 610 Et
293 574 385 612 toto
403 572 594 612 dotanda
614 572 755 612 mari?
789 577 1061 625 quantusque
1082 572 1241 613 feretur

215 636 340 678 Idem
363 652 440 691 per
463 639 656 692 Zephyri
674 645 817 680 metas
838 639 1112 693 Hymenaeus
1134 644 1177 680 et
1195 639 1326 680 Euri!

216 703 254 744 O
273 705 378 745 mihi
403 707 440 746 si
456 707 587 747 liceat
608 707 813 747 thalamis
834 707 1054 747 intendere
1077 720 1252 748 carmen

213 770 482 814 Connubiale
498 775 599 823 tuis,
632 775 669 814 si
686 779 727 816 te
738 774 831 828 jam
853 775 998 815 dicere
1015 776 1209 827 patrem!

211 838 408 893 Tempus
430 842 524 890 erit,
558 855 659 882 cum
682 848 726 883 tu
747 846 866 882 trans
889 842 1031 882 Rheni
1055 854 1217 882 cornua
1235 844 1392 893 victor,

211 904 435 948 Arcadius
458 913 600 962 captae
619 910 777 962 spoliis
801 910 1055 962 Babylonos
1077 913 1257 950 onustus

683 209 759 239 GL.
793 207 1078 239 CLAUDIANI
1118 207 1226 238 vlu.

1600 436 1687 477 645

208 1025 272 1045 nox
295 1016 446 1056 nuptialis
470 1018 636 1056 protulerit
662 1018 720 1048 tibi
740 1018 832 1055 faces
859 1018 1020 1049 solennes!
1066 1019 1145 1053 Qaae
1162 1019 1354 1058 Imperatriae
1369 1020 1526 1050 destinata
1543 1024 1596 1051 est
1619 1021 1679 1052 tali

208 1058 287 1094 niro,
304 1068 372 1097 quoe
394 1060 512 1089 micans
533 1070 674 1099 purpura
701 1061 801 1090 reniet
827 1062 859 1090 in
882 1061 1061 1099 conjugium
1084 1061 1187 1100 sponsi
1214 1062 1295 1091 tanti
1308 1060 1322 1091 2
1363 1063 1442 1096 Qua>
1458 1072 1554 1093 nurus
1576 1064 1677 1094 veniet

207 1104 253 1130 tot
270 1101 376 1138 Divis,
406 1102 620 1140 locupletanda
636 1103 729 1132 terris
745 1103 898 1141 omnibus,
925 1107 955 1134 et
980 1104 1061 1133 mari
1076 1103 1216 1133 universo
1230 1101 1245 1134 ’.ἲ
1291 1105 1335 1133 Et
1352 1108 1487 1143 quantus
1502 1106 1680 1145 hymenceus

207 1143 289 1172 idem
302 1143 506 1173 celebrabitur
519 1154 576 1184 per
592 1144 678 1185 fines
696 1145 838 1175 Orientis
859 1149 889 1175 et
918 1146 1097 1176 Occidentis
1106 1144 1121 1176 ’.ἶ
1168 1146 1197 1175 O
1215 1146 1242 1175 si
1256 1146 1463 1185 permittatur
1479 1148 1555 1177 mihi
1571 1158 1679 1180 canere

206 1193 311 1214 versus
324 1186 499 1224 conjugales
514 1189 546 1216 in
573 1187 698 1226 nuptias
722 1191 804 1227 tuas,
834 1197 853 1218 ο
867 1188 895 1218 εἰ
920 1189 1144 1228 permittatur
1166 1190 1293 1219 laudare
1308 1192 1338 1219 te
1348 1192 1470 1228 patrem
1485 1190 1499 1220 ,Ι
1546 1190 1678 1230 Tempus

205 1227 361 1265 adveniet,
383 1238 453 1259 cum
468 1233 503 1259 tu
518 1230 728 1269 triumphator
743 1234 831 1261 trans
846 1231 972 1262 brachia
992 1231 1106 1270 Rheni,
1129 1241 1206 1262 cum
1222 1232 1378 1262 Arcadius
1393 1236 1538 1262 oneratus
1553 1234 1677 1263 exuuiis

205 1270 378 1311 Babylonis
400 1273 544 1312 captivae,
571 1273 772 1304 nominabitis
799 1283 913 1305 annum
942 1284 1130 1305 communem.
1157 1284 1234 1305 cum
1259 1275 1427 1313 majestate
1438 1275 1616 1316 grandiori,
1644 1279 1677 1306 et

837 1381 1070 1393 eeeeeeeeeeee

202 1449 296 1480 Med.
310 1459 378 1481 sec.
404 1451 531 1483 Mon-et.
549 1461 598 1492 pr.
621 1454 788 1493 pertulerit
806 1454 900 1486 Leid.
918 1464 967 1494 pr.
989 1455 1154 1494 protulerit
1173 1454 1268 1486 Med.
1283 1459 1394 1495 quart.
1410 1455 1536 1486 Thu-an.
1554 1454 1671 1487 Oxou.

201 1501 250 1530 pr.
266 1493 350 1524 Exc.
366 1493 512 1524 Lucens.
529 1504 580 1535 pr.
600 1496 721 1536 Isingr.
739 1497 880 1536 Gyrald.
913 1498 1087 1537 prodiderit
1105 1498 1255 1529 Florent.
1274 1498 1342 1528 duo
1366 1498 1463 1528 Med.
1488 1497 1578 1536 fetas
1592 1498 1673 1530 Pat.

200 1544 260 1564 vox
275 1535 357 1567 Jnn.
376 1546 425 1576 pr.
446 1537 586 1576 pernuba
602 1539 680 1570 Put.
705 1539 842 1579 improba
856 1541 1055 1572 Prie—644
1078 1541 1187 1571 derata
1205 1542 1327 1581 viginti
1351 1541 1484 1581 scripti,
1501 1541 1584 1572 Exc.
1603 1541 1674 1572 Ge-

202 1582 286 1608 vart.
302 1578 448 1610 Lucens.
465 1589 533 1610 sec.
551 1581 670 1612 Sched.
688 1582 777 1613 Gud.
801 1584 866 1613 viro
882 1584 961 1615 Vat.
983 1588 1062 1614 tert.
1085 1594 1210 1614 munere
1228 1585 1307 1615 Jun.
1326 1586 1486 1624 p1·.--646
1511 1584 1671 1619 Quidnam

200 1619 332 1650 Tholos.
355 1621 419 1658 ejus
436 1631 497 1661 pro
520 1624 605 1653 arvis
620 1624 714 1655 Med.
730 1628 916 1656 terh—647
941 1629 1028 1656 tet-uto
1046 1626 1147 1656 Farn.
1171 1627 1306 1657 dotanda
1324 1626 1442 1657 Ambr.
1460 1631 1537 1657 tert.
1561 1627 1671 1656 dotata

200 1660 279 1693 Vat.
311 1672 360 1702 pr.
380 1664 482 1694 Farn.
504 1665 600 1696 Leid.
625 1675 695 1697 sec.
712 1667 797 1698 Exc.
813 1667 954 1699 Gevart.
977 1669 1120 1698 donanda
1137 1669 1327 1699 octodecim
1343 1668 1411 1706 alii,
1426 1669 1509 1699 Exc.
1524 1669 1670 1699 anens.

201 1713 269 1735 sec.
295 1705 381 1736 Exc.
398 1706 496 1739 Voss.
530 1708 671 1738 donanda
689 1709 740 1739 vel
776 1711 912 1740 (lalanda
928 1709 1049 1741 Ambr.
1069 1713 1228 1750 pix—649
1254 1711 1283 1740 O
1297 1712 1381 1741 modo
1395 1711 1489 1741 Rott.
1514 1711 1601 1741 modo
1614 1711 1669 1743 vel

199 1747 276 1777 mihi
302 1749 381 1779 Vat.
406 1753 485 1780 tert.
527 1751 701 1790 impendere
728 1762 851 1783 carmen
879 1753 964 1792 legit
992 1753 1114 1784 Heius.
1151 1754 1208 1793 qni
1239 1753 1418 1794 sequentia
1451 1754 1669 1794 ascripserat.

199 1789 373 1830 impendere
399 1792 536 1831 carmen]
576 1794 626 1824 sic
663 1794 838 1834 impendere
875 1805 998 1835 operam
1029 1796 1123 1826 alicui
1154 1796 1209 1827 rei.
1253 1795 1420 1826 Similiter
1447 1796 1538 1836 apud
1567 1797 1670 1836 Spar-

199 1832 282 1863 tian.
306 1839 499 1873 peccatum.
527 1834 592 1866 vid.
615 1836 755 1867 Salmas.
784 1847 816 1876 p.
844 1840 896 1869 12.
926 1843 1042 1868 noster
1067 1837 1147 1868 alibi
1177 1837 1294 1876 [Cous.
1322 1838 1418 1869 Mall.
1447 1839 1515 1878 66]
1562 1840 1570 1856 ‘
1595 1839 1668 1871 Aut

198 1883 313 1905 curam
328 1876 496 1915 impendit
514 1878 648 1917 populis
672 1883 731 1909 aut
755 1879 823 1910 otia
839 1879 973 1911 Musis.'
996 1886 1034 1911 ut
1060 1881 1094 1910 in
1119 1884 1186 1912 vet.
1212 1880 1296 1911 Cod.
1313 1881 1449 1912 Gallico
1476 1881 1613 1921 legitur.
1631 1886 1667 1913 et

197 1917 299 1956 [Bell.
314 1917 407 1949 Gild.
425 1929 470 1950 vs.
492 1919 549 1959 89]
576 1930 594 1951 e
617 1921 700 1952 Mss.
723 1923 732 1939 ‘
753 1922 973 1963 impensaque
996 1923 1119 1953 saeeula
1143 1923 1253 1954 bello!
1298 1923 1482 1963 Capitolin.
1508 1925 1541 1954 in
1558 1924 1667 1955 Anto-

196 1959 264 1991 nin.
287 1962 296 1977 ‘
322 1966 522 2002 tantumque
551 1963 663 2002 operis
691 1974 730 1995 ac
760 1965 885 1996 laboris
917 1966 1037 1996 studiis
1067 1966 1246 2006 impendit,
1272 1970 1310 1996 ut
1335 1976 1460 2006 corpus
1489 1966 1666 1998 afficeret.’

196 2002 313 2035 Valer.
330 2004 443 2035 Flacc.
458 2014 505 2036 ιν.
522 2008 596 2036 581.
618 2007 627 2022 ‘
642 2006 697 2037 Ne
712 2017 814 2038 vanas
832 2008 993 2048 impende
1017 2008 1267 2049 preceS.'—650
1301 2010 1377 2039 Jam
1401 2013 1432 2040 te
1449 2009 1568 2041 Ambr.
1584 2014 1666 2042 tert.

192 2048 325 2083 patrem.
350 2056 426 2077 cum
461 2047 567 2088 τελείᾳ
584 2050 712 2090 στιγμῇ,
739 2055 774 2081 et
800 2050 922 2090 glossa,
944 2051 966 2082 i.
983 2062 1010 2082 e.
1026 2051 1052 2082 si
1070 2051 1172 2082 liceat.
1212 2052 1297 2082 Exe.
1316 2052 1570 2084 Gevart.—65l
1597 2052 1665 2083 Hic

194 2087 319 2120 τελείαν
333 2089 470 2129 στιγμὴν
485 2091 613 2122 habent
629 2092 714 2132 Reg.
729 2098 764 2124 et
780 2093 968 2126 Pan—652
990 2094 1098 2135 spoliis
1109 2098 1210 2134 captae
1226 2095 1355 2126 Mazar.
1380 2094 1558 2136 Babylonos
1571 2095 1664 2128 Prie.

863 2157 1002 2188 NOTAE

237 2207 299 2237 643
325 2205 400 2235 Nox
414 2205 567 2247 pronuba]
615 2207 694 2238 Nox
726 2210 901 2251 nuptialis,

195 2264 315 2295 gerens
351 2254 500 2287 officium
530 2258 707 2298 pronubae,
736 2270 812 2300 quae
842 2262 899 2292 de-

194 2305 321 2336 ducere
339 2306 427 2337 solet
443 2316 562 2338 novam
581 2314 733 2349 nuptam.

235 2359 298 2387 644
325 2356 463 2397 Murice]
510 2359 671 2399 Purpura
707 2360 898 2400 Imperato-

192 2407 254 2438 ria.
299 2407 460 2448 Purpura
475 2409 601 2450 quippe
618 2420 636 2441 e
652 2411 787 2442 Murice
804 2411 897 2451 pisce

192 2467 331 2488 manare
347 2459 489 2491 credita.

234 2512 298 2540 646
338 2510 398 2540 Tot
422 2510 533 2550 Dicis]
579 2511 649 2542 Tot
672 2511 895 2553 Imperatori-

192 2560 266 2599 bus,
296 2560 354 2601 qui
390 2560 423 2590 in
452 2562 604 2593 Deorum
638 2572 815 2595 numerum
846 2574 895 2595 as-

191 2610 399 2650 criptisunt.

233 2662 297 2691 648
342 2660 482 2701 Zephyri
515 2664 544 2692 et
581 2663 681 2704 Euri]
742 2664 811 2695 Per
835 2665 893 2697 hos

192 2715 310 2741 ventos
327 2710 489 2751 intelligit
511 2712 692 2745 Orientem
708 2723 728 2744 a
749 2725 816 2756 quo
832 2714 894 2747 fiat

190 2761 313 2802 Eurus,
344 2766 380 2794 et
420 2762 647 2797 Occidentem
684 2773 705 2797 a
737 2775 803 2807 quo
833 2764 895 2801 flat

955 2212 1147 2252 Zephyrus.

998 2265 1062 2293 649
1086 2262 1252 2293 Intendere
1274 2263 1413 2303 carmen]
1458 2263 1550 2303 Lyra
1566 2266 1663 2293 tensa

954 2321 1078 2342 canere
1095 2321 1233 2342 carmen
1250 2313 1419 2353 nuptiale,
1447 2322 1505 2343 seu
1522 2313 1662 2354 Epitha-

952 2361 1104 2399 lamium,
1126 2361 1168 2392 de
1186 2371 1252 2402 quo
1268 2371 1358 2393 mox.

994 2414 1055 2441 651
1085 2412 1183 2442 Trans
1204 2411 1308 2442 Rheni
1332 2410 1460 2450 cornua]
1505 2411 1658 2443 Subacta

952 2460 1138 2492 Germania
1152 2461 1283 2500 ultima,
1305 2460 1363 2491 ubi
1386 2461 1523 2493 Rhenus
1539 2462 1573 2492 in
1591 2462 1657 2494 dno

951 2522 1078 2543 cornua
1102 2513 1261 2543 immania
1289 2511 1463 2544 funditur:
1489 2523 1591 2545 unum
1608 2514 1658 2545 di-

949 2563 1038 2594 citur
1059 2563 1198 2601 Vahalis,
1213 2569 1247 2593 et
1262 2563 1407 2594 alterum
1420 2563 1516 2594 Isalu.

991 2616 1054 2644 652
1092 2612 1286 2654 Babylonos]
1338 2612 1499 2654 Intellige
1528 2614 1654 2647 Persas

949 2668 985 2695 et
1002 2663 1162 2703 Parthos,
1185 2664 1328 2704 populos
1345 2663 1504 2696 invictos.
1550 2665 1597 2696 Hi
1613 2675 1655 2697 eo

948 2722 1036 2744 anno
1063 2723 1128 2754 quo
1145 2717 1244 2745 uatus
1261 2720 1314 2744 est
1334 2714 1506 2746 Honorius
1531 2725 1653 2756 pacem

949 2773 968 2799 a
983 2763 1175 2799 'theodosio
1193 2773 1254 2807 per
1266 2764 1395 2806 legatos
1412 2766 1598 2807 petierunt.
