1842 3193
261 240 318 281 (58

773 239 849 270 CL.
883 232 1164 268 CLAUDIAM
1204 230 1233 259 Ι.

266 341 604 393 Multifidasque
626 341 723 379 ruat
746 339 917 376 centum
938 342 1014 383 per
1034 330 1221 380 pectora
1251 320 1468 366 Phoebus,

264 410 386 452 Acta
409 408 542 449 Probi
564 417 739 447 narrare
758 412 940 455 querum
964 399 1071 450 quot
1091 395 1134 433 in
1159 390 1309 431 ordine
1333 391 1488 440 gentes

267 478 471 527 Rexerit,
494 475 548 516 ad
572 472 728 513 summi
752 468 927 523 quoties
948 463 1132 515 fastigia
1155 459 1268 513 juris

266 546 468 592 Venerit,
491 543 633 584 ltaliae
658 541 745 579 late
765 550 862 579 cum
884 535 1025 575 fraena
1044 531 1222 576 teneret,

267 614 559 666 Illyricosque
582 611 719 657 sinus,
741 610 783 646 et
805 617 918 658 quos
940 606 1034 642 arat
1056 597 1212 639 Africa
1233 604 1434 646 campos.

1675 584 1733 624 UO

269 681 356 721 Sed
381 681 469 719 nati
495 681 633 718 vicere
653 678 836 729 patrem,
861 671 1029 723 solique
1050 667 1269 707 merentur

268 746 482 788 Victores
506 745 657 785 audire
682 741 830 783 Probi.

892 738 995 778 Non
1017 733 1199 784 contigit
1219 729 1281 770 illi

266 815 393 855 Talis
413 814 560 861 honor,
583 812 723 865 prima
743 821 840 849 cum
863 810 985 859 parte
1006 802 1237 842 viresceret
1257 795 1341 838 aevi
1359 808 1368 835 :

271 882 377 923 Non
398 881 549 922 consul
571 892 670 919 cuin
692 878 818 917 fratre
841 874 935 914 fuit.

989 870 1087 911 Vos
1107 867 1227 908 nulla
1246 864 1396 915 fatigat

271 949 406 998 Cura,
425 948 499 988 diu
520 947 689 998 majora
708 947 884 997 petens:
917 953 1001 979 non
1024 938 1158 978 anxia
1178 936 1365 974 mentem

1683 922 1741 963 65

272 1016 385 1069 Spes
401 1016 505 1067 agit,
527 1019 571 1053 et
588 1013 720 1063 longo
741 1009 879 1049 tendit
899 1004 1149 1059 praecordia
1170 1004 1293 1041 voto.

274 1083 503 1135 Coepistis,
526 1093 615 1132 qua
630 1078 727 1117 finis
747 1082 864 1116 erat:
897 1072 1137 1127 primordia
1156 1072 1306 1109 vestra

272 1149 311 1190 V
319 1150 365 1190 ix
386 1147 520 1201 pauci
541 1156 734 1186 meruere
756 1154 908 1182 senes:
939 1143 1168 1190 metasque
1188 1133 1345 1175 tenetis

275 1291 396 1320 centum
417 1295 515 1320 voces,
531 1287 561 1315 et
588 1283 697 1322 Apollo
721 1280 884 1320 multiplex
900 1281 991 1308 exeat
1016 1276 1096 1306 milii
1122 1284 1160 1305 ex
1186 1275 1306 1304 centum
1327 1267 1517 1310 pectoribus,
1545 1275 1606 1297 non
1627 1273 1748 1305 possem

275 1339 436 1362 numerare
457 1328 548 1364 sacta
567 1325 686 1360 l’robi;
709 1327 780 1363 quot
793 1321 1011 1361 gubernaverit
1037 1317 1204 1359 prudentia
1228 1325 1287 1344 sua
1316 1313 1454 1353 populos,
1469 1310 1587 1350 quoties
1601 1306 1744 1339 ascende-

275 1374 321 1404 rit
343 1373 382 1402 ad
398 1371 514 1401 culmen
529 1378 677 1408 suprema>
693 1365 875 1403 dignitatis,
891 1374 958 1394 cum
975 1363 1187 1393 moderaretur
1214 1358 1347 1388 habenas
1376 1355 1492 1392 Italioe,
1510 1355 1540 1383 et
1557 1361 1633 1382 oras
1649 1349 1747 1381 maris

278 1415 416 1456 Illyrici,
431 1418 459 1443 et
476 1416 576 1443 terras
592 1420 665 1450 quas
681 1409 791 1446 Africa
807 1408 891 1438 colit.
939 1406 1001 1436 Seri
1014 1404 1082 1446 filii
1108 1403 1329 1442 superat-erunt
1355 1398 1496 1433 Patrem,
1513 1399 1544 1425 et
1560 1393 1618 1424 soli
1633 1402 1752 1423 meren-

278 1462 330 1490 tur
342 1456 482 1497 reputari
499 1456 630 1485 victores
646 1453 751 1492 ipsius
768 1451 875 1481 Probi.
926 1449 1010 1479 Talis
1026 1446 1166 1485 dig-nitas
1183 1442 1379 1474 Consularis
1396 1450 1456 1470 non
1471 1437 1588 1469 accidit
1602 1435 1651 1467 illi
1665 1435 1751 1466 Pro-

279 1501 334 1537 bo,
349 1500 555 1540 cumfloreret
571 1496 672 1536 primo
686 1497 775 1536 parte
791 1493 915 1524 oetatis:
933 1502 991 1522 non
1011 1487 1198 1526 Consulfuz't
1214 1496 1281 1517 cum
1301 1485 1426 1516 Fratre.
1467 1481 1564 1512 Nulla
1578 1489 1653 1510 cura
1668 1477 1751 1518 aspi-

278 1553 354 1574 rans
378 1543 431 1573 «liu
459 1541 500 1571 ad
528 1540 642 1570 altiora
668 1548 720 1568 ⁴vos
747 1536 885 1567 cruciat.-
909 1544 976 1575 spes
1004 1532 1126 1564 solicita
1150 1540 1209 1560 non
1231 1529 1333 1567 agitat
1351 1527 1488 1556 animum
1505 1527 1669 1559 vestrum,
1695 1529 1751 1551 nec

277 1585 437 1626 suspendit
463 1584 557 1614 corda
583 1587 697 1611 vestra
721 1581 811 1617 longo
833 1577 999 1609 desiderio.
1045 1573 1220 1613 Incwistis,
1236 1571 1376 1612 uln'finis
1390 1571 1456 1599 erut
1475 1567 1640 1602 aliorum3
1664 1572 1750 1594 senes

278 1629 372 1670 pauci
388 1628 443 1658 vix
458 1626 631 1657 habuerunt
647 1624 801 1664 principia
816 1624 937 1652 vestra:
962 1623 992 1650 et
1007 1617 1170 1657 attingitis
1193 1615 1371 1653 terminum,
1386 1608 1634 1652 priusquarnflos
1650 1606 1752 1638 adole-

899 1710 1130 1723 ‘tetre-‘2006‘

280 1784 409 1825 paribus
424 1782 499 1814 cod.
520 1779 659 1818 Morefi,
685 1777 775 1809 unde
802 1777 874 1817 jam
893 1774 1055 1806 Heinsius
1072 1773 1266 1814 conjecerat
1293 1773 1436 1811 pateant,
1458 1766 1550 1808 quod
1567 1765 1649 1796 etin
1667 1763 1754 1794 Exc.

286 1827 417 1859 Ruben.
436 1830 556 1864 postea
572 1822 713 1853 invenit.
726 1821 780 1851 suh
795 1820 872 1850 Pal.
889 1817 986 1849 Med.
1005 1820 1144 1857 pr.——-56
1161 1815 1380 1856 Mullifideque
1397 1811 1491 1843 Leid.
1508 1819 1560 1850 pr.
1574 1813 1610 1839 et
1625 1807 1755 1838 Moret-

284 1870 375 1911 quod
402 1867 531 1898 arridet
547 1865 787 1896 Barthio.-57
815 1863 989 1893 Numerare
1015 1860 1147 1890 al.·-58
1171 1858 1306 1896 vestigia
1322 1856 1417 1887 Leid.
1441 1863 1493 1894 pr.
1510 1853 1636 1883 Moret.
1655 1847 1755 1880 Med.

286 1922 338 1953 pr.
366 1912 528 1942 pah—60
552 1912 623 1949 quot
648 1907 826 1937 Pric.-61
854 1905 898 1934 Et
925 1913 986 1943 pro
1013 1902 1076 1933 Sed
1104 1901 1181 1932 Ald.
1208 1900 1321 1930 Vicet.
1350 1899 1465 1929 Parm.
1499 1896 1597 1928 Jnnt.
1633 1892 1755 1923 Con-

286 1958 328 1986 62
350 1964 431 1984 nunc
456 1952 591 1990 conligit
617 1950 692 1980 Pal.
720 1948 816 1979 Med.
841 1957 892 1987 pr.
921 1945 1083 1977 Heinsius
1111 1943 1320 1984 conjiciebat
1342 1951 1428 1972 num.
1450 1938 1564 1977 attigit
1589 1936 1674 1967 Vat.
1698 1942 1754 1974 pr.

287 1998 477 2029 Farn.—63
502 1995 568 2024 orbi
585 1992 683 2024 Leid.
700 2001 753 2031 pr.
770 2001 788 2020 a
805 2000 848 2021 m.
864 1999 915 2030 pr.
935 1988 1028 2019 Prie.
1052 1987 1143 2017 orbus
1159 1987 1376 2018 iumen-04
1402 1983 1469 2014 Nec
1488 1980 1585 2012 Med.
1614 1987 1666 2019 pr.
1689 1976 1758 2008 Pe-

287 2045 356 2071 tav.
374 2049 424 2078 pr.
443 2039 522 2068 Vat.
538 2036 645 2076 quint.
663 2035 737 2065 Pal.
756 2034 847 2064 Prie.
866 2042 926 2072 pro
942 2041 993 2061 vos
1013 2031 1100 2061 nulla
1123 2030 1203 2060 Vat.
1220 2038 1270 2068 pr.
1288 2027 1430 2058 exhibet
1445 2035 1505 2055 non
1519 2023 1683 2054 ultan—65
1706 2018 1759 2050 dei

286 2093 329 2114 m.
340 2082 421 2123 petis
435 2081 511 2112 Pal.
527 2080 561 2110 ιίὶ
578 2078 805 2109 Moreti.—->66
827 2076 908 2106 lento
924 2074 1053 2106 enh—67
1078 2083 1137 2113 qua
1160 2071 1280 2103 Barth.
1298 2080 1358 2111 qua
1370 2070 1453 2100 Vat.
1469 2068 1548 2107 duo,
1562 2064 1639 2096 Pal.
1655 2063 1760 2095 Faru.

951 2159 1096 2192 NOTAE

289 2242 389 2276 rebus
407 2239 549 2279 magnis.
581 2236 764 2277 Virgilius:
789 2236 798 2252 ‘
819 2235 898 2266 Non
916 2233 996 2264 mihi

288 2295 317 2326 si
334 2300 435 2323 voces
451 2294 588 2320 centum
611 2288 677 2317 sint
694 2296 819 2326 oraque
845 2288 996 2322 centum,

288 2345 417 2376 Ferrea
437 2339 526 2378 vox‚’
543 2341 608 2370 Sec.

333 2397 373 2426 57
401 2390 535 2430 Ordine]
560 2389 665 2420 Rexit
679 2391 799 2428 gentes
816 2385 948 2423 ordine,
963 2383 996 2414 id

290 2449 355 2482 est,
383 2443 435 2473 vel
464 2439 648 2482 prudentia
681 2446 752 2475 sua,
781 2437 833 2466 vel
863 2440 998 2465 servato

290 2494 436 2538 quodam
466 2491 597 2527 ordine,
633 2493 670 2520 ut
699 2489 780 2518 alias
809 2490 887 2526 post
917 2486 998 2516 alias

291 2551 440 2589 regeret,
466 2543 683 2576 successione
700 2541 872 2579 continua,
887 2544 923 2570 et
949 2538 997 2569 sic

292 2599 386 2631 foret
403 2601 591 2638 perpetuus
606 2598 717 2624 rector
734 2592 947 2633 populorum.

330 2651 371 2681 58
395 2647 518 2679 Summi
536 2643 636 2684 juris]
673 2644 713 2674 Id
742 2646 805 2679 est,
833 2640 994 2672 Consula-

294 2703 363 2738 tus,
388 2698 444 2739 qui
461 2703 514 2729 est
531 2705 660 2727 summa
675 2698 840 2735 potestas.

336 2752 378 2780 59
402 2749 517 2780 Fraena
531 2747 664 2787 teneret]
698 2744 740 2775 Id
767 2747 832 2782 est,
860 2744 998 2782 regeret

295 2798 441 2831 Italiam.

1094 2235 1137 2263 60
1161 2230 1362 2271 Illyricosque
1390 2226 1491 2267 sinus]
1521 2224 1682 2261 Teneret,
1710 2229 1762 2252 re-

1053 2286 1161 2323 geret.

1095 2335 1135 2362 61
1161 2330 1243 2362 Nati
1270 2327 1386 2367 vicere]
1422 2324 1588 2367 Optabile
1612 2327 1760 2364 gratum-

1053 2393 1117 2425 que
1148 2387 1199 2413 est
1227 2379 1427 2422 parentibus
1455 2387 1492 2408 se
1518 2374 1609 2406 vinci
1637 2384 1657 2405 a
1680 2371 1760 2404 filiis

1054 2434 1134 2464 suis.

1095 2486 1136 2514 63
1166 2479 1355 2519 Viresceret]
1382 2477 1500 2509 Prima
1526 2479 1608 2507 aetas
1634 2471 1760 2505 dicitur

1053 2534 1180 2574 viridis,
1193 2533 1299 2563 instar
1316 2530 1476 2562 arborum
1489 2532 1549 2559 aut
1564 2526 1759 2564 fructuum;

1051 2585 1161 2615 altera
1175 2582 1299 2614 deiude
1315 2585 1399 2612 aetas
1416 2578 1544 2610 dicitur
1560 2581 1705 2608 matura.

1093 2637 1135 2665 66
1162 2631 1290 2672 Tendit]
1333 2630 1418 2670 Spes
1446 2628 1581 2659 solicita
1607 2635 1674 2657 non
1701 2624 1761 2656 diu

1052 2693 1232 2724 suspensos
1256 2686 1352 2713 tenet
1380 2681 1508 2711 animos
1534 2683 1668 2710 vestros
1689 2677 1760 2708 lon-

1052 2738 1101 2777 gis
1118 2735 1308 2774 desideriis,
1335 2738 1393 2764 aut
1418 2741 1486 2765 non
1511 2730 1570 2762 diu
1597 2732 1696 2762 tenet
1709 2728 1760 2760 iu-

1052 2792 1166 2820 tentos
1182 2790 1218 2818 et
1234 2787 1472 2827 expectantes.
