1842 3193
232 232 290 275 76

235 339 324 381 His
345 352 424 391 ego
441 351 517 380 nec
543 337 710 378 Decios
732 335 957 389 pulchros,
981 334 1168 374 fortesve
1187 330 1392 373 Metellos

235 405 536 448 Praetulerim:
569 418 671 454 non,
695 404 766 457 qui
790 403 978 443 Poenum
1001 401 1202 441 domuere
1219 399 1422 449 ferocem,

236 473 490 528 Scipiadas,
513 473 743 524 Gallisque
767 482 905 522 genus
926 468 1059 509 fatale
1082 467 1309 509 Camillos.

236 539 396 582 Pieriis
415 542 579 594 pollent
602 537 775 586 studiis,
796 536 1021 589 multoque
1041 535 1282 576 redundant

238 607 432 662 Eloquio
451 622 459 648 ε
491 622 569 648 uec
591 605 790 654 desidiis,
814 604 1058 658 dapibusve
1078 604 1248 656 paratis

237 675 471 728 Indulgere
488 676 644 729 juvat:
677 686 757 713 nec
778 676 898 712 tanta
919 671 1096 711 lieentia
1115 671 1219 711 vitae

237 742 433 796 Abripit,
455 748 505 783 ut
526 756 670 783 mores
692 745 804 782 aetas
826 740 1001 780 lasciva
1022 739 1223 782 relaxet:

238 810 326 852 Sed
348 812 556 864 gravibus
578 811 700 851 curis
723 810 917 850 animum
939 808 1095 848 sortita
1117 808 1303 848 senilem

239 877 379 931 Ignea
401 879 605 931 longaevo
626 878 840 919 fraenatur
862 876 997 917 eorde
1013 875 1245 929 juventus.

708 241 783 271 ct..
814 237 1097 270 cLAumANi
1132 237 1165 268 1.

1620 536 1707 578 150

1621 874 1707 915 155

234 999 384 1040 teufilios.
431 1000 500 1037 Ego
515 1010 572 1029 non
586 1003 735 1039 antepono
750 1000 799 1030 his
815 1000 930 1030 Decios
938 999 1052 1038 fortes,
1073 1002 1127 1030 aut
1146 999 1289 1030 Metellos
1302 1006 1483 1037 generosos:
1509 1006 1569 1027 non
1584 995 1705 1036 Scipio-

235 1051 300 1081 nes,
313 1042 362 1081 qui
374 1046 595 1081 superat-erunt
613 1042 874 1079 Carthaginenses
891 1043 1028 1072 crudeles
1038 1053 1049 1078 ;
1071 1052 1130 1072 non
1149 1042 1311 1079 Camillos,
1327 1042 1440 1079 prolem
1450 1039 1612 1076 funestam
1630 1039 1706 1069 Gal-

235 1084 284 1115 lis.
330 1084 383 1114 Illi
402 1085 535 1115 Fratres
560 1085 713 1114 excellunt
728 1084 903 1124 disciplinis
926 1084 1055 1122 Pieriis,
1085 1088 1115 1113 et
1141 1083 1298 1113 abundant
1322 1083 1420 1113 mulla
1435 1081 1629 1122 eloquentia:
1651 1091 1706 1112 nec

234 1127 426 1156 delectantur
440 1136 549 1157 vacare
566 1127 630 1156 otio
654 1130 683 1156 et
706 1127 854 1156 conviviis
868 1126 1065 1166 magmficis:
1087 1136 1142 1156 nec
1164 1127 1239 1156 talis
1264 1126 1393 1156 libertas
1417 1125 1492 1155 υἱέα
1515 1124 1615 1155 trahit
1638 1124 1705 1163 hos,

234 1171 289 1199 ant
303 1169 509 1199 adolescentia
525 1167 692 1209 effraenata
715 1169 851 1199 remittit
867 1178 982 1198 mores:
1009 1169 1061 1198 secl
1069 1168 1215 1206 juventus
1234 1167 1364 1206 fervida
1378 1170 1470 1197 nacta
1488 1169 1619 1197 mentem
1641 1176 1709 1197 ma-

235 1214 338 1242 turam
355 1221 416 1252 pro
439 1212 562 1251 maguis
584 1212 731 1252 negotiis,
757 1212 913 1243 retinetur
926 1211 1083 1251 sapientia
1098 1211 1200 1242 senili.
1247 1211 1408 1250 Rogamus
1419 1214 1467 1248 te,
1484 1220 1503 1240 0
1520 1209 1706 1250 Theodosi,

855 1305 1093 1317 eeeeeeeeeeee

235 1386 303 1407 cum
320 1374 379 1406 sed
396 1385 414 1406 a
431 1386 474 1407 m.
492 1385 558 1408 see.
575 1376 708 1407 emend.
748 1379 885 1415 peterent
900 1378 981 1408 Vat.
1000 1380 1180 1418 oph-147
1204 1386 1258 1407 nec
1280 1377 1347 1407 duo
1374 1375 1471 1406 Med.
1499 1375 1623 1406 Petav.
1650 1385 1703 1417 pr.

236 1429 296 1449 non
316 1419 396 1449 Vat.
422 1419 530 1458 quint.
558 1417 718 1459 fortesque
741 1420 945 1451 Prie—148
968 1431 1022 1451 nec
1038 1421 1134 1451 Med.
1153 1422 1374 1461 quarn—149
1397 1419 1508 1450 lethale
1535 1419 1631 1450 Leid.
1650 1429 1703 1458 pr.

237 1460 329 1492 Prie.
347 1466 383 1492 et
399 1461 483 1492 Cod.
498 1462 581 1493 Juu.
613 1463 703 1492 letale
721 1462 800 1493 Vat.
818 1463 924 1503 quint.
943 1463 1019 1494 Pal.
1036 1463 1130 1494 Med.
1158 1473 1208 1503 pr.
1224 1463 1315 1493 Prie.
1330 1462 1459 1493 Moret.
1487 1463 1630 1492 Catullos
1645 1463 1703 1492 Vi-

237 1509 306 1535 cet.
335 1503 494 1544 fortesque
510 1504 710 1536 Prin—151
735 1516 795 1536 non
815 1506 896 1537 Vat.
920 1511 992 1546 opt.
1021 1506 1121 1537 Farn.
1154 1507 1275 1537 deliciis
1291 1506 1384 1536 Prie.
1418 1504 1606 1545 dapibusque
1622 1506 1705 1538 Vat.

237 1547 347 1586 quint.
372 1547 499 1578 desidite
517 1547 747 1578 Heins.—-l52
762 1548 853 1586 jurat
872 1551 957 1580 Exc.
970 1549 1069 1580 Laeti.
1090 1553 1204 1589 parant
1222 1550 1301 1580 vat.
1318 1553 1389 1588 opt.
1405 1553 1475 1578 vet.
1494 1547 1580 1586 Gyr.
1598 1548 1700 1580 Far-n.

237 1589 334 1621 Med.
346 1594 456 1630 quart.
472 1595 507 1620 et
524 1590 578 1621 ed.
595 1591 710 1621 vicet.
727 1592 945 1623 Coum—153
963 1592 1088 1633 Arripit
1102 1593 1180 1623 Vat.
1198 1591 1278 1631 duo,
1295 1592 1368 1622 Pal.
1388 1591 1490 1621 Farn.
1512 1591 1605 1622 Prie.
1622 1591 1706 1622 arri-

235 1633 304 1673 puit
318 1633 417 1665 Junt.
433 1634 643 1665 aut...rela.rat
660 1635 702 1665 al.
715 1635 902 1666 ut...relaxet
919 1635 984 1666 duo
1003 1635 1097 1667 Med.
1122 1640 1157 1666 et
1169 1635 1246 1666 Pal.
1262 1638 1317 1666 aut
1333 1634 1387 1665 vel
1401 1637 1436 1665 ut
1454 1633 1531 1665 Vat.
1547 1634 1703 1676 quint.—

904 1732 1044 1765 NOTAE

280 1828 341 1856 147
366 1827 479 1858 Decios
491 1829 648 1870 pulchros]
676 1830 717 1861 Id
734 1834 799 1870 est,
822 1830 942 1864 fortes.

235 1875 419 1916 Virgilius:
458 1878 583 1909 ‘Satus
615 1880 766 1912 Hercule
788 1883 941 1923 pulchro,

237 1926 385 1957 Pulcher
408 1927 599 1960 Aventinus
614 1929 634 1961 :’
675 1931 708 1962 id
737 1937 803 1970 est,
830 1931 941 1972 fortis,

235 1978 301 2007 διο.
332 1977 435 2008 Decii
451 1984 565 2010 autem
583 1990 618 2011 se
637 1991 698 2021 pro
712 1984 824 2022 patria
841 1982 941 2014 devo-

235 2032 378 2060 verunt:
398 2034 498 2070 pater
511 2031 600 2063 bello
618 2033 753 2071 Latino,
768 2034 856 2066 filius
874 2036 943 2067 bel-

233 2079 268 2109 lo
287 2079 473 2120 Hetrusc0‚
495 2091 600 2123 nepos
625 2083 716 2115 bello
740 2085 940 2126 Tarentino,

235 2134 270 2160 et
296 2140 412 2161 omnes
440 2141 502 2162 sua
524 2138 635 2165 morte
661 2135 820 2166 Romanis
837 2136 942 2168 vieto-

236 2181 319 2210 riam
336 2186 560 2220 pepererunt.

279 2229 438 2269 Metellos]
474 2231 608 2261 Metelli
646 2231 741 2264 fuere
770 2234 939 2266 illustres:

236 2282 327 2310 iuter
355 2280 414 2310 hos
448 2280 702 2322 Macedonicus,
725 2284 940 2323 Numidicus,

236 2330 399 2369 Celticus,
446 2340 465 2362 a
495 2332 640 2364 devictis
680 2334 866 2375 provinciis
892 2335 940 2367 sic

236 2381 414 2421 appellati.

280 2433 341 2462 149
364 2431 544 2472 Scipiadas]
566 2433 743 2474 Scipiones
759 2435 856 2466 multi
872 2434 943 2467 fue-

236 2491 294 2519 re3
319 2487 353 2512 at
382 2483 583 2514 illustriores
610 2482 793 2516 Africanus
823 2486 943 2527 major,

236 2537 271 2563 et
287 2531 469 2563 Africanus
486 2534 608 2573 minor,
624 2544 644 2565 a
659 2534 796 2567 devicta
812 2536 941 2577 Africa,

235 2582 427 2624 deletisque
445 2584 784 2624 Carthaginensibus.

280 2632 443 2673 Camillos]
469 2634 631 2666 Camillus
652 2636 792 2668 Romam
815 2647 834 2669 a
858 2639 939 2670 Gal-

236 2682 275 2712 lis
294 2683 465 2724 liberavit,
489 2685 579 2716 uude
606 2690 640 2717 et
667 2687 755 2718 alter
779 2689 940 2721 Romulus

236 2733 347 2763 dietus
364 2738 427 2764 est.

283 2786 342 2813 150
366 2784 502 2825 l’icriie]
525 2786 641 2818 Pieria
662 2792 714 2819 est
738 2788 816 2821 urbs
832 2800 939 2822 mons-

998 1842 1064 1873 que
1082 1832 1239 1870 Boeotiae,
1255 1831 1365 1862 Musis
1381 1840 1500 1862 sacer:
1519 1830 1574 1860 vel
1590 1829 1705 1862 Pieria

997 1888 1051 1914 est
1079 1883 1173 1924 regio
1199 1882 1428 1921 Macedoniae,
1453 1881 1487 1911 iu
1505 1890 1570 1920 qua
1594 1879 1704 1911 Musae

997 1943 1039 1964 ex
1063 1934 1152 1966 Jove
1175 1939 1211 1964 et
1235 1934 1473 1973 Mnemosyne,
1487 1941 1546 1962 seu
1573 1931 1707 1962 Memo-

995 1985 1058 2023 ria,
1076 1989 1164 2015 natae
1191 1988 1287 2014 sunt:
1318 1983 1398 2014 hinc
1424 1982 1571 2020 Pierius,
1596 1983 1705 2022 perti-

997 2045 1080 2065 nens
1097 2036 1138 2066 ad
1157 2036 1284 2066 Musas.

1039 2086 1159 2116 Pieriis
1191 2086 1307 2126 pollent
1341 2084 1470 2125 studiis]
1519 2084 1704 2117 Excellunt

996 2136 1193 2177 cognitione
1221 2137 1345 2167 artium
1366 2146 1451 2176 quas
1476 2135 1602 2166 docent
1627 2136 1704 2166 Mu-

996 2197 1040 2218 sae
1058 2187 1198 2224 Pieriae,
1223 2187 1287 2217 hoc
1312 2190 1377 2225 est,
1403 2185 1524 2216 artium
1541 2185 1702 2226 ingenua-

997 2246 1081 2267 rum.

1040 2289 1100 2317 151
1118 2285 1262 2326 Dapibus
1274 2285 1411 2326 paratis]
1427 2284 1600 2317 Conviviis
1613 2296 1702 2328 mag-

995 2345 1038 2366 no
1056 2341 1223 2376 apparatu
1239 2335 1415 2367 extructis.

1040 2389 1101 2417 153
1127 2386 1233 2416 Mores
1241 2389 1317 2415 oetas
1329 2386 1443 2417 lasciva
1454 2387 1590 2428 relaxet]
1607 2387 1702 2420 AEtas

990 2437 1167 2478 juvenilis,
1196 2438 1343 2468 lasciviae
1363 2438 1522 2479 jocisque
1539 2439 1700 2480 obnoxia,

996 2498 1062 2519 non
1085 2489 1215 2519 relaxat
1232 2498 1349 2519 eorum
1366 2498 1475 2520 mores
1499 2480 1700 2532 severos,'et

996 2540 1038 2571 ad
1056 2540 1217 2571 virtutem
1234 2541 1395 2571 intentos.

1039 2593 1098 2621 155
1124 2590 1278 2629 Longoevo
1302 2589 1407 2630 corde]
1463 2591 1531 2622 Cor
1554 2591 1699 2624 sumitur

995 2649 1055 2680 pro
1088 2640 1275 2680 sapientia;
1314 2640 1393 2681 quia
1427 2645 1581 2673 veterum
1618 2652 1700 2674 non-

994 2691 1076 2722 nulli
1095 2691 1169 2731 ejus
1193 2690 1308 2721 sedem
1330 2691 1364 2722 in
1385 2692 1490 2723 eorde
1506 2702 1581 2724 esse
1597 2703 1698 2735 repu-

994 2740 1124 2772 tabant.
1179 2741 1280 2772 Unde
1318 2742 1327 2758 ‘
1360 2743 1499 2783 egregie
1538 2744 1697 2776 cordatus

991 2791 1115 2831 homo,'
1134 2791 1168 2823 id
1191 2797 1254 2834 est,
1267 2791 1415 2834 sapiens.
1460 2794 1599 2828 Ennius.
1613 2796 1697 2828 Lon-
