1857 3177
534 227 585 257 IN
623 226 762 257 PROB.
798 223 855 254 ΕΤ
889 223 1036 253 OLYB.
1070 222 1211 252 CONS.

146 323 262 364 Ecce
282 323 367 364 mei
388 323 532 363 cives:
553 333 741 375 quorum
757 319 851 373 jam
874 318 1065 371 Signifer
1087 321 1215 371 optat

144 390 413 438 Adventum,
457 389 681 440 stellisque
717 392 846 440 parat
885 398 1089 427 convexa
1119 383 1292 425 suturis.

138 458 241 498 Jam
280 471 358 510 per
386 457 653 507 noctivagos
692 456 936 496 dominetur
966 454 1176 508 Olybrius
1211 465 1318 492 axes

140 525 228 566 Pro
251 525 431 565 Polluce
453 524 629 571 rubens,
652 536 731 575 pro
763 522 946 562 Castore
973 521 1150 561 flamina
1167 518 1361 560 Probini.

141 593 237 645 Ipsi
268 591 368 631 vela
398 595 575 641 regent:
609 591 720 642 ipsis
743 589 1015 629 donantibus
1038 600 1167 627 auras

140 661 309 701 Navita
329 660 568 713 tranquillo
593 658 896 699 moderabitur
918 669 1095 709 aequorc
1118 656 1284 708 pinum.

139 728 269 769 Nunc
303 733 481 781 pateras
519 728 655 768 libare
691 726 815 773 ,1)015,
849 737 962 764 nunc
997 724 1169 764 solvere
1198 723 1339 762 multo

139 795 329 835 Nectarc
358 794 491 835 corda
525 794 664 834 libet:
698 794 853 832 niveos
884 791 978 845 jam
1014 790 1193 844 pandite
1235 795 1379 831 coetus

140 861 329 910 Naides,
353 866 398 902 et
419 865 555 901 totum
572 860 702 901 violis
723 859 957 912 praetexite
981 858 1166 898 sontem.

137 992 274 1024 Ledoeis:
297 1002 334 1023 en
361 992 441 1022 eires
468 992 550 1027 mei,·
577 1001 703 1031 quorum
730 992 893 1021 adrentum
906 990 975 1028 jam
990 989 1073 1029 cupit
1091 988 1255 1025 Zodiacus,
1271 990 1301 1018 et
1316 991 1473 1027 proeparat
1490 989 1597 1019 coelscm

135 1035 306 1073 iisfuturis
317 1035 477 1065 sideribus.
527 1035 616 1065 Nunc
635 1034 781 1074 Olybrius
797 1036 905 1071 regnet
929 1042 986 1072 per·
1007 1034 1113 1062 coelum
1133 1034 1222 1061 noctu
1238 1032 1455 1070 volut1mz,pr0
1475 1031 1598 1062 Polluce

128 1078 268 1117 fulgens.
285 1081 313 1108 et
333 1078 415 1115 ignis
434 1077 563 1107 I’roln'nz'
577 1087 632 1116 pro
646 1078 785 1107 Castore.
832 1076 886 1105 Illi
903 1074 1026 1105 fratres
1047 1074 1259 1111 gubernabunt
1278 1082 1388 1103 nares:
1412 1073 1475 1103 illis
1496 1074 1599 1104 ‹lanti-

137 1121 190 1151 bus
208 1123 322 1158 tentos,
338 1123 431 1150 nauta
448 1123 531 1157 reget
548 1129 655 1149 narem
673 1119 751 1148 mari
766 1119 898 1156 placido.
943 1118 1019 1146 -Ium
1039 1117 1132 1154 jurat
1158 1116 1333 1156 sacrificare
1348 1115 1420 1146 rina
1438 1116 1522 1154 Diis,
1526 1117 1596 1154 jam

137 1163 266 1194 liberare
282 1163 399 1193 animos
412 1163 479 1192 rino
495 1163 633 1201 copioso:
656 1171 674 1191 0
694 1161 810 1190 Naides
827 1160 978 1199 explicate
1008 1169 1084 1189 nunc
1117 1159 1222 1189 choros
1245 1158 1401 1195 candidos,
1424 1162 1452 1188 et
1475 1159 1594 1197 cingite

130 1206 251 1243 sontem
268 1205 518 1244 totumflorifflaes.
551 1204 653 1244 Sylroe
666 1205 834 1243 producunt
856 1202 964 1232 mella:
980 1201 1098 1241 fluvius
1122 1212 1200 1231 nunc
1223 1204 1328 1231 currat
1350 1200 1476 1231 faciens
1499 1201 1597 1232 ebrios

753 1293 985 1305 eeeeeeeeeeee

134 1354 262 1384 Moret.
293 1351 380 1393 qnod
410 1350 556 1391 probare
581 1351 671 1380 visus
701 1349 873 1385 Heinsius,
890 1347 998 1388 quiin
1014 1358 1062 1379 vs.
1079 1357 1150 1388 seq.
1177 1347 1315 1388 legebat
1332 1347 1488 1386 Adventu,
1502 1352 1538 1378 ut
1551 1357 1597 1379 sc.

134 1394 283 1433 Signifer
298 1404 413 1425 eorum
430 1393 578 1424 adventu
606 1402 758 1423 convexa
784 1396 901 1429 aptare
918 1394 954 1421 et
978 1400 1098 1430 parare
1119 1390 1275 1421 videatur
1292 1391 1400 1421 stellis
1418 1390 1597 1421 futuris.—

135 1441 196 1470 243
225 1437 395 1468 Olimbrins
414 1436 540 1466 Moret.
554 1436 633 1466 Vat.
646 1440 717 1475 opt.
734 1433 824 1465 Leid.
841 1442 892 1473 pr.
907 1432 984 1464 Pal.
1001 1434 1099 1463 Farn.
1118 1433 1211 1464 Prie.
1225 1433 1346 1464 Petav.
1359 1443 1411 1473 pr.
1426 1433 1518 1464 Med.
1530 1433 1598 1464 duo

136 1487 171 1512 et
187 1481 241 1512 ed.
255 1480 475 1511 vicen—245
500 1481 609 1518 regant
626 1478 701 1509 Pal.
720 1477 813 1507 Med.
833 1476 911 1506 duo.
949 1476 1135 1507 deviantibus
1151 1476 1279 1507 Moret.
1298 1476 1418 1506 Petav.
1436 1484 1486 1516 pr.
1505 1476 1598 1508 Med.

137 1524 216 1563 duo,
240 1522 319 1553 Ald.
347 1527 382 1553 et
399 1523 451 1553 ed.
470 1522 580 1552 vicet.
598 1521 686 1552 unde
705 1519 865 1551 Heinsius
883 1518 1092 1559 conjiciebat
1115 1519 1248 1559 ipsisque
1263 1519 1467 1550 clamantibus.
1503 1519 1600 1549 ‹lomi-

135 1566 280 1597 nuntibus
291 1566 489 1605 vulg—246
510 1565 602 1604 pinus
631 1574 692 1604 pro
716 1563 822 1602 pinum
848 1561 942 1592 Med.
969 1566 1083 1602 quart.
1107 1562 1182 1592 Pal.
1203 1567 1236 1593 et
1252 1561 1453 1592 Prie—247
1479 1561 1598 1601 patrias

134 1610 247 1640 Vicet.
284 1608 382 1639 libare
398 1608 480 1638 Deis
495 1608 578 1638 Exc.
596 1607 692 1637 Laeti.
731 1605 824 1636 libate
841 1605 919 1636 Vat.
949 1613 1000 1644 pr.
1037 1605 1106 1636 Deo
1121 1604 1212 1635 Prie.
1252 1605 1355 1635 Deum
1372 1604 1466 1634 Med.
1485 1608 1595 1645 quart.

134 1654 241 1683 --248
264 1652 349 1682 niveo
361 1654 439 1681 coetn
457 1651 534 1680 Vat.
552 1655 622 1689 opt.
641 1650 714 1680 Pal.
730 1649 831 1679 Fam.
846 1648 900 1678 ed.
916 1647 1031 1678 Vicet.
1070 1649 1159 1678 niveo
1174 1647 1391 1687 pungitecoetu
1408 1647 1500 1677 Med.
1515 1647 1594 1685 duo,

135 1700 170 1726 et
189 1695 261 1726 Pal.
277 1704 296 1724 a
313 1703 356 1724 m.
373 1703 437 1724 sec.
470 1694 592 1733 pergite
609 1693 702 1723 Med.
719 1696 828 1732 quart.
857 1700 876 1721 a
898 1699 942 1721 111.
966 1699 1035 1721 sec.
1069 1690 1156 1721 niveo
1165 1690 1235 1728 jam
1250 1690 1392 1730 plaudite
1407 1693 1485 1720 cit-tu
1503 1689 1595 1719 Prie.

133 1738 250 1768 cincius
263 1737 351 1776 conj.
367 1737 566 1767 Scene-249
590 1735 731 1766 Nniades
747 1735 813 1765 ‹iuo
840 1735 919 1764 Vat.
937 1733 1014 1764 Pal.
1033 1733 1133 1763 Farn.
1158 1733 1249 1764 Prie.
1267 1733 1350 1764 Cod.
1365 1733 1445 1764 Jnn.
1464 1732 1519 1763 011.
1536 1732 1596 1761 Vi-

136 1785 203 1812 cet.
240 1783 270 1810 et
300 1779 515 1810 desideratur
539 1779 572 1809 in
600 1778 700 1809 dnob.
732 1777 826 1808 Med.
847 1775 940 1808 Leid.
956 1786 1007 1816 pr.
1024 1776 1147 1806 Petav.
1165 1785 1217 1816 pr.
1239 1782 1274 1807 et
1292 1775 1375 1806 Cod.
1390 1776 1468 1807 Jnu.
1508 1775 1596 1805 violis

135 1826 235 1854 totum
250 1823 331 1853 Vat.
345 1822 454 1864 quint.
492 1825 590 1853 totam
608 1820 750 1858 frontem
782 1820 858 1851 Pal.
884 1819 976 1850 Prie.
1013 1822 1112 1850 totum
1130 1818 1254 1857 fontem
1281 1819 1333 1850 vel
1349 1821 1447 1849 totam
1453 1817 1596 1855 frontem

790 1926 937 1960 NOTAE

137 2024 213 2054 luce
231 2021 330 2052 Ledae
345 2020 434 2058 filiis,
450 2020 505 2061 qni
520 2020 610 2051 inter
627 2024 719 2050 astra
737 2018 838 2049 relati

137 2078 227 2111 sunt,
242 2071 469 2111 dicunturque
486 2070 623 2111 gemini,
649 2069 769 2110 quibus
781 2069 838 2099 Ti-

138 2123 206 2154 bris
230 2122 277 2152 ait
292 2121 493 2151 illustriores
509 2130 581 2151 esse.
600 2119 786 2150 Probinnm
803 2123 839 2149 et

138 2172 321 2214 Olybrium
337 2181 413 2201 51105
430 2171 535 2201 cives.

179 2226 240 2254 241
265 2220 424 2261 Signifer]
466 2220 634 2251 Zodiacus
675 2220 730 2260 qui
769 2218 839 2250 fert

136 2274 232 2314 signa
248 2271 426 2303 duodecim
444 2282 451 2301 ι
477 2272 485 2288 ‘
503 2271 587 2301 Sunt
612 2270 725 2309 Aries,
753 2271 839 2301 Tau-

138 2334 205 2363 nm,
237 2323 386 2361 Gemini,
422 2322 565 2361 Cancer,
603 2322 685 2360 Leo,
725 2321 840 2360 Virgo,

139 2373 319 2414 Libraque,
343 2372 517 2412 Scorpius,
542 2371 759 2409 Arcitenens,
776 2371 838 2402 Ca-

138 2433 211 2465 per,
248 2422 434 2463 Amphora,
471 2422 613 2453 Pisces.'
671 2421 838 2453 Zodiacus

139 2484 240 2515 porro
256 2474 394 2512 dicitur,
411 2472 470 2504 ἀπὸ
485 2474 546 2504 τῶν
559 2472 655 2513 ζώων,
671 2472 708 2503 ab
721 2472 839 2503 anima-

137 2525 227 2564 libus,
256 2525 336 2565 quia
361 2524 453 2562 signa
468 2523 592 2562 omnia,
621 2527 767 2563 excepta
786 2522 839 2553 Li-

138 2575 210 2614 bra,
237 2574 385 2615 speciem
411 2580 533 2615 gerunt
557 2575 698 2615 alicujus
715 2573 839 2604 anima-

139 2625 189 2656 lis.

182 2675 245 2704 242
269 2672 428 2713 Com-exa]
448 2672 489 2703 Id
506 2676 570 2712 est,
587 2672 715 2704 Coelum
733 2675 841 2712 parat,

141 2727 179 2754 ut
200 2722 308 2754 choris
329 2722 508 2755 Astromm
534 2722 703 2754 Probinus
727 2726 763 2753 et
796 2721 842 2752 Ο-

140 2772 270 2814 lybrins
301 2772 525 2804 ascribantur.
575 2773 736 2804 Ceterum
775 2780 841 2803 non

893 2017 968 2048 coeli
992 2026 1138 2056 convexa,
1168 2015 1227 2046 sed
1258 2024 1408 2047 concava
1430 2013 1597 2053 videmus,

893 2077 1009 2098 verum
1026 2067 1145 2098 Poetae
1162 2076 1228 2098 non
1245 2075 1409 2104 concava,
1440 2066 1497 2095 sed
1518 2074 1597 2096 con·

893 2128 981 2149 vexa
997 2117 1127 2149 dicunt.

934 2171 996 2199 243
1022 2169 1085 2199 Per
1113 2167 1290 2206 noctivagos
1315 2165 1404 2205 axes]
1442 2166 1507 2196 Per
1530 2176 1597 2197 coe-

894 2219 996 2249 lestes
1029 2218 1141 2257 orbes,
1169 2217 1224 2258 qni
1251 2216 1310 2247 din
1332 2220 1499 2256 noctuque
1529 2217 1598 2247 vol-

893 2273 1029 2299 vuntur.

935 2322 997 2351 247
1015 2317 1154 2358 Solvere]
1166 2317 1343 2355 Liberare,
1356 2325 1511 2347 recreare
1526 2317 1596 2348 ani-

892 2381 982 2402 mum
1009 2380 1028 2402 3
1056 2369 1158 2407 curis,
1189 2368 1277 2399 unde
1302 2367 1454 2398 Bacchus
1472 2366 1597 2398 dicitnr

892 2423 1025 2464 Lyaens,
1054 2420 1114 2453 ἀπὸ
1147 2422 1203 2451 τοῦ
1235 2418 1332 2458 λύειν,
1353 2419 1480 2459 solvere,
1504 2417 1595 2460 quod

894 2475 1049 2505 exsolvat
1067 2472 1213 2503 animum
1234 2469 1337 2500 curis.

936 2527 1000 2555 2-18
1023 2521 1155 2561 Niveos]
1171 2519 1356 2557 Candidos,
1373 2518 1468 2559 qnasi
1484 2517 1526 2549 ob
1542 2527 1595 2549 re-

895 2575 1051 2606 stitutam
1081 2572 1302 2607 libertatem3
1339 2569 1419 2610 quin
1449 2573 1485 2600 et
1522 2569 1594 2600 dies

892 2624 997 2656 festos
1024 2625 1188 2664 laetosque
1214 2619 1354 2652 Romani
1371 2618 1528 2650 colebant
1545 2624 1595 2650 to-

895 2675 946 2716 gis
958 2673 1124 2705 candidis,

937 2728 1000 2757 249
1036 2721 1168 2761 Naides]
1214 2719 1380 2761 Nympbae
1419 2728 1595 2761 aquarum,

894 2776 956 2808 ἀπὸ
969 2776 1026 2807 τοῦ
1037 2774 1141 2814 ναίειν,
1148 2772 1264 2814 fluere.
