1857 3177
387 237 693 269 TESTIMONIA
730 238 793 269 DE
825 239 898 269 GL.
932 238 1242 271 CLAUDIANO.
1488 234 1545 276 53

87 332 345 385 ἐνθουσιασμὸν
366 335 562 384 Homeri,
580 334 690 375 unde
713 332 843 374 Maro
863 334 961 386 ipse
982 334 1209 374 materiam
1230 337 1391 386 petere,
1411 350 1543 389 quam

87 399 261 451 ingenio
280 414 360 442 suo
381 401 746 454 proestantissimo
769 400 982 441 confidere
1003 400 1171 440 maluit.
1244 400 1354 441 Sunt
1374 403 1447 454 qui
1471 418 1545 456 per

86 465 232 506 literas
268 466 327 507 V.
361 467 412 507 C.
450 469 494 507 in
532 474 687 509 statuae
725 468 824 508 basi
867 480 1109 508 marmorea
1141 468 1378 521 inscriptas
1413 470 1545 510 virum

93 531 355 574 Consularem
376 536 627 587 intelligant,
649 549 835 589 eumque
856 536 955 576 ideo
974 535 1211 576 Consulatu
1232 536 1430 576 functum
1451 549 1546 577 esse

89 602 372 653 contendant;
416 603 494 642 sed
527 604 603 643 alii
636 617 715 656 per
749 603 807 644 V.
841 602 892 643 C.
929 602 1079 656 quintae
1115 602 1284 642 cohortis
1322 601 1548 643 Tribunum

89 668 335 721 explicant:
386 669 431 708 id
474 670 593 722 quod
632 670 776 710 Janus
810 668 1073 709 Parrhasius
1113 669 1292 710 damnat
1326 670 1545 721 inscitiae3

88 734 222 788 quod,
243 739 291 775 ut
323 736 495 789 opinor,
527 738 694 789 passim
725 737 939 789 legamus,
968 735 1164 776 'l'ribunos
1186 736 1374 786 militum,
1397 741 1442 778 at
1475 750 1548 778 eo-

88 801 222 842 hortis
254 803 478 844 Tribunos
499 817 586 844 non
618 804 679 844 ita
709 804 920 856 legamus.
981 803 1216 844 Gutherius
1248 808 1390 845 tamen
1421 803 1551 845 refert

94 867 290 910 Tribunos
323 871 522 910 minorum
545 871 793 912 cohortium:
836 872 912 912 ubi
944 871 1079 912 etiam
1112 871 1198 911 hoc
1228 871 1399 925 legitur,
1434 871 1551 911 Inter

87 935 231 977 milites
252 937 561 979 clarissimorum
583 939 730 979 honore
756 940 975 993 potiuntur
1002 938 1189 988 Tribuni,
1213 939 1280 987 85⁶.
1350 938 1550 981 Ceterum

87 1003 170 1045 hae
201 1008 243 1045 et
275 1009 423 1046 statua
453 1010 495 1047 et
526 1011 683 1048 statuae
714 1008 994 1060 inscriptione
1026 1007 1081 1047 ab
1117 1006 1477 1060 Imperatoribus,
1509 1011 1552 1048 et

88 1075 258 1123 petente
280 1072 458 1123 Senatu,
482 1073 584 1114 data
606 1074 710 1114 nihil
738 1087 837 1115 meo
862 1074 1034 1128 judicio
1063 1073 1419 1115 honorificentius
1449 1073 1550 1127 fingi

89 1142 260 1190 potest3
305 1143 348 1180 et
367 1139 583 1191 Virgilius
604 1141 713 1193 ipse,
736 1140 793 1179 ad
815 1153 944 1193 quem
966 1139 1157 1195 diguatus
1183 1140 1321 1181 Coesar
1340 1141 1549 1195 scripsisse,

90 1205 195 1246 nihil
218 1219 411 1259 unquam
432 1207 574 1247 simile
596 1207 788 1260 adeptus
812 1211 894 1248 est.

404 1337 449 1377 S.
468 1336 744 1390 Augustinus
765 1336 818 1376 de
841 1335 941 1378 Civ.
964 1337 1068 1386 Dei,
1092 1348 1135 1376 v.
1168 1338 1237 1378 26.

148 1438 160 1455 ‘
185 1434 313 1476 Unde
342 1439 384 1477 et
416 1436 562 1478 Poeta
588 1437 880 1488 Claudianus,
909 1438 1114 1492 quamvis
1136 1451 1163 1479 a
1185 1436 1348 1480 Christi
1381 1439 1552 1480 nomine

90 1502 276 1552 alienus,
299 1503 342 1543 in
361 1504 456 1557 ejus
477 1507 623 1544 tamen
642 1504 851 1546 laudibus
873 1505 1017 1547 dixit:

264 1569 303 1610 O
323 1571 504 1611 nimium
525 1572 683 1613 dilecte
707 1573 820 1622 Deo,
843 1574 918 1613 cui
939 1573 1101 1614 militat
1122 1573 1270 1624 aether,

262 1638 320 1680 Et
339 1639 556 1693 conjurati
575 1641 754 1682 veniunt
775 1640 830 1681 ad
851 1641 1046 1682 classica
1066 1641 1211 1684 venti.'

735 1762 911 1804 Suidas.

150 1849 380 1897 Κλαυδιανός
399 1850 662 1906 Ἀλεξανὸρεῦς
684 1851 847 1900 ἐποποιὸς
871 1850 1038 1907 νεώτερος
1065 1852 1215 1908 γέγονεν
1237 1853 1293 1895 ἐπὶ
1312 1860 1383 1896 τῶν
1411 1853 1555 1910 χρόνων

89 1915 282 1970 Ἀρκαδίου
313 1917 377 1956 καὶ
409 1917 573 1974 Ὃνοςίου
606 1923 678 1959 τῶν
714 1918 929 1970 βασιλέωνζ
967 1918 1221 1962 Claudianus
1251 1922 1584 1963 Aleaamlrinus.

93 1980 225 2024 Po'e'ta
246 1985 379 2038 epicus
399 1986 593 2026 recentior
613 1987 762 2038 eatitit,
785 1992 862 2029 aut
881 1988 1039 2037 floruit,
1058 1989 1301 2061 temporibus
1324 1988 1496 2030 Arcadii
1517 1995 1556 2029 et

94 2049 272 2090 Honorn'
297 2050 472 2108 Regum,
489 2067 566 2094 seu
589 2054 924 2107 Imperator-um

247 2172 415 2214 Paulus
437 2174 623 2215 Orosius
651 2186 736 2216 vll.
757 2175 828 2216 23.
851 2176 921 2216 De
943 2175 1188 2216 Claudiano
1208 2175 1405 2229 loquens.

149 2274 161 2292 ‘
185 2270 311 2313 Unus
331 2287 389 2314 ex
416 2275 528 2329 ipsis
551 2275 692 2317 Poeta
715 2277 899 2330 quidam
917 2277 1122 2326 eximius,
1145 2277 1222 2317 sed
1241 2289 1437 2331 paganus
1458 2292 1558 2333 per-

90 2339 409 2392 vicacissimus,
431 2343 679 2398 hujusmodi
703 2345 902 2386 versibus
923 2349 964 2386 et
993 2346 1091 2387 Deo
1113 2351 1155 2387 et
1175 2345 1343 2386 homini
1364 2347 1557 2388 testimo-

91 2407 212 2448 nium
234 2410 345 2460 tulit,
368 2411 528 2463 quibus
548 2412 634 2453 ait:
669 2412 708 2453 Ο
731 2413 914 2454 nimium
936 2413 1092 2455 dilecte
1116 2412 1245 2462 Deo:
1265 2415 1344 2454 &c.

497 2531 666 2574 Paulus
689 2534 936 2585 Diaconus,
962 2536 1037 2577 lib.
1064 2546 1157 2576 XII.

154 2629 166 2647 ‘
189 2626 262 2669 Ad
283 2629 414 2684 cujus
436 2631 610 2672 laudem
633 2633 689 2673 ob
710 2634 927 2687 insignem
950 2635 1194 2684 victoriam,
1217 2631 1360 2674 Poeta
1377 2633 1557 2687 quidam

97 2693 304 2746 eximius,
338 2698 418 2738 sed
451 2698 655 2750 infidelis,
678 2700 793 2741 inter
827 2706 974 2743 cetera
1005 2702 1088 2743 hos
1111 2701 1350 2742 versiculos
1371 2702 1558 2745 cecinit:

98 2758 138 2800 Ο
159 2760 342 2804 nimium
362 2764 519 2807 dilecte
544 2766 674 2818 Deo‚'
694 2769 771 2809 &a
