1852 3193
207 184 293 226 432
673 191 747 221 ct..
780 186 1060 219 cLAunlANl
1097 186 1221 215 xvii.

209 290 367 333 Sidera
386 303 461 332 eur
482 290 648 342 septem
668 288 783 325 retro
803 282 992 322 nitantur
1012 280 1056 320 in
1077 284 1198 320 ortus

209 357 449 400 obluctata
465 355 570 409 polo
587 367 597 394 ε
628 351 819 393 variisne
837 348 1057 389 meatibus
1077 347 1193 388 idem

208 424 397 474 Arbiter,
419 437 474 465 an
496 421 677 475 geminae
699 419 956 459 convertant
977 415 1142 456 aethera
1162 418 1328 455 mentes
1348 428 1358 457 ε
1589 415 1673 456 105

209 493 334 534 Sitne
355 490 478 532 color
497 487 703 542 proprius
718 497 878 534 rerum,
897 483 1067 524 lucisne
1087 482 1268 535 repulsu

210 559 403 600 Eludant
422 556 587 597 aciem:
619 550 813 594 tumidos
835 564 935 605 quae
959 550 1086 591 Luna
1108 561 1310 589 recursus

209 625 392 667 Nutriat
413 622 580 664 Oceani
598 635 608 663 ε
641 633 731 675 quo
751 619 893 661 fracta
913 618 1102 660 tonitrua
1122 620 1267 658 vento.

209 765 303 796 quare
325 758 441 795 septem
467 755 610 786 Planetae
630 752 811 784 obsistentes
836 752 919 782 Coelo
940 753 1085 781 conentur
1112 749 1161 780 ire
1184 753 1269 781 retro
1281 759 1293 787 ;
1317 759 1358 779 an
1391 748 1473 779 idem
1499 747 1675 778 moderator

209 798 314 838 rapiat
344 799 461 828 Coelum
487 796 625 827 cursibus
649 795 791 834 diversis,
817 805 858 825 an
881 796 950 825 cluoe
974 793 1225 832 Intelligentz'ae5
1249 803 1288 822 an
1303 792 1384 822 color
1398 790 1541 831 proprius
1558 790 1676 820 haereat

209 841 244 872 in
265 840 367 879 rebus,
383 850 423 870 rm
448 849 498 870 res
513 839 635 877 fallant
658 839 759 869 oculos
780 846 959 877 repercussu
981 836 1078 872 lucis;
1107 835 1160 875 quz'
1182 836 1273 866 Luna
1296 835 1359 865 alat
1384 837 1479 864 cestus
1504 833 1675 872 reciprocos

211 882 376 922 tumefacti
391 884 487 913 maris
497 891 509 919 ;
536 892 594 923 quo
610 884 700 912 vento
708 880 849 919 fulmina
870 880 1050 919 placentum
1079 879 1153 918 quid
1179 878 1319 908 attrahat
1334 877 1452 908 nimbos
1469 877 1600 917 pluvios,
1614 884 1675 915 qua

823 967 1059 980 eeeeeeeeeeee

210 1039 331 1081 queed.
346 1038 458 1069 Vicet.
472 1037 698 1077 Impuleritque
711 1035 777 1066 duo
795 1035 917 1066 Leidd.
934 1039 970 1066 et
985 1034 1106 1074 viginti
1121 1035 1187 1066 duo
1204 1036 1273 1074 alii,
1290 1037 1375 1066 Exc.
1392 1036 1676 1068 Gevart.Schott.

210 1087 246 1113 et
263 1083 408 1112 Lucens.
437 1090 488 1120 pr.
512 1080 595 1110 Var.
622 1080 694 1110 LL.
712 1088 730 1109 e
746 1087 850 1118 marg.
875 1077 992 1108 Parm.
1018 1076 1098 1107 Ald.
1124 1078 1346 1118 Impuleritque
1360 1080 1444 1118 polos
1459 1077 1577 1110 Ambr.
1594 1084 1676 1112 tert.

210 1124 433 1164 Impuleritque
459 1122 562 1153 choris
586 1124 669 1156 Jun.
700 1131 752 1161 pr.
790 1120 898 1151 choros
922 1120 989 1150 duo
1013 1119 1134 1151 Leidd.
1163 1121 1306 1151 totidem
1324 1121 1531 1162 Oxon.Reg.
1547 1121 1677 1155 Mazar.

209 1167 276 1198 duo
290 1167 384 1197 Vatt.
403 1165 470 1197 duo
484 1165 607 1197 Petav.
630 1165 721 1195 chaos
736 1163 832 1194 Med.
851 1167 963 1204 quart.
980 1161 1063 1194 Put.
1078 1163 1211 1195 Thuan.
1229 1164 1361 1194 Bonon.
1384 1164 1463 1196 Pat.
1481 1164 1594 1196 Oxon.
1607 1174 1676 1196 see.

208 1209 308 1240 Leid.
330 1218 400 1240 sec.
423 1218 467 1240 m.
492 1217 561 1239 see.
578 1208 703 1239 Petav.
721 1210 802 1237 tert.
823 1206 906 1237 Var.
921 1206 991 1236 LL.
1009 1214 1027 1235 e
1041 1215 1149 1246 marg.
1167 1206 1281 1237 Parm.
1298 1206 1378 1237 Ald.
1400 1207 1491 1237 chaos
1503 1207 1556 1237 vel
1571 1207 1679 1239 choros

209 1251 289 1283 Vat.
309 1261 357 1292 pr.
378 1252 458 1282 Lov.
476 1251 561 1281 Exc.
580 1251 722 1281 Gevart.
756 1249 861 1280 vincat
885 1248 960 1279 Pal.
977 1248 1131 1279 Florem.
1149 1249 1242 1279 Med.
1259 1259 1310 1289 pr.
1327 1250 1409 1282 Jun.
1425 1259 1477 1290 pr.
1492 1250 1677 1281 Tholos.—

211 1297 273 1325 103
296 1304 365 1324 cum
381 1294 510 1324 Mazar.
544 1294 713 1324 mittantur
733 1291 812 1323 Vat.
827 1291 935 1332 quint.
973 1294 1076 1322 ortum
1101 1291 1195 1322 Prie.
1220 1292 1416 1332 Bag—104
1437 1292 1572 1323 variisne
1588 1292 1679 1334 Reg.

209 1337 339 1368 Thuan.
363 1336 491 1368 Mazar.
517 1336 638 1367 Petav.
656 1345 708 1375 pr.
725 1334 859 1365 Bonon.
883 1333 1000 1365 Ambr.
1027 1343 1078 1374 pr.
1103 1334 1228 1365 Moret.
1244 1344 1313 1366 see.
1329 1333 1411 1367 Jun.
1427 1344 1479 1375 pr.
1494 1334 1607 1366 Oxon.
1624 1345 1678 1376 pt.

209 1379 307 1410 Med.
324 1382 405 1409 tert.
421 1380 501 1410 Vat.
522 1378 632 1409 Livin.
650 1379 734 1409 Exe.
746 1378 894 1408 Lucens.
912 1386 980 1407 sec.
1002 1376 1156 1417 variisque
1170 1376 1236 1408 duo
1256 1377 1347 1409 Vatt.
1361 1377 1437 1409 Pal.
1453 1378 1548 1409 Rott.
1571 1377 1678 1410 oisel.

209 1422 343 1452 variisve
359 1422 440 1452 Vat.
456 1432 507 1462 pr.
522 1425 557 1451 et
574 1425 686 1462 quart.
700 1419 824 1452 Sched.
844 1419 1043 1451 Gud.—105
1061 1419 1206 1450 Ambitus
1220 1420 1311 1452 Prie.
1328 1430 1373 1452 m.
1389 1430 1442 1461 pr.
1463 1430 1531 1451 cum
1546 1423 1678 1460 vergant

208 1464 292 1496 Jun.
311 1473 363 1505 pr.
388 1463 490 1495 sidera
506 1465 602 1494 Med.
621 1468 734 1505 quart.
745 1463 827 1494 Var.
842 1463 912 1494 LL.
930 1472 948 1493 e
961 1472 1068 1502 marg.
1087 1462 1201 1495 Parm.
1214 1463 1300 1494 Exc.
1317 1462 1542 1494 Ruben.Ald.
1567 1467 1603 1494 et
1624 1463 1680 1495 ed.

209 1507 323 1538 Vieet.
345 1507 464 1538 <ethera
479 1508 560 1538 Vat.
574 1507 684 1538 Livin.
702 1507 787 1537 Exe.
804 1506 894 1536 Laeti
921 1509 956 1536 et
978 1505 1123 1536 Lueens.
1145 1508 1304 1546 pr.——106
1327 1505 1416 1537 Sitve
1440 1506 1570 1537 Mazar.
1597 1506 1678 1537 Pat.

209 1559 312 1580 rerum
324 1550 469 1590 proprius
482 1550 577 1581 Prie.
611 1549 769 1589 stellisque
785 1549 907 1580 Petav.
931 1552 1014 1579 tert.
1040 1558 1085 1579 m.
1103 1558 1154 1588 pr.
1181 1549 1295 1580 lucisve
1311 1549 1388 1580 Pat.
1404 1549 1537 1580 Tholos.
1564 1549 1679 1581 lucisne

211 1595 280 1622 tres
305 1592 402 1623 Vatt.
428 1592 529 1622 Farn.
561 1593 654 1624 Prie.
678 1591 775 1622 Med.
805 1596 884 1622 tert.
902 1592 989 1631 Reg.
1004 1591 1133 1622 Thuan.
1150 1591 1278 1623 Mazar.
1296 1601 1341 1623 m.
1358 1601 1409 1632 pr.
1425 1591 1525 1622 Leid.
1543 1601 1595 1632 pr.
1611 1591 1678 1623 duo

212 1633 327 1665 Oxon.
346 1634 431 1665 Exe.
446 1635 589 1665 Lucens.
605 1644 673 1665 sec.
701 1635 816 1664 lucisne
830 1634 884 1664 vel
899 1634 1033 1673 lucisque
1053 1634 1173 1664 Petav.
1197 1644 1264 1666 see.
1298 1636 1430 1675 repulsa>
1455 1635 1582 1666 Moret.
1608 1644 1677 1665 sec.

209 1677 349 1716 repulsus
375 1676 474 1707 Leid.
501 1685 569 1707 sec.
597 1687 641 1707 m.
663 1686 731 1706 see.
759 1676 851 1706 Prie.
882 1676 1035 1706 Floreat.
1063 1676 1158 1706 Med.
1184 1687 1250 1706 sec.
1279 1676 1358 1707 Pat.
1374 1677 1453 1707 Vat.
1468 1677 1576 1717 quint.
1590 1677 1678 1708 Exe.

213 1719 465 1750 Gevart.—107
491 1719 622 1749 Elidant
638 1719 719 1749 Vat.
738 1718 846 1749 Livin.
865 1717 945 1747 Put.
972 1727 1016 1748 m.
1043 1727 1109 1748 sec.
1127 1717 1246 1748 Ambr.
1265 1728 1331 1749 see.
1357 1719 1483 1750 timidos
1497 1719 1577 1755 Var.
1602 1719 1676 1750 LL.

212 1762 268 1792 ed.
285 1761 389 1792 Antv.
426 1771 567 1792 recursus
590 1761 681 1791 Prie.
695 1760 790 1791 Med.
807 1769 876 1791 see.
913 1769 1055 1790 recursus
1082 1760 1134 1790 vel
1161 1770 1297 1791 recessus
1320 1761 1417 1791 Med.
1443 1764 1523 1792 tert.
1560 1762 1678 1792 lumina

211 1813 320 1835 cursus
334 1803 414 1836 Jun.
431 1805 594 1843 pr.—108
608 1802 700 1840 facta
724 1807 795 1833 tres
810 1802 908 1832 Vatt.
933 1800 1031 1832 Leid.
1049 1811 1120 1833 sec.
1136 1811 1180 1833 m.
1209 1812 1276 1834 see.
1300 1802 1386 1834 Exc.
1414 1804 1560 1836 Gevart.
1583 1803 1678 1842 facta

878 1895 1019 1928 NOTAE

212 1982 425 2004 numerosam
441 1972 533 2004 illam
552 1972 788 2004 Harmoniam.

258 2024 326 2059 Quo
355 2024 457 2064 vivat]
504 2024 581 2057 Quo
610 2023 734 2064 spiritu
763 2022 919 2054 machina

213 2074 371 2106 Coelestis
394 2075 443 2105 ita
468 2079 601 2115 agatur,
627 2078 667 2106 ut
691 2073 851 2105 videatur
871 2073 918 2104 vi-

212 2135 307 2157 vere.

258 2178 320 2207 103
345 2176 444 2207 Retro
459 2176 616 2216 nitantur]
633 2177 685 2206 Ex
702 2175 823 2216 priscis
839 2175 918 2206 Phi-

211 2225 361 2266 losophis
380 2225 511 2257 Coelum
524 2225 718 2256 incredibili
732 2226 919 2266 rapiditate

215 2280 372 2308 movetur
397 2275 440 2306 ab
458 2275 601 2307 Oriente
617 2275 651 2305 in
676 2275 919 2316 Occidentem,

214 2330 347 2368 septem
375 2326 533 2357 Planetae
564 2325 684 2356 eodem
711 2330 806 2356 motu
832 2327 920 2366 rapi-

213 2382 330 2417 untur,
355 2377 415 2408 sed
443 2377 510 2407 alio
551 2380 646 2407 motu
684 2375 748 2406 sibi
778 2377 917 2416 proprio

214 2427 311 2467 quasi
344 2426 578 2466 retrocedant,
609 2427 764 2458 nitantur
798 2427 850 2458 ire
878 2427 920 2458 ab

215 2475 411 2508 Occidente
435 2478 469 2508 in
498 2477 692 2515 Orientem,
717 2477 834 2517 sieque
862 2478 919 2509 ob-

214 2526 387 2558 luctantur
404 2528 488 2559 Coeli
506 2527 627 2559 motui.
670 2527 728 2558 Sic
751 2527 809 2558 Sol
825 2533 919 2559 motu

216 2575 302 2608 Coeli
320 2584 435 2618 raptus
453 2576 539 2608 facit
552 2578 646 2616 dies;
670 2583 763 2608 motu
781 2578 919 2618 proprio

214 2625 299 2659 facit
330 2638 475 2660 annum:
518 2629 590 2660 sive
615 2638 700 2659 unns
725 2630 919 2660 moderator

216 2676 266 2708 sie
282 2681 397 2709 vertat
424 2679 555 2710 Coelum
572 2682 609 2709 et
633 2679 797 2710 Planetas
820 2679 918 2710 moti-

218 2725 279 2758 bus
294 2728 495 2769 contrariis;
517 2729 588 2761 sive
609 2729 688 2761 duae
706 2729 844 2762 Mentes
859 2733 920 2762 aut

973 1969 1233 2011 Intelligentiae‚
1269 1975 1327 2002 aut
1353 1971 1420 2002 duo
1447 1971 1561 2013 Genii,
1594 1982 1679 2005 unus

973 2022 1116 2061 Coelum,
1130 2022 1218 2052 alter
1234 2022 1396 2053 planetas
1413 2026 1584 2064 torqueat.

1017 2075 1079 2102 106
1106 2072 1212 2113 Color]
1255 2072 1444 2112 Disputant
1478 2073 1678 2116 Philosophi

973 2131 1016 2152 an
1030 2122 1124 2153 color
1146 2131 1266 2152 revera
1288 2121 1417 2154 haereat
1440 2123 1474 2154 in
1498 2123 1612 2164 rebus,
1636 2134 1679 2157 an

973 2176 1106 2203 tantum
1123 2172 1217 2203 vario
1234 2172 1317 2203 lucis
1338 2183 1544 2214 repercussu
1569 2176 1679 2207 varia-

973 2228 1040 2262 tus,
1054 2223 1152 2254 ludat
1169 2233 1208 2253 ac
1236 2224 1330 2255 velut
1356 2223 1455 2256 fallat
1475 2225 1604 2263 oeulos,
1620 2226 1678 2267 qui

972 2277 1098 2313 putant
1110 2283 1225 2303 verum
1247 2282 1319 2304 esse
1335 2275 1494 2314 colorem,
1516 2279 1552 2306 et
1575 2275 1610 2306 in
1626 2285 1678 2307 re·-

971 2324 1033 2354 bus
1050 2324 1133 2364 ipsis
1150 2325 1350 2356 haerentem.
1376 2325 1540 2366 Virgilius
1555 2337 1563 2358 ι
1586 2327 1596 2343 ‘
1612 2327 1678 2358 Re-

971 2374 1033 2405 bus
1050 2384 1117 2405 nox
1133 2375 1274 2406 abstulit
1290 2380 1365 2406 atra
1379 2375 1551 2407 colorem!
1576 2397 1579 2401 Α

1019 2429 1078 2456 107
1107 2426 1210 2466 Luna]
1245 2427 1386 2458 Certum
1412 2427 1500 2457 enim
1528 2430 1582 2457 est
1609 2425 1678 2458 Lu-

974 2485 1050 2506 nam
1067 2476 1232 2507 dominari
1248 2476 1387 2507 aestibus
1401 2475 1543 2507 Oceani.
1567 2472 1678 2518 quue

975 2529 1126 2559 nonnulli
1144 2528 1300 2559 tribuunt
1316 2528 1385 2559 aeri
1401 2539 1420 2558 a
1437 2529 1531 2560 Luna
1544 2538 1677 2570 presso,

975 2578 1032 2619 qui
1051 2584 1182 2618 premat
1211 2579 1386 2620 agitetque
1412 2579 1530 2611 maria.
1576 2580 1678 2613 Quic-

973 2628 1054 2669 quid
1073 2629 1127 2666 sit,
1143 2630 1152 2645 ‘
1166 2628 1344 2659 Mirabiles
1367 2630 1533 2660 elationes
1550 2629 1677 2682 marim:

1017 2682 1078 2710 108
1107 2679 1219 2720 Vento]
1252 2680 1329 2713 Qua
1342 2681 1374 2712 vi
1389 2680 1532 2712 fulmina
1556 2679 1678 2713 fractis

973 2733 1009 2763 et
1021 2730 1111 2764 elisis
1123 2731 1212 2764 inter
1227 2740 1264 2763 se
1279 2731 1428 2765 nubibus
1445 2735 1636 2775 erumpant.
