1852 3193
246 238 335 280 278
716 249 791 280 cn.
825 246 1108 278 CLAUDIAM
1145 246 1254 278 vlu.

251 342 486 385 Attonitos
507 343 660 385 humili
683 343 832 395 Reges
855 341 1029 396 cervice
1052 340 1241 381 videres.

255 411 373 452 Ante
397 411 551 453 ducem
575 415 772 451 nostrum
794 410 953 450 flavam
976 421 1179 462 sparsere
1201 405 1435 462 Sygambri

251 479 507 528 Caesariem,
532 479 788 532 pavidoque
811 482 985 518 orantes
1007 489 1224 517 murmure
1250 476 1410 516 Franci

249 547 535 588 Procubuere
567 546 677 587 solo.
739 545 768 586 J
772 549 918 586 uratur
943 544 1172 585 Honorius
1195 544 1373 591 absens,

253 614 558 668 Imploratque
581 618 701 654 tuum
725 612 920 666 supplex
950 611 1214 651 Alamannia
1236 622 1411 650 nomen.

253 681 483 722 Bastarnae
507 693 665 722 venere
688 684 864 729 truces;
898 680 1019 719 venit
1035 679 1194 719 accola
1217 677 1357 731 sylvae

255 749 495 790 Bructerus
519 748 756 801 Hercyniae
776 761 784 787 :
814 747 1003 799 latisque
1031 745 1271 798 paludibus
1288 745 1380 785 exit

258 816 493 870 Cymbrus,
518 820 562 855 et
583 815 782 867 ingentes
799 813 935 854 Albin
956 813 1125 866 liquere
1144 811 1376 852 Cherusci.

1630 675 1719 716 450

252 915 351 953 rapite
367 915 537 944 accelerare
550 924 608 953 per
619 914 890 954 onmemflutz'um.
938 912 1100 954 Sycambrz'
1132 912 1307 952 effuderunt
1330 911 1430 942 crines
1447 909 1604 949 flaventes
1619 917 1724 940 coram

255 958 392 987 Dat-tore
411 960 524 993 nostro,
542 960 571 986 ct
587 957 674 986 Galli
690 957 898 995 supplicantes
920 966 1044 986 susurro
1061 955 1184 992 timido,
1201 955 1350 993 prostrati
1362 957 1431 983 sunt
1447 952 1541 983 humi.
1586 951 1725 981 Juratur

255 1000 286 1029 in
305 1009 424 1029 nomeu
445 999 581 1028 Honoriz'
598 998 744 1035 absentis,
755 1002 785 1028 et
802 1000 991 1028 Alamannia
1015 998 1140 1027 humilis
1156 999 1275 1027 inrocat
1292 1007 1397 1026 nomen
1411 999 1508 1026 tuum.
1558 995 1726 1025 Bastarnae

254 1042 386 1071 immites
397 1042 587 1070 advenerunt
603 1051 611 1069 .·
636 1041 783 1070 Bructeri
798 1041 906 1070 accolae
922 1042 1017 1079 sylrae
1037 1039 1202 1079 Hercyniae
1220 1041 1419 1075 advenerunt,
1435 1041 1463 1068 et
1489 1036 1609 1067 Cimbra·
1635 1045 1723 1075 egre-

252 1085 381 1114 diuntur
395 1092 412 1112 c
427 1081 593 1122 paludibus
610 1081 779 1120 immensis,
806 1092 842 1112 ac
864 1082 1011 1111 Cherusci
1036 1082 1156 1120 proceri
1176 1082 1335 1110 desertare
1351 1080 1457 1111 Albin.
1502 1080 1560 1110 Ille
1580 1079 1723 1110 Stilicho

871 1152 1107 1164 eeeeeeeeeeee

254 1208 311 1236 ges
337 1198 422 1228 Exc.
450 1199 550 1229 Voss.
576 1198 708 1229 Thuan.
749 1198 852 1237 Reges
867 1198 977 1228 humili
995 1207 1114 1227 novem
1132 1196 1313 1227 auh—446
1336 1199 1471 1226 restrum
1487 1196 1566 1226 Var.
1583 1195 1653 1226 LL.
1669 1194 1724 1225 ed·

258 1241 363 1271 Antv.
383 1241 467 1281 flavi
484 1241 577 1271 Prie.
601 1240 716 1278 fudere
734 1241 850 1271 Ambr.
869 1251 920 1281 pr.
939 1241 1004 1271 inc.
1026 1240 1144 1270 Heius.
1176 1239 1300 1270 Sched.
1329 1239 1419 1270 Gud.
1447 1237 1616 1279 Sygambri
1645 1238 1725 1268 Vat-

259 1289 371 1323 quart.
390 1285 474 1314 Exc.
490 1283 636 1314 Lucens.
653 1293 720 1315 sec.
756 1283 913 1314 Sicambri
928 1283 1051 1314 Sebed.
1074 1283 1274 1313 (ἰωὰ-447
1298 1282 1502 1321 pavidamque
1519 1281 1640 1311 Petav.
1656 1288 1724 1310 sec.

256 1328 427 1366 patuloque
457 1327 511 1356 vel
534 1326 710 1365 tumidoque
736 1326 862 1356 numine
893 1326 957 1356 inc.
986 1326 1106 1356 Heius.
1142 1328 1282 1356 errantes
1301 1326 1391 1355 Prie.
1432 1324 1547 1355 Franci
1563 1321 1730 1360 velfracti

256 1369 381 1399 Petav.
397 1378 449 1408 pr.
471 1368 573 1406 fracti
592 1369 687 1399 Leid.
702 1379 777 1400 am.
795 1372 928 1399 5.-448
953 1369 1086 1399 miratur
1103 1378 1209 1408 marg.
1224 1368 1456 1408 binga—449
1478 1376 1564 1397 suum
1580 1366 1663 1396 Vat.
1676 1374 1728 1404 pr.

257 1416 292 1441 et
307 1416 418 1452 quart.
437 1411 536 1441 Faru.
565 1411 687 1441 Petav.
713 1421 763 1451 pr.
794 1411 927 1451 simplex
955 1412 1035 1441 Put.
1068 1412 1147 1442 Par.
1179 1411 1345 1441 Alumania
1368 1411 1449 1440 Vat.
1468 1418 1519 1449 pr.
1537 1408 1612 1438 Pal.
1628 1406 1728 1438 Med.

259 1459 340 1484 tert.
357 1454 442 1484 Exe.
462 1454 603 1484 Lucem.
632 1464 700 1484 sec.
729 1454 914 1484 Alemannia
947 1459 1092 1493 quatuor
1121 1455 1201 1484 Vat.
1229 1454 1329 1484 Faru.
1348 1452 1442 1483 Rott.
1468 1451 1575 1482 Oisel.
1598 1460 1660 1490 pro
1677 1459 1730 1480 no·

257 1505 325 1526 men
356 1496 477 1526 Heius.
509 1497 600 1535 conj.
625 1499 854 1527 munem—450
879 1497 1037 1527 Basternas>
1056 1498 1136 1527 Yat.
1155 1506 1222 1527 sec.
1255 1496 1409 1527 Basturni
1426 1494 1521 1525 Med.
1540 1499 1620 1524 tert.
1647 1493 1730 1523 Bus-

258 1543 355 1569 ternae
372 1539 456 1569 Lov.
492 1539 657 1569 Baslurnae
675 1539 760 1579 Reg.
777 1538 888 1570 Oxou.
907 1550 957 1579 pr.
977 1539 1072 1569 Leid.
1092 1549 1142 1579 pr.
1175 1540 1339 1570 Basternae
1357 1543 1425 1568 tres
1437 1538 1518 1567 Vat.
1537 1536 1614 1574 Pal.
1634 1535 1731 1566 Rott.

260 1581 353 1612 Prie.
384 1582 552 1612 Bastarna:
567 1582 648 1612 Vat.
668 1591 718 1621 pr.
739 1582 837 1612 Farn.
866 1583 960 1613 Med.
990 1587 1098 1622 quart.
1128 1583 1259 1612 Bouou.
1281 1581 1417 1612 Tholos.
1434 1580 1559 1611 Moret.
1576 1588 1644 1609 sec.
1660 1577 1728 1608 inc.

261 1624 385 1654 Heins.
414 1624 480 1654 duo
508 1624 631 1654 Petav.
657 1629 726 1654 tres
753 1624 872 1655 Ambr.
889 1625 972 1655 Exe.
991 1625 1134 1655 Gevart.
1153 1626 1298 1655 Lucens.
1314 1633 1383 1654 sec.
1402 1629 1437 1653 et
1453 1623 1506 1652 ed.
1522 1622 1637 1652 Parm-
1667 1630 1731 1650 mo·
1773 1646 1785 1655 ,

263 1676 332 1696 rere
349 1666 444 1698 Med.
460 1671 539 1698 tert.
572 1668 662 1697 duces
689 1667 811 1698 Petav.
842 1672 922 1697 tert.
955 1667 1009 1697 ed.
1041 1667 1156 1697 Parm.
1187 1673 1221 1697 et
1248 1667 1362 1696 vicet.
1381 1666 1464 1695 item
1480 1666 1563 1694 Var.
1581 1663 1650 1693 LL.
1672 1662 1728 1693 ed.

261 1708 368 1739 Antv.
400 1712 499 1739 truces
531 1710 583 1739 vel
613 1711 704 1739 duces
728 1710 808 1740 Vat.
837 1719 906 1739 sec.
937 1711 1038 1740 accola
1071 1709 1155 1739 Exc.
1173 1708 1272 1738 Laeti.
1303 1708 1401 1738 incola
1417 1708 1496 1737 Vat.
1515 1716 1565 1746 pr.
1584 1706 1729 1736 Fam.—

260 1754 321 1782 451
347 1752 489 1782 Buterus
506 1752 658 1783 Florent.
691 1752 832 1782 Bruteus
854 1752 950 1782 Med.
974 1757 1086 1791 quart.
1119 1752 1278 1782 Brutenus
1294 1751 1373 1780 Vat.
1392 1759 1442 1789 pr.
1461 1750 1564 1783 Faru.
1592 1747 1730 1778 Brutlze-

261 1803 314 1824 rus
330 1794 452 1825 Petav.
472 1804 521 1833 pr.
539 1795 667 1825 Moret.
681 1804 733 1833 pr.
750 1794 843 1825 Leid.
863 1804 932 1825 sec.
963 1795 1114 1825 Busta-us
1138 1795 1191 1824 ed.
1209 1794 1321 1823 Vicet.
1357 1793 1524 1823 Brnsterus
1541 1791 1594 1821 ed.
1614 1791 1729 1820 Parm.

262 1837 440 1866 Bructurns
465 1836 561 1867 Juut.
592 1838 758 1867 Brutterus
790 1838 875 1867 Exc.
899 1838 1041 1867 Lueens.
1070 1847 1120 1876 pr.
1155 1837 1310 1866 Bruterns
1329 1835 1448 1874 viginti
1465 1834 1533 1873 alii,
1549 1835 1677 1864 Lovan.
1694 1837 1731 1863 et

264 1879 349 1909 Exc.
368 1879 511 1909 Gevart.
544 1880 697 1909 antcrus
713 1880 765 1909 vel
784 1879 941 1909 Bur-cerus
954 1880 1083 1909 Mazar.
1103 1878 1273 1918 Hercyniae
1285 1878 1366 1908 Exc.
1387 1878 1469 1908 Laet.
1501 1877 1641 1907 Ertenz'oe
1650 1876 1732 1906 Vat.

263 1931 334 1952 sec.
363 1922 508 1952 Arceuioe
533 1922 615 1952 vat.
645 1927 725 1953 tert.
768 1922 906 1962 latusque
936 1922 1185 1952 'shows—452
1212 1920 1355 1950 Cimbrus
1384 1929 1499 1951 omnes
1528 1920 1626 1950 Vatt.
1653 1917 1731 1949 Pal.

930 1992 1069 2024 NOTAE

306 2055 368 2083 445
393 2053 570 2094 Attonitos]
603 2054 782 2094 Trepidos,
809 2053 970 2094 obstupe-

263 2102 386 2143 factos,
399 2103 501 2143 fama,
516 2104 710 2143 celeritate,
726 2105 868 2135 audacia
883 2104 970 2135 tanti

267 2153 391 2184 Ducis.

309 2205 373 2233 446
396 2202 579 2243 Sygambri]
595 2204 660 2234 Vel
678 2205 973 2246 Sycambri.Popu-

265 2252 288 2283 li
304 2252 347 2282 ad
364 2253 516 2283 Rhenum
533 2263 711 2293 :sparsere
734 2255 922 2294 caesariem,
938 2254 971 2284 id

267 2306 332 2340 est,
367 2302 492 2342 sparsis
531 2302 682 2333 crinibus
720 2305 971 2344 supplicavere,

267 2353 323 2383 vel
350 2352 473 2392 sparsis
500 2352 660 2392 crinibus,
693 2363 774 2394 quos
803 2363 862 2393 pro
879 2364 971 2385 more

269 2404 396 2444 gentis,
411 2402 500 2433 nodo
517 2404 750 2443 constringere
768 2404 890 2443 solent,
907 2409 971 2434 tes-

269 2454 334 2484 tati
360 2458 439 2484 sunt
469 2463 518 2492 se,
542 2454 698 2494 deposito
720 2463 813 2484 more
842 2455 973 2494 patriae,

270 2506 399 2536 servire
416 2505 504 2535 velle
522 2505 680 2535 Romanis
696 2504 854 2535 moribus.

314 2558 375 2586 447
400 2555 522 2585 Pavido
538 2556 705 2595 murmure]
729 2555 870 2585 Susurro
889 2555 974 2585 tuui-

272 2605 329 2642 do,
356 2609 391 2635 et
416 2604 521 2635 verba
538 2610 716 2644 premente
740 2609 843 2645 atque
871 2605 974 2645 impe-

274 2654 403 2686 diente.

316 2706 448 2746 Franci]
485 2706 521 2737 Si
552 2707 636 2737 taies
661 2705 809 2737 extitere
840 2707 977 2745 Franci,

275 2756 366 2796 qnod
382 2756 518 2787 minime
535 2766 624 2796 reor,
639 2757 741 2797 longe
751 2757 807 2787 alii
820 2762 899 2787 sunt
915 2757 977 2787 sub

276 2806 449 2838 Lndovico
463 2807 604 2848 Magno,
629 2807 726 2847 cujus
737 2807 898 2847 auspiciis
912 2811 979 2838 ter-

1025 2054 1092 2085 rori
1111 2058 1190 2085 sunt
1207 2054 1278 2085 orbi
1293 2059 1458 2085 terrarum
1472 2052 1644 2083 universo.

1067 2108 1130 2136 448
1154 2106 1306 2146 Juratur]
1344 2104 1468 2136 Jurare
1486 2104 1519 2134 in
1544 2111 1677 2142 nomen,
1697 2101 1733 2132 in

1026 2156 1144 2196 verba,
1165 2155 1197 2186 in
1222 2156 1366 2186 salutem
1394 2154 1581 2194 Principis,
1595 2153 1732 2184 solitum

1028 2211 1102 2237 erat
1147 2206 1318 2237 Romanis.
1363 2205 1488 2237 Jurare
1527 2204 1642 2241 etiam,
1680 2206 1733 2232 est

1027 2262 1194 2296 praestare
1212 2262 1313 2296 atque
1331 2255 1548 2294 obstringere
1563 2252 1667 2283 fidem
1682 2261 1734 2282 sa-

1028 2310 1217 2337 eramento.

1069 2358 1133 2386 ⁴50
1161 2354 1340 2395 Bastarnae]
1354 2355 1418 2386 Vei
1431 2355 1604 2385 Basternae.
1619 2353 1733 2393 Popu-

1028 2406 1049 2436 li
1069 2415 1183 2436 versus
1199 2406 1385 2446 Scythiam,
1402 2405 1494 2446 iique
1510 2403 1697 2434 fortissimi.

1070 2459 1130 2487 451
1157 2456 1345 2496 Bructerus]
1375 2454 1534 2486 Bructeri
1551 2454 1667 2494 populi
1685 2453 1734 2485 fe-

1029 2506 1192 2536 rocissimi
1214 2506 1315 2546 juxta
1352 2506 1481 2545 sylvam
1513 2504 1734 2544 Hercyniam,

1029 2565 1144 2585 versus
1161 2565 1235 2585 eam
1254 2555 1426 2595 regionem
1456 2564 1530 2595 quae
1548 2563 1637 2585 nunc
1652 2554 1734 2585 diei-

1030 2610 1085 2636 tur
1103 2606 1322 2636 Boiohaemia.

1073 2659 1136 2688 452
1162 2655 1328 2697 Cymbrus]
1361 2656 1490 2687 Cimbri
1516 2659 1615 2686 eraut
1646 2654 1736 2685 Dani

1031 2706 1199 2744 hodierni,
1216 2714 1247 2736 ei
1269 2707 1415 2737 Holsatii
1430 2706 1548 2746 populi
1562 2715 1570 2735 z
1582 2705 1737 2735 nonnulli

1033 2763 1067 2787 et
1084 2756 1147 2787 hoc
1163 2757 1296 2787 nomine
1313 2755 1483 2788 Zelaudos
1498 2755 1736 2795 continebant,

1033 2806 1092 2837 ubi
1105 2810 1157 2837 tot
1173 2804 1326 2846 paludes.
