1852 3193
290 214 376 257 196
504 226 581 258 ci„
613 223 897 256 CLAUDIANI
932 224 976 255 v.
1011 224 1062 255 lN
1099 222 1330 254 RUFINUM
1364 221 1460 254 ΜΒ.
1492 223 1547 254 11.

292 319 593 362 Fundamenta
611 320 772 360 latent:
805 319 1067 371 penitusque
1090 318 1319 357 immersus
1339 317 1525 366 anhelet,

291 388 410 429 Dum
431 390 546 428 rotet
566 390 683 427 astra
702 386 846 439 polus,
870 383 1031 424 feriant
1053 383 1154 424 dum
1175 385 1322 425 littora
1341 386 1477 426 venti.

288 500 379 537 parte
392 495 547 536 principia
564 494 658 524 noctis
680 492 904 522 obscurissz'moe
929 491 1174 522 absconduntur.-
1197 502 1232 522 ac
1246 492 1396 529 szmditus
1420 502 1537 524 mersus
1553 492 1751 534 ingemiscat,

288 542 361 570 dum
379 540 494 569 Coelnm
506 539 603 568 roh-ct
615 536 729 575 sidera,
741 536 812 565 dum
830 535 913 566 tenti
923 535 1097 575 percutient
1113 535 1233 566 littora.

904 622 1137 633 eeeeeeeeeeee

290 690 358 720 LL.
389 689 442 720 ed.
466 687 570 719 Antv.
608 687 695 718 Ditis
719 686 805 726 opaci
823 690 891 716 tres
907 686 984 716 Vat.
1001 684 1076 715 Pal.
1095 685 1195 716 Fam.
1213 685 1411 716 Pria—526
1432 695 1567 726 proeceps
1581 685 1632 716 ubi
1657 686 1748 717 Flor.

289 733 372 763 Exc.
397 732 497 762 Laeti,
529 740 666 770 praveps
681 729 725 759 ibi
740 730 805 760 duo
817 730 895 759 Vat.
914 727 1021 758 Oisel.
1040 727 1132 758 Med.
1151 738 1197 766 pv.
1216 728 1294 758 Par.
1311 733 1345 758 et
1360 729 1441 758 Vat.
1458 728 1567 759 Livin.
1599 738 1750 768 proeceps-

288 785 346 815 que
360 774 403 804 ibi
419 784 534 804 mersus
551 774 632 804 Exc.
651 773 793 803 Lneens.
809 781 877 802 sec.
900 770 1078 810 penitusque
1096 770 1146 800 uhi
1164 771 1239 801 Pal.
1255 771 1349 802 Med.
1367 780 1417 810 pr.
1431 771 1511 801 Lov.
1529 781 1613 801 unus
1628 770 1749 803 Heius.

287 818 471 848 ed.1’a=·m.
502 816 683 856 penitusque
707 815 751 844 ihi
780 813 928 844 sedecim
958 813 1028 851 alii,
1052 814 1134 843 Exc.
1162 813 1306 844 Gevart.
1332 814 1386 844 ed.
1413 813 1525 844 vicet.
1560 814 1684 854 penitus
1705 814 1750 844 ibi

287 865 359 890 tres
374 859 455 890 Vat.
487 860 610 898 penitus
626 858 679 888 vel
694 867 819 897 prorsus
832 858 911 887 Vat.
931 860 1011 886 tert.
1039 856 1162 894 penitus
1180 856 1232 886 vel
1246 866 1382 895 proeceps
1397 856 1477 887 Vat.
1495 866 1547 895 pr.
1569 856 1750 897 penitusque

286 902 331 932 iti
358 902 412 932 vel
436 911 572 941 praeceps
597 901 640 931 ibi
666 901 746 930 Put.
788 908 925 939 proeceps
952 899 1102 928 inmersus
1128 899 1221 929 Rott.
1266 900 1447 938 penitusque
1477 899 1629 929 imnersus
1655 898 1750 930 Med.

289 950 400 985 quart.
417 943 536 974 Ambr.
553 952 603 982 pr.
622 943 749 973 Moret.
773 952 839 972 sec.
871 941 966 971 Leid.
995 951 1046 980 pr.
1077 950 1158 970 uuus
1185 941 1305 972 Heius.
1332 941 1451 972 Sched.
1480 941 1667 972 Gud.Var.
1683 942 1752 973 LL.

286 987 340 1018 ed.
356 986 569 1017 Anna—527
593 985 679 1015 Dum
693 987 772 1014 rotet
789 983 880 1014 Prie.
898 994 941 1014 m.
959 993 1027 1014 sec.
1044 984 1195 1014 Florem.
1215 984 1357 1023 Raphel.
1393 987 1476 1014 rotat
1505 984 1653 1024 quinque
1669 985 1749 1015 Vat.

285 1029 364 1060 Pal.
383 1028 471 1059 Pric.
490 1029 583 1057 Rott.
605 1027 711 1056 Oisel.
728 1026 794 1056 duo
812 1026 923 1056 Oxon.
952 1026 1009 1064 qui
1037 1030 1071 1055 et
1086 1024 1214 1061 feriunt
1240 1026 1380 1056 habent.
1409 1025 1534 1062 feriant
1561 1027 1638 1057 Pat.
1656 1026 1748 1057 Prie.

284 1081 329 1103 m.
346 1080 413 1101 sec.
430 1070 580 1100 Florent.
596 1068 738 1107 Rapliel.
777 1070 858 1097 rotet
874 1072 910 1097 et
926 1067 1050 1104 feriant
1067 1067 1150 1104 legit
1167 1067 1285 1098 Heius.
1313 1068 1432 1107 fluctus
1454 1070 1532 1099 Vat.
1561 1079 1630 1100 sec.
1665 1069 1750 1100 venti

284 1114 339 1143 vel
353 1112 472 1152 fluctus
486 1111 565 1140 Vnt.
583 1114 663 1140 tert.
682 1109 820 1139 ultimus
837 1108 892 1138 hic
911 1118 1030 1138 versus
1047 1109 1145 1138 deest
1159 1109 1192 1138 in
1211 1108 1304 1140 Med.
1317 1115 1448 1150 quai-10.

327 1155 366 1185 In
384 1153 528 1183 Lucensi
557 1162 625 1183 sec.
643 1155 720 1192 post
746 1150 850 1181 libros
878 1150 912 1180 in
930 1149 1090 1180 Rufinum
1116 1151 1440 1190 sequebanturlibri
1468 1152 1502 1183 in
1529 1154 1747 1193 Eutropium.

283 1196 325 1227 In
340 1196 503 1227 Vicetina
517 1195 560 1225 de
576 1195 674 1226 Bello
691 1193 885 1233 Gildonico,
900 1202 963 1223 nec
982 1202 1045 1223 non
1062 1193 1096 1222 in
1116 1194 1296 1233 Excerptis
1308 1194 1414 1232 Laeti;
1439 1199 1476 1225 et
1501 1195 1535 1225 in
1558 1195 1644 1226 Laeti
1666 1197 1747 1228 Exc.

278 1239 436 1270 cumbae
453 1237 675 1277 inscriptione
692 1238 805 1268 BELLx
823 1236 961 1267 vauas
978 1236 1055 1266 Lm.
1070 1244 1234 1275 TERTfflS,
1252 1236 1392 1277 praefixa
1409 1238 1505 1268 simul
1522 1236 1749 1278 praefatione,

284 1292 359 1322 quae
391 1291 482 1312 nunc
509 1286 587 1311 ante
608 1280 681 1311 Lib.
699 1289 739 1310 11.
770 1279 804 1309 in
831 1277 992 1309 Rufinum
1025 1278 1160 1317 legitur.
1205 1279 1246 1310 In
1263 1280 1388 1312 Moret.
1405 1290 1474 1312 sec.
1488 1285 1563 1312 erat
1579 1289 1749 1313 nxpmcrr

282 1334 428 1364 magnum
442 1333 516 1365 opus
533 1322 697 1353 Claudiani
713 1321 897 1353 nobilissimi
915 1320 1145 1362 verszficutorz's.

938 1411 1079 1444 NOTAE

282 1483 401 1515 dixere
418 1483 539 1513 chaos:
558 1482 650 1513 rudis
667 1481 906 1522 indigestaque
919 1492 987 1513 mo-
1043 1492 1123 1524 que,
1139 1487 1176 1514 ut
1201 1492 1338 1524 semper
1353 1483 1505 1514 anhelitu
1519 1483 1665 1524 laboret,
1686 1493 1750 1515 nec

281 1533 357 1565 les!
400 1534 410 1550 ‘
428 1533 496 1564 Ubi
523 1533 633 1564 nullus
659 1532 756 1571 ordo,
779 1533 839 1564 sed
866 1533 988 1574 sempi-
1044 1541 1191 1573 unquam
1208 1532 1375 1573 respirare
1392 1533 1512 1573 possit.

281 1589 400 1615 ternus
415 1584 534 1614 horror
548 1581 742 1613 inhabitat.’
775 1582 856 1614 Job.
1085 1585 1146 1614 527
1172 1584 1258 1614 Dum
1273 1587 1354 1614 rotet
1367 1583 1468 1625 astra]
1511 1584 1554 1616 Id
1581 1588 1748 1626 est75em-

324 1637 388 1665 526
418 1632 565 1672 Anhelet]
598 1632 653 1664 Ita
667 1636 781 1673 gemat
798 1636 987 1673 prematur·
1042 1642 1118 1673 per,
1133 1634 1167 1664 in
1183 1638 1360 1665 aeternum.

488 1759 556 1789 DE
579 1758 746 1790 UXORE
776 1758 838 1789 ET
863 1757 995 1789 FILIA
1019 1757 1191 1790 RUFINI
1217 1758 1542 1797 OBSERVATIO„

322 1833 463 1865 Mortuo
479 1833 615 1872 Rufino,
632 1837 668 1863 et
690 1833 724 1864 in
738 1832 848 1864 frusta
863 1833 1050 1874 discerpto‚
1075 1845 1161 1866 uxor
1176 1835 1261 1875 ejus,
1287 1839 1323 1866 et
1348 1834 1430 1876 filia,
1451 1841 1547 1867 metu
1570 1845 1679 1877 poenae
1701 1836 1746 1869 ad

280 1888 480 1927 Ecclesiam,
492 1888 586 1919 velut
613 1886 655 1918 ad
681 1887 823 1927 asylum,
849 1887 1087 1929 confugerunt.
1132 1889 1219 1920 Inde
1239 1889 1444 1931 navigarunt
1459 1889 1747 1932 Hierosolymam,

280 1940 337 1971 ubi
354 1941 518 1982 reliquum
536 1940 615 1971 vitae
632 1949 702 1972 suae
718 1944 855 1981 tempus
873 1945 1074 1982 exegerunt.
1489 1952 1492 1953 ⁷
