<?xml version="1.0" encoding="UTF-8"?>
<!DOCTYPE html PUBLIC "-//W3C//DTD XHTML 1.0 Transitional//EN"
    "http://www.w3.org/TR/xhtml1/DTD/xhtml1-transitional.dtd">
<html xmlns="http://www.w3.org/1999/xhtml" xml:lang="en" lang="en">
 <head>
  <title>
</title>
<meta http-equiv="Content-Type" content="text/html;charset=utf-8" />
  <meta name='ocr-system' content='tesseract 3.04.00' />
  <meta name='ocr-capabilities' content='ocr_page ocr_carea ocr_par ocr_line ocrx_word'/>
</head>
<body>
  <div class='ocr_page' id='page_1' title='image "./operaomniaexedit01clauuoft_0032.png"; bbox 0 0 1842 3193; ppageno 0'>
   <div class='ocr_carea' id='block_1_1' title="bbox 275 185 1191 226">
    <p class='ocr_par' dir='ltr' id='par_1_1' title="bbox 275 185 1191 226">
     <span class='ocr_line' id='line_1_1' title="bbox 275 185 1191 226; baseline -0.008 -1"><span class='ocrx_word' id='word_1_1' title='bbox 275 185 331 226; x_wconf 81' lang='lat'>14</span> <span class='ocrx_word' id='word_1_2' title='bbox 821 188 1191 222; x_wconf 77' lang='lat' dir='ltr'>PROLEGOMENA</span> 
     </span>
    </p>
   </div>
   <div class='ocr_carea' id='block_1_2' title="bbox 275 278 1756 2762">
    <p class='ocr_par' dir='ltr' id='par_1_2' title="bbox 275 278 1755 1417">
     <span class='ocr_line' id='line_1_2' title="bbox 275 278 1738 341; baseline -0.005 -12"><span class='ocrx_word' id='word_1_3' title='bbox 275 288 442 330; x_wconf 67' lang='lat' dir='ltr'>venalis</span> <span class='ocrx_word' id='word_1_4' title='bbox 482 292 676 341; x_wconf 86' lang='lat' dir='ltr'>tempore</span> <span class='ocrx_word' id='word_1_5' title='bbox 714 288 896 340; x_wconf 80' lang='lat' dir='ltr'>plausus</span> <span class='ocrx_word' id='word_1_6' title='bbox 950 290 1043 327; x_wconf 88' lang='lat' dir='ltr'>erat</span> <span class='ocrx_word' id='word_1_7' title='bbox 1076 288 1118 325; x_wconf 82' lang='lat' dir='ltr'>et</span> <span class='ocrx_word' id='word_1_8' title='bbox 1157 283 1310 324; x_wconf 87' lang='lat' dir='ltr'>fames.</span> <span class='ocrx_word' id='word_1_9' title='bbox 1370 278 1469 322; x_wconf 83' lang='lat' dir='ltr'>Sed&#39;</span> <span class='ocrx_word' id='word_1_10' title='bbox 1507 295 1607 323; x_wconf 91' lang='lat' dir='ltr'>cum</span> <span class='ocrx_word' id='word_1_11' title='bbox 1650 295 1738 324; x_wconf 89' lang='lat' dir='ltr'>non</span> 
     </span>
     <span class='ocr_line' id='line_1_3' title="bbox 276 349 1741 411; baseline -0.006 -13"><span class='ocrx_word' id='word_1_12' title='bbox 276 357 464 411; x_wconf 85' lang='lat' dir='ltr'>amplius</span> <span class='ocrx_word' id='word_1_13' title='bbox 498 359 774 396; x_wconf 81' lang='lat' dir='ltr'>nascerentur</span> <span class='ocrx_word' id='word_1_14' title='bbox 808 353 971 407; x_wconf 81' lang='lat' dir='ltr'>po&#39;e&#39;tae,</span> <span class='ocrx_word' id='word_1_15' title='bbox 1002 352 1079 393; x_wconf 88' lang='lat' dir='ltr'>scd</span> <span class='ocrx_word' id='word_1_16' title='bbox 1101 351 1161 400; x_wconf 71' lang='lat' dir='ltr'>{in</span> <span class='ocrx_word' id='word_1_17' title='bbox 1194 351 1413 391; x_wconf 80' lang='lat' dir='ltr'>rhetorum</span> <span class='ocrx_word' id='word_1_18' title='bbox 1447 349 1666 391; x_wconf 80' lang='lat' dir='ltr'>subselliis</span> <span class='ocrx_word' id='word_1_19' title='bbox 1697 353 1741 390; x_wconf 89' lang='lat' dir='ltr'>ct</span> 
     </span>
     <span class='ocr_line' id='line_1_4' title="bbox 276 417 1741 478; baseline -0.008 -11"><span class='ocrx_word' id='word_1_20' title='bbox 276 426 657 478; x_wconf 86' lang='lat' dir='ltr'>grammaticorum</span> <span class='ocrx_word' id='word_1_21' title='bbox 684 422 849 462; x_wconf 87' lang='lat' dir='ltr'>scholis</span> <span class='ocrx_word' id='word_1_22' title='bbox 880 420 1149 473; x_wconf 79' lang='lat' dir='ltr'>fingerentur,</span> <span class='ocrx_word' id='word_1_23' title='bbox 1181 418 1338 458; x_wconf 83' lang='lat' dir='ltr'>nemini</span> <span class='ocrx_word' id='word_1_24' title='bbox 1368 421 1513 472; x_wconf 83' lang='lat' dir='ltr'>potest</span> <span class='ocrx_word' id='word_1_25' title='bbox 1541 417 1741 458; x_wconf 86' lang='lat' dir='ltr'>mirabile</span> 
     </span>
     <span class='ocr_line' id='line_1_5' title="bbox 277 484 1740 545; baseline -0.007 -11"><span class='ocrx_word' id='word_1_26' title='bbox 277 493 432 543; x_wconf 86' lang='lat' dir='ltr'>videri,</span> <span class='ocrx_word' id='word_1_27' title='bbox 466 491 581 545; x_wconf 86' lang='lat' dir='ltr'>quod</span> <span class='ocrx_word' id='word_1_28' title='bbox 604 492 647 531; x_wconf 90' lang='lat' dir='ltr'>in</span> <span class='ocrx_word' id='word_1_29' title='bbox 666 487 917 542; x_wconf 83' lang='lat' dir='ltr'>hujusmodi</span> <span class='ocrx_word' id='word_1_30' title='bbox 948 487 1187 528; x_wconf 81' lang='lat' dir='ltr'>carminum</span> <span class='ocrx_word' id='word_1_31' title='bbox 1215 487 1462 527; x_wconf 81' lang='lat' dir='ltr'>inventione</span> <span class='ocrx_word' id='word_1_32' title='bbox 1482 489 1524 526; x_wconf 90' lang='lat' dir='ltr'>et</span> <span class='ocrx_word' id='word_1_33' title='bbox 1550 484 1740 537; x_wconf 86' lang='lat' dir='ltr'>disposi—</span> 
     </span>
     <span class='ocr_line' id='line_1_6' title="bbox 275 551 1738 612; baseline -0.008 -11"><span class='ocrx_word' id='word_1_34' title='bbox 275 561 391 601; x_wconf 82' lang='lat' dir='ltr'>tione</span> <span class='ocrx_word' id='word_1_35' title='bbox 409 560 554 600; x_wconf 81' lang='lat' dir='ltr'>rhetor</span> <span class='ocrx_word' id='word_1_36' title='bbox 565 559 752 612; x_wconf 82' lang='lat' dir='ltr'>jejunus,</span> <span class='ocrx_word' id='word_1_37' title='bbox 773 558 816 597; x_wconf 91' lang='lat' dir='ltr'>in</span> <span class='ocrx_word' id='word_1_38' title='bbox 837 555 1140 596; x_wconf 77' lang='lat' dir='ltr'>erninciatione</span> <span class='ocrx_word' id='word_1_39' title='bbox 1160 556 1203 593; x_wconf 92' lang='lat' dir='ltr'>et</span> <span class='ocrx_word' id='word_1_40' title='bbox 1223 557 1376 594; x_wconf 88' lang='lat' dir='ltr'>ornatu</span> <span class='ocrx_word' id='word_1_41' title='bbox 1399 553 1535 606; x_wconf 79' lang='lat' dir='ltr'>po&#39;eta</span> <span class='ocrx_word' id='word_1_42' title='bbox 1553 551 1738 604; x_wconf 83' lang='lat' dir='ltr'>frigidus</span> 
     </span>
     <span class='ocr_line' id='line_1_7' title="bbox 278 617 1741 681; baseline -0.007 -13"><span class='ocrx_word' id='word_1_43' title='bbox 278 630 556 681; x_wconf 80' lang='lat' dir='ltr'>agnoscatur.</span> <span class='ocrx_word' id='word_1_44' title='bbox 619 624 720 675; x_wconf 88' lang='lat' dir='ltr'>Quo</span> <span class='ocrx_word' id='word_1_45' title='bbox 740 628 934 676; x_wconf 86' lang='lat' dir='ltr'>tempore</span> <span class='ocrx_word' id='word_1_46' title='bbox 956 623 1029 663; x_wconf 87' lang='lat' dir='ltr'>hic</span> <span class='ocrx_word' id='word_1_47' title='bbox 1046 634 1142 662; x_wconf 88' lang='lat' dir='ltr'>mos</span> <span class='ocrx_word' id='word_1_48' title='bbox 1168 621 1480 674; x_wconf 84' lang='lat' dir='ltr'>percrebuerit,</span> <span class='ocrx_word' id='word_1_49' title='bbox 1501 631 1590 660; x_wconf 90' lang='lat' dir='ltr'>non</span> <span class='ocrx_word' id='word_1_50' title='bbox 1609 617 1741 659; x_wconf 88' lang='lat' dir='ltr'>facile</span> 
     </span>
     <span class='ocr_line' id='line_1_8' title="bbox 279 685 1744 747; baseline -0.006 -11"><span class='ocrx_word' id='word_1_51' title='bbox 279 695 470 736; x_wconf 82' lang='lat' dir='ltr'>dixeris:</span> <span class='ocrx_word' id='word_1_52' title='bbox 503 693 644 747; x_wconf 85' lang='lat' dir='ltr'>prima</span> <span class='ocrx_word' id='word_1_53' title='bbox 674 692 803 746; x_wconf 87' lang='lat' dir='ltr'>hujus</span> <span class='ocrx_word' id='word_1_54' title='bbox 836 692 899 732; x_wconf 89' lang='lat' dir='ltr'>rei</span> <span class='ocrx_word' id='word_1_55' title='bbox 929 689 1107 739; x_wconf 88' lang='lat' dir='ltr'>mentio,</span> <span class='ocrx_word' id='word_1_56' title='bbox 1133 688 1253 742; x_wconf 91' lang='lat' dir='ltr'>quod</span> <span class='ocrx_word' id='word_1_57' title='bbox 1281 688 1484 742; x_wconf 87' lang='lat' dir='ltr'>equidem</span> <span class='ocrx_word' id='word_1_58' title='bbox 1507 688 1663 737; x_wconf 88' lang='lat' dir='ltr'>sciam,</span> <span class='ocrx_word' id='word_1_59' title='bbox 1693 685 1744 727; x_wconf 89' lang='lat' dir='ltr'>fit</span> 
     </span>
     <span class='ocr_line' id='line_1_9' title="bbox 278 753 1755 815; baseline -0.005 -13"><span class='ocrx_word' id='word_1_60' title='bbox 278 763 362 802; x_wconf 86' lang='lat' dir='ltr'>sub</span> <span class='ocrx_word' id='word_1_61' title='bbox 395 762 576 815; x_wconf 89' lang='lat' dir='ltr'>imperio</span> <span class='ocrx_word' id='word_1_62' title='bbox 612 759 845 801; x_wconf 88' lang='lat' dir='ltr'>Pescennii</span> <span class='ocrx_word' id='word_1_63' title='bbox 878 757 1005 811; x_wconf 81' lang='lat' dir='ltr'>Nigri</span> <span class='ocrx_word' id='word_1_64' title='bbox 1037 761 1080 798; x_wconf 87' lang='lat' dir='ltr'>et</span> <span class='ocrx_word' id='word_1_65' title='bbox 1108 755 1356 798; x_wconf 80' lang='lat' dir='ltr'>Alexandri</span> <span class='ocrx_word' id='word_1_66' title='bbox 1387 754 1555 796; x_wconf 89' lang='lat' dir='ltr'>Severi.</span> <span class='ocrx_word' id='word_1_67' title='bbox 1615 753 1755 795; x_wconf 85' lang='lat' dir='ltr'>Anti-·</span> 
     </span>
     <span class='ocr_line' id='line_1_10' title="bbox 279 822 1745 883; baseline -0.006 -13"><span class='ocrx_word' id='word_1_68' title='bbox 279 831 435 883; x_wconf 86' lang='lat' dir='ltr'>quiora</span> <span class='ocrx_word' id='word_1_69' title='bbox 470 833 614 870; x_wconf 82' lang='lat' dir='ltr'>autem</span> <span class='ocrx_word' id='word_1_70' title='bbox 645 830 799 869; x_wconf 82' lang='lat' dir='ltr'>extant</span> <span class='ocrx_word' id='word_1_71' title='bbox 829 827 917 868; x_wconf 87' lang='lat' dir='ltr'>duo</span> <span class='ocrx_word' id='word_1_72' title='bbox 951 827 1161 876; x_wconf 88' lang='lat' dir='ltr'>carmina,</span> <span class='ocrx_word' id='word_1_73' title='bbox 1194 838 1293 880; x_wconf 83' lang='lat' dir='ltr'>quae</span> <span class='ocrx_word' id='word_1_74' title='bbox 1332 824 1377 864; x_wconf 90' lang='lat' dir='ltr'>in</span> <span class='ocrx_word' id='word_1_75' title='bbox 1408 822 1524 863; x_wconf 92' lang='lat' dir='ltr'>hunc</span> <span class='ocrx_word' id='word_1_76' title='bbox 1564 832 1745 863; x_wconf 88' lang='lat' dir='ltr'>censum</span> 
     </span>
     <span class='ocr_line' id='line_1_11' title="bbox 278 889 1747 948; baseline -0.006 -10"><span class='ocrx_word' id='word_1_77' title='bbox 278 898 468 948; x_wconf 84' lang='lat' dir='ltr'>veniunt,</span> <span class='ocrx_word' id='word_1_78' title='bbox 491 897 673 937; x_wconf 83' lang='lat' dir='ltr'>alterum</span> <span class='ocrx_word' id='word_1_79' title='bbox 703 896 748 935; x_wconf 90' lang='lat' dir='ltr'>in</span> <span class='ocrx_word' id='word_1_80' title='bbox 779 895 1037 944; x_wconf 79' lang='lat' dir='ltr'>Messalam,</span> <span class='ocrx_word' id='word_1_81' title='bbox 1072 893 1189 947; x_wconf 91' lang='lat' dir='ltr'>quod</span> <span class='ocrx_word' id='word_1_82' title='bbox 1216 891 1396 933; x_wconf 87' lang='lat' dir='ltr'>Tibullo</span> <span class='ocrx_word' id='word_1_83' title='bbox 1419 902 1650 944; x_wconf 81' lang='lat' dir='ltr'>perperam</span> <span class='ocrx_word' id='word_1_84' title='bbox 1669 889 1747 930; x_wconf 90' lang='lat' dir='ltr'>tri-</span> 
     </span>
     <span class='ocr_line' id='line_1_12' title="bbox 278 957 1745 1016; baseline -0.005 -12"><span class='ocrx_word' id='word_1_85' title='bbox 278 964 440 1014; x_wconf 88' lang='lat' dir='ltr'>buitur,</span> <span class='ocrx_word' id='word_1_86' title='bbox 461 977 541 1004; x_wconf 92' lang='lat' dir='ltr'>nec</span> <span class='ocrx_word' id='word_1_87' title='bbox 562 962 732 1003; x_wconf 86' lang='lat' dir='ltr'>definiri</span> <span class='ocrx_word' id='word_1_88' title='bbox 753 966 916 1016; x_wconf 84' lang='lat' dir='ltr'>potest,</span> <span class='ocrx_word' id='word_1_89' title='bbox 949 975 976 1002; x_wconf 85' lang='lat' dir='ltr'>a</span> <span class='ocrx_word' id='word_1_90' title='bbox 1007 974 1094 1014; x_wconf 91' lang='lat' dir='ltr'>quo</span> <span class='ocrx_word' id='word_1_91' title='bbox 1123 965 1166 1001; x_wconf 87' lang='lat' dir='ltr'>et</span> <span class='ocrx_word' id='word_1_92' title='bbox 1193 972 1281 1013; x_wconf 91' lang='lat' dir='ltr'>quo</span> <span class='ocrx_word' id='word_1_93' title='bbox 1313 962 1508 1011; x_wconf 88' lang='lat' dir='ltr'>tempore</span> <span class='ocrx_word' id='word_1_94' title='bbox 1528 957 1587 998; x_wconf 90' lang='lat' dir='ltr'>sit</span> <span class='ocrx_word' id='word_1_95' title='bbox 1606 957 1745 1010; x_wconf 90' lang='lat' dir='ltr'>scrip-</span> 
     </span>
     <span class='ocr_line' id='line_1_13' title="bbox 278 1025 1746 1082; baseline -0.005 -10"><span class='ocrx_word' id='word_1_96' title='bbox 278 1035 382 1080; x_wconf 74' lang='lat' dir='ltr'>tum,</span> <span class='ocrx_word' id='word_1_97' title='bbox 405 1032 588 1072; x_wconf 84' lang='lat' dir='ltr'>alterum</span> <span class='ocrx_word' id='word_1_98' title='bbox 608 1030 664 1070; x_wconf 90' lang='lat' dir='ltr'>ad</span> <span class='ocrx_word' id='word_1_99' title='bbox 685 1030 912 1078; x_wconf 87' lang='lat' dir='ltr'>Pisonem,</span> <span class='ocrx_word' id='word_1_100' title='bbox 944 1029 1061 1082; x_wconf 88' lang='lat' dir='ltr'>quod</span> <span class='ocrx_word' id='word_1_101' title='bbox 1081 1028 1251 1069; x_wconf 88' lang='lat' dir='ltr'>Lucani</span> <span class='ocrx_word' id='word_1_102' title='bbox 1269 1039 1430 1067; x_wconf 88' lang='lat' dir='ltr'>nomen</span> <span class='ocrx_word' id='word_1_103' title='bbox 1449 1025 1561 1065; x_wconf 83' lang='lat' dir='ltr'>falso</span> <span class='ocrx_word' id='word_1_104' title='bbox 1582 1038 1674 1079; x_wconf 86' lang='lat' dir='ltr'>prae</span> <span class='ocrx_word' id='word_1_105' title='bbox 1698 1035 1746 1064; x_wconf 84' lang='lat' dir='ltr'>se</span> 
     </span>
     <span class='ocr_line' id='line_1_14' title="bbox 278 1090 1746 1146; baseline -0.004 -8"><span class='ocrx_word' id='word_1_106' title='bbox 278 1098 375 1146; x_wconf 82' lang='lat' dir='ltr'>fert,</span> <span class='ocrx_word' id='word_1_107' title='bbox 411 1102 454 1138; x_wconf 88' lang='lat' dir='ltr'>et</span> <span class='ocrx_word' id='word_1_108' title='bbox 486 1098 636 1137; x_wconf 78' lang='lat' dir='ltr'>Saleio</span> <span class='ocrx_word' id='word_1_109' title='bbox 669 1097 831 1142; x_wconf 87' lang='lat' dir='ltr'>Basso,</span> <span class='ocrx_word' id='word_1_110' title='bbox 865 1095 943 1146; x_wconf 91' lang='lat' dir='ltr'>qui</span> <span class='ocrx_word' id='word_1_111' title='bbox 985 1095 1066 1134; x_wconf 89' lang='lat' dir='ltr'>sub</span> <span class='ocrx_word' id='word_1_112' title='bbox 1105 1094 1280 1134; x_wconf 87' lang='lat' dir='ltr'>Nerone</span> <span class='ocrx_word' id='word_1_113' title='bbox 1316 1095 1359 1132; x_wconf 87' lang='lat' dir='ltr'>et</span> <span class='ocrx_word' id='word_1_114' title='bbox 1394 1090 1746 1144; x_wconf 85' lang='lat' dir='ltr'>Imperatoribus</span> 
     </span>
     <span class='ocr_line' id='line_1_15' title="bbox 279 1158 1749 1216; baseline -0.004 -12"><span class='ocrx_word' id='word_1_115' title='bbox 279 1163 563 1216; x_wconf 82' lang='lat' dir='ltr'>sequentibus</span> <span class='ocrx_word' id='word_1_116' title='bbox 583 1162 713 1210; x_wconf 77' lang='lat' dir='ltr'>vixit,</span> <span class='ocrx_word' id='word_1_117' title='bbox 737 1174 763 1201; x_wconf 89' lang='lat' dir='ltr'>a</span> <span class='ocrx_word' id='word_1_118' title='bbox 782 1159 1090 1200; x_wconf 80' lang='lat' dir='ltr'>Wernsdorfio</span> <span class='ocrx_word' id='word_1_119' title='bbox 1125 1159 1391 1211; x_wconf 82' lang='lat' dir='ltr'>assignatur.</span> <span class='ocrx_word' id='word_1_120' title='bbox 1455 1158 1619 1199; x_wconf 84' lang='lat' dir='ltr'>Forma</span> <span class='ocrx_word' id='word_1_121' title='bbox 1650 1158 1749 1212; x_wconf 87' lang='lat' dir='ltr'>qui-</span> 
     </span>
     <span class='ocr_line' id='line_1_16' title="bbox 280 1226 1746 1281; baseline -0.002 -10"><span class='ocrx_word' id='word_1_122' title='bbox 280 1230 377 1270; x_wconf 87' lang='lat' dir='ltr'>dem</span> <span class='ocrx_word' id='word_1_123' title='bbox 396 1231 567 1270; x_wconf 83' lang='grc'>1110111111</span> <span class='ocrx_word' id='word_1_124' title='bbox 585 1229 716 1281; x_wconf 89' lang='lat' dir='ltr'>plane</span> <span class='ocrx_word' id='word_1_125' title='bbox 747 1228 900 1267; x_wconf 87' lang='lat' dir='ltr'>eadem</span> <span class='ocrx_word' id='word_1_126' title='bbox 930 1230 996 1268; x_wconf 89' lang='lat' dir='ltr'>est</span> <span class='ocrx_word' id='word_1_127' title='bbox 1027 1240 1129 1267; x_wconf 89' lang='lat' dir='ltr'>cum</span> <span class='ocrx_word' id='word_1_128' title='bbox 1158 1240 1210 1266; x_wconf 91' lang='lat' dir='ltr'>eo</span> <span class='ocrx_word' id='word_1_129' title='bbox 1243 1239 1410 1278; x_wconf 81' lang='lat' dir='ltr'>genere,</span> <span class='ocrx_word' id='word_1_130' title='bbox 1433 1226 1487 1266; x_wconf 91' lang='lat' dir='ltr'>de</span> <span class='ocrx_word' id='word_1_131' title='bbox 1508 1239 1598 1279; x_wconf 92' lang='lat' dir='ltr'>quo</span> <span class='ocrx_word' id='word_1_132' title='bbox 1628 1238 1746 1268; x_wconf 87' lang='lat' dir='ltr'>nunc</span> 
     </span>
     <span class='ocr_line' id='line_1_17' title="bbox 281 1293 1750 1351; baseline -0.002 -13"><span class='ocrx_word' id='word_1_133' title='bbox 281 1298 532 1351; x_wconf 84' lang='lat' dir='ltr'>quaerimus,</span> <span class='ocrx_word' id='word_1_134' title='bbox 566 1296 643 1336; x_wconf 90' lang='lat' dir='ltr'>sed</span> <span class='ocrx_word' id='word_1_135' title='bbox 663 1295 802 1335; x_wconf 88' lang='lat' dir='ltr'>missa</span> <span class='ocrx_word' id='word_1_136' title='bbox 823 1298 926 1334; x_wconf 87' lang='lat' dir='ltr'>sunt</span> <span class='ocrx_word' id='word_1_137' title='bbox 956 1293 1013 1334; x_wconf 90' lang='lat' dir='ltr'>ad</span> <span class='ocrx_word' id='word_1_138' title='bbox 1042 1294 1144 1334; x_wconf 89' lang='lat' dir='ltr'>illos</span> <span class='ocrx_word' id='word_1_139' title='bbox 1166 1294 1300 1343; x_wconf 71' lang='lat' dir='ltr'>viros,</span> <span class='ocrx_word' id='word_1_140' title='bbox 1321 1306 1408 1334; x_wconf 89' lang='lat' dir='ltr'>non</span> <span class='ocrx_word' id='word_1_141' title='bbox 1431 1306 1578 1335; x_wconf 84' lang='lat' dir='ltr'>coram</span> <span class='ocrx_word' id='word_1_142' title='bbox 1596 1293 1682 1335; x_wconf 91' lang='lat' dir='ltr'>illis</span> <span class='ocrx_word' id='word_1_143' title='bbox 1703 1294 1750 1335; x_wconf 91' lang='grc'>111</span> 
     </span>
     <span class='ocr_line' id='line_1_18' title="bbox 281 1363 971 1417; baseline -0.007 -11"><span class='ocrx_word' id='word_1_144' title='bbox 281 1368 398 1406; x_wconf 84' lang='lat' dir='ltr'>coetu</span> <span class='ocrx_word' id='word_1_145' title='bbox 419 1365 566 1417; x_wconf 85' lang='lat' dir='ltr'>aliquo</span> <span class='ocrx_word' id='word_1_146' title='bbox 588 1363 754 1403; x_wconf 85' lang='lat' dir='ltr'>solenni</span> <span class='ocrx_word' id='word_1_147' title='bbox 774 1363 971 1403; x_wconf 80' lang='lat' dir='ltr'>recitata.</span> 
     </span>
    </p>

    <p class='ocr_par' dir='ltr' id='par_1_3' title="bbox 279 1430 1756 2762">
     <span class='ocr_line' id='line_1_19' title="bbox 342 1430 1752 1484; baseline -0.002 -12"><span class='ocrx_word' id='word_1_148' title='bbox 342 1432 430 1472; x_wconf 86' lang='lat' dir='ltr'>His</span> <span class='ocrx_word' id='word_1_149' title='bbox 450 1430 707 1484; x_wconf 72' lang='lat' dir='ltr'>praemissis,</span> <span class='ocrx_word' id='word_1_150' title='bbox 726 1430 933 1470; x_wconf 84' lang='lat' dir='ltr'>accedere</span> <span class='ocrx_word' id='word_1_151' title='bbox 951 1442 1191 1483; x_wconf 86' lang='lat' dir='ltr'>possumus</span> <span class='ocrx_word' id='word_1_152' title='bbox 1212 1430 1268 1470; x_wconf 88' lang='lat' dir='ltr'>ad</span> <span class='ocrx_word' id='word_1_153' title='bbox 1284 1430 1344 1480; x_wconf 88' lang='lat' dir='ltr'>id,</span> <span class='ocrx_word' id='word_1_154' title='bbox 1362 1430 1482 1484; x_wconf 90' lang='lat' dir='ltr'>quod</span> <span class='ocrx_word' id='word_1_155' title='bbox 1502 1431 1629 1470; x_wconf 86' lang='lat' dir='ltr'>nobis</span> <span class='ocrx_word' id='word_1_156' title='bbox 1649 1440 1752 1483; x_wconf 88' lang='lat' dir='ltr'>pro-</span> 
     </span>
     <span class='ocr_line' id='line_1_20' title="bbox 282 1496 1751 1553; baseline -0.002 -13"><span class='ocrx_word' id='word_1_157' title='bbox 282 1499 525 1553; x_wconf 83' lang='lat' dir='ltr'>posuimus,</span> <span class='ocrx_word' id='word_1_158' title='bbox 547 1502 677 1551; x_wconf 85' lang='lat' dir='ltr'>atque</span> <span class='ocrx_word' id='word_1_159' title='bbox 700 1498 943 1546; x_wconf 86' lang='lat' dir='ltr'>ostendere,</span> <span class='ocrx_word' id='word_1_160' title='bbox 966 1510 1093 1551; x_wconf 89' lang='lat' dir='ltr'>quem</span> <span class='ocrx_word' id='word_1_161' title='bbox 1112 1498 1259 1538; x_wconf 89' lang='lat' dir='ltr'>locum</span> <span class='ocrx_word' id='word_1_162' title='bbox 1283 1498 1394 1539; x_wconf 88' lang='lat' dir='ltr'>inter</span> <span class='ocrx_word' id='word_1_163' title='bbox 1426 1497 1584 1551; x_wconf 74' lang='lat' dir='ltr'>poetas</span> <span class='ocrx_word' id='word_1_164' title='bbox 1619 1496 1751 1538; x_wconf 88' lang='lat' dir='ltr'>Clau-</span> 
     </span>
     <span class='ocr_line' id='line_1_21' title="bbox 283 1565 1751 1619; baseline -0.001 -12"><span class='ocrx_word' id='word_1_165' title='bbox 283 1567 442 1607; x_wconf 84' lang='lat' dir='ltr'>dianus</span> <span class='ocrx_word' id='word_1_166' title='bbox 482 1566 693 1616; x_wconf 84' lang='lat' dir='ltr'>obtineat,</span> <span class='ocrx_word' id='word_1_167' title='bbox 733 1565 852 1619; x_wconf 91' lang='lat' dir='ltr'>quod</span> <span class='ocrx_word' id='word_1_168' title='bbox 891 1565 1109 1605; x_wconf 88' lang='lat' dir='ltr'>scribendi</span> <span class='ocrx_word' id='word_1_169' title='bbox 1150 1579 1285 1617; x_wconf 84' lang='lat' dir='ltr'>genus</span> <span class='ocrx_word' id='word_1_170' title='bbox 1323 1570 1498 1607; x_wconf 84' lang='lat' dir='ltr'>secutus</span> <span class='ocrx_word' id='word_1_171' title='bbox 1537 1566 1610 1616; x_wconf 81' lang='lat' dir='ltr'>sit,</span> <span class='ocrx_word' id='word_1_172' title='bbox 1651 1578 1751 1619; x_wconf 85' lang='lat' dir='ltr'>quae</span> 
     </span>
     <span class='ocr_line' id='line_1_22' title="bbox 282 1633 1751 1686; baseline -0.001 -12"><span class='ocrx_word' id='word_1_173' title='bbox 282 1633 440 1674; x_wconf 89' lang='lat' dir='ltr'>fuerint</span> <span class='ocrx_word' id='word_1_174' title='bbox 459 1635 639 1674; x_wconf 77' lang='lat' dir='ltr'>virtutes</span> <span class='ocrx_word' id='word_1_175' title='bbox 660 1633 772 1686; x_wconf 84' lang='lat' dir='ltr'>ejus,</span> <span class='ocrx_word' id='word_1_176' title='bbox 796 1647 894 1686; x_wconf 79' lang='lat' dir='ltr'>quae</span> <span class='ocrx_word' id='word_1_177' title='bbox 911 1633 1043 1684; x_wconf 84' lang='lat' dir='ltr'>vitia3</span> <span class='ocrx_word' id='word_1_178' title='bbox 1076 1633 1130 1673; x_wconf 89' lang='lat' dir='ltr'>de</span> <span class='ocrx_word' id='word_1_179' title='bbox 1162 1634 1229 1674; x_wconf 88' lang='lat' dir='ltr'>his</span> <span class='ocrx_word' id='word_1_180' title='bbox 1259 1635 1375 1674; x_wconf 88' lang='lat' dir='ltr'>enim</span> <span class='ocrx_word' id='word_1_181' title='bbox 1408 1634 1612 1674; x_wconf 86' lang='lat' dir='ltr'>omnibus</span> <span class='ocrx_word' id='word_1_182' title='bbox 1648 1645 1751 1673; x_wconf 88' lang='lat' dir='ltr'>nus-</span> 
     </span>
     <span class='ocr_line' id='line_1_23' title="bbox 283 1699 1752 1755; baseline -0.001 -14"><span class='ocrx_word' id='word_1_183' title='bbox 283 1714 432 1755; x_wconf 85' lang='lat' dir='ltr'>quam,</span> <span class='ocrx_word' id='word_1_184' title='bbox 471 1701 591 1754; x_wconf 89' lang='lat' dir='ltr'>quod</span> <span class='ocrx_word' id='word_1_185' title='bbox 632 1701 783 1750; x_wconf 88' lang='lat' dir='ltr'>sciam,</span> <span class='ocrx_word' id='word_1_186' title='bbox 825 1704 1026 1741; x_wconf 84' lang='lat' dir='ltr'>accurate</span> <span class='ocrx_word' id='word_1_187' title='bbox 1065 1701 1335 1754; x_wconf 81' lang='lat' dir='ltr'>disputatum</span> <span class='ocrx_word' id='word_1_188' title='bbox 1375 1705 1455 1742; x_wconf 83' lang='lat' dir='ltr'>est.</span> <span class='ocrx_word' id='word_1_189' title='bbox 1535 1699 1598 1741; x_wconf 83' lang='lat' dir='ltr'>Ut</span> <span class='ocrx_word' id='word_1_190' title='bbox 1634 1702 1752 1741; x_wconf 84' lang='lat' dir='ltr'>recte</span> 
     </span>
     <span class='ocr_line' id='line_1_24' title="bbox 283 1766 1753 1822; baseline -0.001 -13"><span class='ocrx_word' id='word_1_191' title='bbox 283 1772 428 1810; x_wconf 88' lang='lat' dir='ltr'>autem</span> <span class='ocrx_word' id='word_1_192' title='bbox 460 1768 513 1808; x_wconf 90' lang='lat' dir='ltr'>de</span> <span class='ocrx_word' id='word_1_193' title='bbox 544 1766 676 1821; x_wconf 80' lang='lat' dir='ltr'>po&#39;e&#39;ta</span> <span class='ocrx_word' id='word_1_194' title='bbox 702 1772 850 1809; x_wconf 88' lang='lat' dir='ltr'>nostro</span> <span class='ocrx_word' id='word_1_195' title='bbox 881 1773 925 1809; x_wconf 89' lang='lat' dir='ltr'>et</span> <span class='ocrx_word' id='word_1_196' title='bbox 955 1768 1008 1808; x_wconf 88' lang='lat' dir='ltr'>dc</span> <span class='ocrx_word' id='word_1_197' title='bbox 1030 1769 1123 1822; x_wconf 85' lang='lat' dir='ltr'>ejus</span> <span class='ocrx_word' id='word_1_198' title='bbox 1145 1768 1353 1810; x_wconf 79' lang='lat' dir='ltr'>facultate</span> <span class='ocrx_word' id='word_1_199' title='bbox 1373 1768 1553 1822; x_wconf 76' lang='lat' dir='ltr'>poetica</span> <span class='ocrx_word' id='word_1_200' title='bbox 1580 1766 1753 1821; x_wconf 80' lang='lat' dir='ltr'>judice-</span> 
     </span>
     <span class='ocr_line' id='line_1_25' title="bbox 281 1836 1750 1891; baseline 0.001 -15"><span class='ocrx_word' id='word_1_201' title='bbox 281 1849 394 1885; x_wconf 88' lang='lat' dir='ltr'>mus,</span> <span class='ocrx_word' id='word_1_202' title='bbox 415 1849 594 1876; x_wconf 80' lang='lat' dir='ltr'>necessc</span> <span class='ocrx_word' id='word_1_203' title='bbox 616 1840 698 1885; x_wconf 87' lang='lat' dir='ltr'>est,</span> <span class='ocrx_word' id='word_1_204' title='bbox 730 1839 778 1876; x_wconf 92' lang='lat' dir='ltr'>ut</span> <span class='ocrx_word' id='word_1_205' title='bbox 809 1836 1093 1886; x_wconf 85' lang='lat' dir='ltr'>carminibus,</span> <span class='ocrx_word' id='word_1_206' title='bbox 1115 1850 1217 1891; x_wconf 76' lang='lat' dir='ltr'>quae</span> <span class='ocrx_word' id='word_1_207' title='bbox 1248 1837 1302 1877; x_wconf 86' lang='lat' dir='ltr'>ad</span> <span class='ocrx_word' id='word_1_208' title='bbox 1335 1850 1412 1877; x_wconf 87' lang='lat' dir='ltr'>nos</span> <span class='ocrx_word' id='word_1_209' title='bbox 1442 1839 1750 1888; x_wconf 76' lang='lat' dir='ltr'>pervenerunt,</span> 
     </span>
     <span class='ocr_line' id='line_1_26' title="bbox 282 1902 1752 1957; baseline 0.001 -15"><span class='ocrx_word' id='word_1_210' title='bbox 282 1903 328 1942; x_wconf 92' lang='lat' dir='ltr'>in</span> <span class='ocrx_word' id='word_1_211' title='bbox 367 1916 448 1944; x_wconf 89' lang='lat' dir='ltr'>sua</span> <span class='ocrx_word' id='word_1_212' title='bbox 492 1916 648 1955; x_wconf 79' lang='lat' dir='ltr'>genera</span> <span class='ocrx_word' id='word_1_213' title='bbox 698 1903 949 1956; x_wconf 86' lang='lat' dir='ltr'>descriptis,</span> <span class='ocrx_word' id='word_1_214' title='bbox 997 1904 1362 1956; x_wconf 77' lang='lat' dir='ltr'>quemadmodum</span> <span class='ocrx_word' id='word_1_215' title='bbox 1407 1902 1752 1957; x_wconf 84' lang='lat' dir='ltr'>unumquodque</span> 
     </span>
     <span class='ocr_line' id='line_1_27' title="bbox 282 1971 1751 2024; baseline -0.001 -13"><span class='ocrx_word' id='word_1_216' title='bbox 282 1973 518 2011; x_wconf 82' lang='lat' dir='ltr'>tractatum</span> <span class='ocrx_word' id='word_1_217' title='bbox 541 1972 612 2019; x_wconf 84' lang='lat' dir='ltr'>sit,</span> <span class='ocrx_word' id='word_1_218' title='bbox 635 1971 828 2024; x_wconf 85' lang='lat' dir='ltr'>quidque</span> <span class='ocrx_word' id='word_1_219' title='bbox 863 1972 908 2010; x_wconf 92' lang='lat' dir='ltr'>in</span> <span class='ocrx_word' id='word_1_220' title='bbox 942 1972 1126 2023; x_wconf 75' lang='lat' dir='ltr'>singulis</span> <span class='ocrx_word' id='word_1_221' title='bbox 1155 1971 1418 2024; x_wconf 79' lang='lat' dir='ltr'>praestitum,</span> <span class='ocrx_word' id='word_1_222' title='bbox 1442 1971 1751 2023; x_wconf 69' lang='lat' dir='ltr'>dispiciamus.</span> 
     </span>
     <span class='ocr_line' id='line_1_28' title="bbox 283 2035 1754 2091; baseline -0.001 -14"><span class='ocrx_word' id='word_1_223' title='bbox 283 2036 471 2090; x_wconf 79' lang='lat' dir='ltr'>Scripsit</span> <span class='ocrx_word' id='word_1_224' title='bbox 492 2042 638 2077; x_wconf 81' lang='lat' dir='ltr'>autem</span> <span class='ocrx_word' id='word_1_225' title='bbox 660 2043 702 2077; x_wconf 89' lang='lat' dir='ltr'>et</span> <span class='ocrx_word' id='word_1_226' title='bbox 732 2039 936 2078; x_wconf 81' lang='lat' dir='ltr'>recitavit</span> <span class='ocrx_word' id='word_1_227' title='bbox 956 2040 1141 2091; x_wconf 80' lang='lat' dir='ltr'>primurn</span> <span class='ocrx_word' id='word_1_228' title='bbox 1177 2041 1371 2079; x_wconf 85' lang='lat' dir='ltr'>carmina</span> <span class='ocrx_word' id='word_1_229' title='bbox 1406 2038 1677 2091; x_wconf 80' lang='lat' dir='ltr'>panegyrica</span> <span class='ocrx_word' id='word_1_230' title='bbox 1707 2035 1754 2076; x_wconf 88' lang='lat' dir='ltr'>in</span> 
     </span>
     <span class='ocr_line' id='line_1_29' title="bbox 283 2102 1754 2159; baseline 0 -16"><span class='ocrx_word' id='word_1_231' title='bbox 283 2102 533 2143; x_wconf 66' lang='lat' dir='ltr'>consulatum</span> <span class='ocrx_word' id='word_1_232' title='bbox 558 2103 736 2143; x_wconf 79' lang='lat' dir='ltr'>Probini</span> <span class='ocrx_word' id='word_1_233' title='bbox 759 2112 881 2157; x_wconf 76' lang='lat' dir='ltr'>atque</span> <span class='ocrx_word' id='word_1_234' title='bbox 907 2103 1088 2159; x_wconf 65' lang='lat' dir='ltr'>Olybrii,</span> <span class='ocrx_word' id='word_1_235' title='bbox 1111 2106 1154 2145; x_wconf 89' lang='lat' dir='ltr'>in</span> <span class='ocrx_word' id='word_1_236' title='bbox 1185 2104 1437 2144; x_wconf 79' lang='lat' dir='ltr'>consulatum</span> <span class='ocrx_word' id='word_1_237' title='bbox 1475 2102 1655 2142; x_wconf 74' lang='lat' dir='ltr'>Honorii</span> <span class='ocrx_word' id='word_1_238' title='bbox 1675 2109 1754 2143; x_wconf 75' lang='lat' dir='ltr'>ter-</span> 
     </span>
     <span class='ocr_line' id='line_1_30' title="bbox 285 2168 1752 2223; baseline 0.001 -15"><span class='ocrx_word' id='word_1_239' title='bbox 285 2169 401 2219; x_wconf 73' lang='lat' dir='ltr'>tium,</span> <span class='ocrx_word' id='word_1_240' title='bbox 418 2176 625 2223; x_wconf 73' lang='lat' dir='ltr'>quartum,</span> <span class='ocrx_word' id='word_1_241' title='bbox 648 2176 686 2208; x_wconf 78' lang='lat' dir='ltr'>et</span> <span class='ocrx_word' id='word_1_242' title='bbox 708 2172 932 2217; x_wconf 79' lang='lat' dir='ltr'>se.1t1cm,in</span> <span class='ocrx_word' id='word_1_243' title='bbox 953 2170 1205 2209; x_wconf 69' lang='lat' dir='ltr'>consulatum</span> <span class='ocrx_word' id='word_1_244' title='bbox 1231 2168 1293 2208; x_wconf 83' lang='lat' dir='ltr'>Fl.</span> <span class='ocrx_word' id='word_1_245' title='bbox 1311 2169 1456 2209; x_wconf 67' lang='lat' dir='ltr'>Mallia·</span> <span class='ocrx_word' id='word_1_246' title='bbox 1474 2168 1687 2220; x_wconf 75' lang='lat' dir='ltr'>Theodori,</span> <span class='ocrx_word' id='word_1_247' title='bbox 1706 2170 1752 2210; x_wconf 87' lang='lat' dir='ltr'>in</span> 
     </span>
     <span class='ocr_line' id='line_1_31' title="bbox 283 2234 1753 2291; baseline 0.002 -15"><span class='ocrx_word' id='word_1_248' title='bbox 283 2235 533 2276; x_wconf 65' lang='lat' dir='ltr'>con-§ulamma</span> <span class='ocrx_word' id='word_1_249' title='bbox 559 2234 805 2284; x_wconf 57' lang='lat' dir='ltr'>,stila-honis,</span> <span class='ocrx_word' id='word_1_250' title='bbox 833 2236 904 2275; x_wconf 90' lang='lat' dir='ltr'>cui</span> <span class='ocrx_word' id='word_1_251' title='bbox 928 2237 1013 2275; x_wconf 85' lang='lat' dir='ltr'>tria</span> <span class='ocrx_word' id='word_1_252' title='bbox 1033 2237 1225 2276; x_wconf 89' lang='lat' dir='ltr'>carmina</span> <span class='ocrx_word' id='word_1_253' title='bbox 1244 2237 1470 2290; x_wconf 86' lang='lat' dir='ltr'>impendit,</span> <span class='ocrx_word' id='word_1_254' title='bbox 1501 2251 1600 2291; x_wconf 80' lang='lat' dir='ltr'>quae</span> <span class='ocrx_word' id='word_1_255' title='bbox 1624 2238 1753 2291; x_wconf 87' lang='lat' dir='ltr'>quasi</span> 
     </span>
     <span class='ocr_line' id='line_1_32' title="bbox 284 2303 1753 2357; baseline 0.001 -13"><span class='ocrx_word' id='word_1_256' title='bbox 284 2317 419 2344; x_wconf 90' lang='lat' dir='ltr'>unum</span> <span class='ocrx_word' id='word_1_257' title='bbox 440 2305 720 2344; x_wconf 85' lang='lat' dir='ltr'>constituunt.</span> <span class='ocrx_word' id='word_1_258' title='bbox 782 2303 870 2342; x_wconf 90' lang='lat' dir='ltr'>His</span> <span class='ocrx_word' id='word_1_259' title='bbox 906 2305 1181 2343; x_wconf 86' lang='lat' dir='ltr'>annumerari</span> <span class='ocrx_word' id='word_1_260' title='bbox 1214 2308 1357 2357; x_wconf 85' lang='lat' dir='ltr'>potest</span> <span class='ocrx_word' id='word_1_261' title='bbox 1389 2318 1564 2345; x_wconf 86' lang='lat' dir='ltr'>carmen</span> <span class='ocrx_word' id='word_1_262' title='bbox 1587 2303 1753 2346; x_wconf 75' lang='lat' dir='ltr'>Laudes</span> 
     </span>
     <span class='ocr_line' id='line_1_33' title="bbox 289 2369 1751 2424; baseline 0.005 -17"><span class='ocrx_word' id='word_1_263' title='bbox 289 2369 447 2411; x_wconf 77' lang='lat' dir='ltr'>Seren&#39;oe</span> <span class='ocrx_word' id='word_1_264' title='bbox 476 2372 719 2411; x_wconf 80' lang='lat' dir='ltr'>continens.</span> <span class='ocrx_word' id='word_1_265' title='bbox 782 2371 986 2424; x_wconf 84' lang='lat' dir='ltr'>Sequitur</span> <span class='ocrx_word' id='word_1_266' title='bbox 1018 2371 1195 2412; x_wconf 89' lang='lat' dir='ltr'>alterum</span> <span class='ocrx_word' id='word_1_267' title='bbox 1222 2384 1359 2424; x_wconf 83' lang='lat' dir='ltr'>genus</span> <span class='ocrx_word' id='word_1_268' title='bbox 1394 2374 1648 2423; x_wconf 84' lang='lat' dir='ltr'>carminum,</span> <span class='ocrx_word' id='word_1_269' title='bbox 1667 2387 1751 2414; x_wconf 87' lang='lat' dir='ltr'>non</span> 
     </span>
     <span class='ocr_line' id='line_1_34' title="bbox 285 2439 1753 2495; baseline 0.002 -15"><span class='ocrx_word' id='word_1_270' title='bbox 285 2443 376 2480; x_wconf 83' lang='lat' dir='ltr'>tam</span> <span class='ocrx_word' id='word_1_271' title='bbox 397 2439 536 2479; x_wconf 86' lang='lat' dir='ltr'>forma</span> <span class='ocrx_word' id='word_1_272' title='bbox 557 2453 687 2492; x_wconf 87' lang='lat' dir='ltr'>quam</span> <span class='ocrx_word' id='word_1_273' title='bbox 713 2440 896 2479; x_wconf 86' lang='lat' dir='ltr'>materia</span> <span class='ocrx_word' id='word_1_274' title='bbox 928 2452 955 2479; x_wconf 90' lang='lat' dir='ltr'>a</span> <span class='ocrx_word' id='word_1_275' title='bbox 986 2440 1119 2492; x_wconf 87' lang='lat' dir='ltr'>priori</span> <span class='ocrx_word' id='word_1_276' title='bbox 1151 2439 1387 2490; x_wconf 82' lang='lat' dir='ltr'>diversum,</span> <span class='ocrx_word' id='word_1_277' title='bbox 1423 2442 1466 2481; x_wconf 88' lang='lat' dir='ltr'>in</span> <span class='ocrx_word' id='word_1_278' title='bbox 1498 2455 1588 2494; x_wconf 90' lang='lat' dir='ltr'>quo</span> <span class='ocrx_word' id='word_1_279' title='bbox 1621 2442 1753 2495; x_wconf 69' lang='lat' dir='ltr'>poeta</span> 
     </span>
     <span class='ocr_line' id='line_1_35' title="bbox 286 2507 1752 2560; baseline 0.003 -13"><span class='ocrx_word' id='word_1_280' title='bbox 286 2507 491 2555; x_wconf 86' lang='lat' dir='ltr'>ostendit,</span> <span class='ocrx_word' id='word_1_281' title='bbox 514 2513 705 2560; x_wconf 85' lang='lat' dir='ltr'>quantus</span> <span class='ocrx_word' id='word_1_282' title='bbox 738 2508 782 2546; x_wconf 93' lang='lat' dir='ltr'>in</span> <span class='ocrx_word' id='word_1_283' title='bbox 822 2507 1110 2560; x_wconf 79' lang='lat' dir='ltr'>vituperando</span> <span class='ocrx_word' id='word_1_284' title='bbox 1141 2511 1271 2548; x_wconf 84' lang='lat' dir='ltr'>esset.</span> <span class='ocrx_word' id='word_1_285' title='bbox 1332 2508 1442 2549; x_wconf 86' lang='lat' dir='ltr'>Sunt</span> <span class='ocrx_word' id='word_1_286' title='bbox 1475 2514 1621 2550; x_wconf 86' lang='lat' dir='ltr'>autem</span> <span class='ocrx_word' id='word_1_287' title='bbox 1658 2523 1752 2551; x_wconf 84' lang='lat' dir='ltr'>car-</span> 
     </span>
     <span class='ocr_line' id='line_1_36' title="bbox 285 2573 1752 2628; baseline 0.003 -16"><span class='ocrx_word' id='word_1_288' title='bbox 285 2573 405 2613; x_wconf 83' lang='lat' dir='ltr'>mina</span> <span class='ocrx_word' id='word_1_289' title='bbox 426 2588 547 2612; x_wconf 77' lang='lat' dir='ltr'>wmm</span> <span class='ocrx_word' id='word_1_290' title='bbox 572 2581 607 2612; x_wconf 77' lang='lat' dir='ltr'>et</span> <span class='ocrx_word' id='word_1_291' title='bbox 633 2574 806 2613; x_wconf 72' lang='lat' dir='ltr'>alterum</span> <span class='ocrx_word' id='word_1_292' title='bbox 830 2574 869 2612; x_wconf 76' lang='lat' dir='ltr'>in</span> <span class='ocrx_word' id='word_1_293' title='bbox 896 2573 1111 2628; x_wconf 54' lang='lat' dir='ltr'>Rufinum,</span> <span class='ocrx_word' id='word_1_294' title='bbox 1133 2589 1256 2614; x_wconf 44' lang='lat' dir='ltr'>&#39;unum</span> <span class='ocrx_word' id='word_1_295' title='bbox 1277 2582 1313 2615; x_wconf 80' lang='lat' dir='ltr'>et</span> <span class='ocrx_word' id='word_1_296' title='bbox 1336 2575 1510 2615; x_wconf 75' lang='lat' dir='ltr'>ulcerum</span> <span class='ocrx_word' id='word_1_297' title='bbox 1534 2577 1575 2616; x_wconf 78' lang='lat' dir='ltr'>in</span> <span class='ocrx_word' id='word_1_298' title='bbox 1596 2575 1752 2616; x_wconf 74' lang='lat' dir='ltr'>Eutro-</span> 
     </span>
     <span class='ocr_line' id='line_1_37' title="bbox 279 2639 1750 2698; baseline 0.005 -19"><span class='ocrx_word' id='word_1_299' title='bbox 279 2639 415 2693; x_wconf 79' lang='lat' dir='ltr'>pium.</span> <span class='ocrx_word' id='word_1_300' title='bbox 456 2641 587 2691; x_wconf 75' lang='lat' dir='ltr'>Hlud,</span> <span class='ocrx_word' id='word_1_301' title='bbox 609 2642 725 2694; x_wconf 89' lang='lat' dir='ltr'>quod</span> <span class='ocrx_word' id='word_1_302' title='bbox 745 2643 870 2682; x_wconf 86' lang='lat' dir='ltr'>tertio</span> <span class='ocrx_word' id='word_1_303' title='bbox 890 2643 987 2683; x_wconf 91' lang='lat' dir='ltr'>loco</span> <span class='ocrx_word' id='word_1_304' title='bbox 1005 2645 1223 2695; x_wconf 85' lang='lat' dir='ltr'>ponimus,</span> <span class='ocrx_word' id='word_1_305' title='bbox 1255 2645 1310 2684; x_wconf 89' lang='lat' dir='ltr'>ab</span> <span class='ocrx_word' id='word_1_306' title='bbox 1341 2644 1414 2694; x_wconf 83' lang='lat' dir='ltr'>iis,</span> <span class='ocrx_word' id='word_1_307' title='bbox 1445 2658 1546 2698; x_wconf 81' lang='lat' dir='ltr'>quae</span> <span class='ocrx_word' id='word_1_308' title='bbox 1581 2658 1750 2698; x_wconf 83' lang='lat' dir='ltr'>praece-</span> 
     </span>
     <span class='ocr_line' id='line_1_38' title="bbox 288 2706 1756 2762; baseline 0.004 -15"><span class='ocrx_word' id='word_1_309' title='bbox 288 2706 412 2756; x_wconf 85' lang='lat' dir='ltr'>dunt,</span> <span class='ocrx_word' id='word_1_310' title='bbox 452 2708 738 2762; x_wconf 86' lang='lat' dir='ltr'>disjunctum,</span> <span class='ocrx_word' id='word_1_311' title='bbox 777 2710 1085 2762; x_wconf 82' lang='lat' dir='ltr'>complectitur</span> <span class='ocrx_word' id='word_1_312' title='bbox 1118 2710 1206 2751; x_wconf 90' lang='lat' dir='ltr'>duo</span> <span class='ocrx_word' id='word_1_313' title='bbox 1243 2712 1452 2762; x_wconf 83' lang='lat' dir='ltr'>carmina,</span> <span class='ocrx_word' id='word_1_314' title='bbox 1488 2712 1671 2754; x_wconf 89' lang='lat' dir='ltr'>alterum</span> <span class='ocrx_word' id='word_1_315' title='bbox 1701 2712 1756 2753; x_wconf 69' lang='lat' dir='ltr'>de‘</span> 
     </span>
    </p>
   </div>
  </div>
 </body>
</html>
