1852 3193
187 197 274 239 422
642 206 718 237 cu.
752 201 1033 235 cuAtJmANl
1066 201 1191 231 xvir.

190 305 354 354 Lictor,
376 307 419 345 et
439 304 481 345 in
501 302 657 344 mediis
683 298 848 340 Consul
871 297 1086 350 quaesitus
1109 297 1282 337 aratris.

189 373 256 414 Te
281 384 455 426 quoque
475 370 659 411 Naturae
682 366 822 407 sacris
842 364 1086 418 mundique
1107 367 1355 412 vacantem,
1607 363 1655 402 10

191 440 431 481 Emeritum
454 437 641 492 pridem,
664 434 978 487 desudatisque
998 441 1212 473 remotum

190 506 219 548 J
224 507 400 555 udiciis,
424 504 580 545 eadem
600 515 749 543 rursus
772 502 1011 555 complexa
1032 503 1228 553 potestas

194 574 365 622 Evehit,
386 577 430 613 et
451 572 651 613 reducem
671 570 792 611 notis
812 569 996 622 imponit
1013 566 1215 607 habenis.

192 641 432 682 Accedunt
452 641 627 681 trabeae.
689 637 768 678 Nil
782 638 890 692 jam,
913 633 1157 683 Theodore,
1181 632 1394 682 relictum,

194 707 296 758 Quo
317 709 453 748 virtus
475 707 621 747 animo
644 708 827 754 crescat,
848 703 918 743 vel
941 701 1145 756 splendor
1166 700 1341 741 honore.

195 775 376 816 Culmen
396 778 627 827 utrumque
650 776 782 813 tenes.
843 770 997 810 Talem
1019 775 1059 808 te
1080 768 1278 821 protinus
1300 767 1404 809 anni

196 842 464 883 Formavere
486 841 630 891 rudes,
648 845 692 880 et
712 839 890 892 dignum
910 837 1006 878 vita
1027 835 1168 876 curuli

1606 697 1661 738 15

193 962 252 1000 vie,
266 965 296 992 et
316 962 429 991 Consul
445 960 612 990 accersitus
627 959 665 989 ub
681 960 789 988 aratro
806 956 888 996 ipso:
919 965 1059 995 purpura
1074 956 1180 985 eadem
1195 955 1309 984 iterum
1324 954 1452 993 cingens
1479 957 1514 984 te
1541 952 1667 984 extollit

195 1004 302 1040 etiam,
318 1007 348 1033 et
364 1003 464 1032 tradit
476 1005 507 1032 te
521 1002 699 1031 redeuntem
715 999 838 1037 cognito
853 998 1003 1036 regimini
1018 1008 1030 1034 ‚·
1065 1001 1099 1027 te
1115 999 1295 1035 occupatum
1312 996 1344 1026 in
1361 996 1484 1026 arcanis
1498 999 1619 1026 naturae
1635 998 1667 1026 et

195 1046 324 1083 Mundi,
339 1044 517 1082 defunctum
530 1044 639 1084 officiis
656 1042 857 1080 jamdudum,
870 1043 900 1070 et
916 1041 1108 1070 recedentem
1125 1049 1144 1069 a
1162 1038 1273 1077 Curia,
1290 1039 1322 1068 iu
1336 1047 1397 1078 qua
1410 1038 1550 1068 sudasti:
1572 1037 1669 1068 restis

198 1087 393 1118 Consularis
409 1087 557 1125 adjicitur
574 1084 648 1115 tibi.
695 1084 788 1114 Nihil
805 1083 887 1121 jam,
913 1092 932 1112 o
960 1081 1126 1120 Theodore,
1143 1082 1238 1119 deest,
1265 1090 1321 1120 quo
1346 1080 1443 1110 virtus
1467 1083 1619 1118 augeatur
1635 1080 1669 1110 in

197 1130 299 1160 animo
316 1133 385 1167 tuo,
397 1132 450 1159 aut
461 1128 561 1167 gloria
575 1133 633 1158 tua
645 1125 894 1165 magistratibus.
920 1124 950 1155 O
965 1124 1155 1162 Theodore,
1168 1123 1308 1162 attigisti
1313 1123 1486 1161 fastigium
1498 1122 1669 1162 utriusque,

199 1172 336 1202 virtutis
365 1176 400 1202 et
428 1171 568 1211 gloriae:
602 1173 679 1201 oetas
703 1173 809 1200 tenera
833 1168 905 1198 tulit
930 1170 960 1198 te
984 1167 1094 1197 statim
1122 1167 1237 1204 talem;
1274 1169 1303 1196 et
1326 1166 1390 1196 vitu
1407 1170 1467 1196 tua
1482 1165 1602 1196 institit
1617 1164 1671 1195 via

816 1256 1051 1269 eeeeeeeeeeee

200 1329 251 1359 pr.
274 1318 374 1357 ajure
391 1318 518 1349 Moret.
536 1327 603 1349 sec.
626 1327 702 1358 rupe
716 1316 799 1347 Var.
820 1316 887 1348 LL.
905 1315 959 1345 ed.
979 1314 1082 1345 Antv.
1107 1311 1257 1353 quaesitus
1276 1310 1391 1341 Consul
1403 1308 1484 1339 Vat.
1502 1317 1554 1348 pr.
1570 1306 1665 1338 Med.

204 1366 282 1392 tert.
300 1363 386 1401 Reg.
401 1362 529 1392 Thnan.
546 1360 644 1391 Leid.
661 1370 711 1400 pr.
740 1359 853 1390 Oxou.
880 1368 932 1399 pr.
949 1359 1029 1388 Var.
1046 1356 1158 1387 Livin.
1183 1355 1250 1385 inc.
1275 1353 1396 1384 Heins.
1420 1352 1503 1382 Exc.
1526 1351 1672 1381 Luceus.

201 1414 269 1435 sec.
312 1405 426 1434 Consul
441 1404 588 1443 quaesitus
603 1407 747 1444 quatuor
761 1403 858 1433 Vatt.
876 1401 952 1432 Pal.
970 1401 1071 1431 Farn.
1089 1398 1184 1429 Pric.
1204 1398 1302 1428 Rott.
1321 1395 1425 1426 Oisel.
1466 1393 1570 1424 arenis
1585 1393 1671 1423 Exc.

202 1448 389 1478 Voss—10
412 1447 508 1477 sacris
524 1446 577 1476 vel
593 1446 687 1476 certis
704 1445 784 1476 Vat.
800 1446 999 1485 qua1·t.—ll
1024 1442 1077 1473 hic
1105 1450 1223 1471 versus
1249 1440 1281 1470 in
1308 1439 1433 1469 Petav.
1455 1446 1506 1477 pr.
1531 1435 1675 1475 margini

201 1489 370 1529 ascriptus
387 1494 473 1520 erat.
502 1489 614 1529 primis
630 1497 691 1528 pro
706 1487 827 1527 pridem
841 1487 920 1517 Vat.
937 1486 1045 1527 quint.
1068 1482 1294 1523 dissudatisque
1311 1481 1391 1511 Var.
1409 1480 1477 1510 LL.
1496 1479 1550 1509 ed.
1569 1476 1675 1508 Autv.

202 1532 418 1572 desudatisque
433 1532 486 1562 vel
505 1531 723 1570 debellatisque
741 1530 854 1561 Oxou.
872 1539 941 1560 sec.
966 1528 1095 1558 removit
1113 1527 1294 1557 Rott.—12
1317 1522 1457 1554 Judicz'is
1471 1521 1552 1552 Vat.
1565 1519 1676 1551 Liviu.

204 1574 336 1605 Iudiciis
352 1573 545 1605 Rott.A1d.
571 1574 682 1604 Coliu.
708 1572 795 1604 Exc.
823 1572 909 1604 Cod.
938 1571 1058 1602 Rhem.
1102 1578 1209 1600 rursus
1235 1576 1351 1598 onmes
1372 1566 1470 1596 Vatt.
1488 1564 1563 1594 Pal.
1580 1563 1676 1594 Prie.

205 1618 301 1647 Rott.
346 1626 469 1647 rursum
493 1616 588 1647 Leid.
610 1626 662 1656 pr.
688 1620 724 1646 et
742 1615 900 1646 undecim
918 1614 987 1653 alii,
1003 1614 1086 1644 Exc.
1103 1613 1246 1642 Lucens.
1263 1611 1415 1640 see—13
1442 1606 1563 1637 Evehat
1590 1606 1677 1636 Exc-

203 1658 305 1689 Voss.
329 1669 365 1689 ac
379 1660 520 1689 reducem
537 1658 619 1688 Vat.
636 1657 747 1697 quint.
777 1657 858 1687 votis
875 1656 982 1687 Oisel.
1016 1655 1147 1694 impellit
1162 1654 1244 1683 Var.
1260 1653 1329 1682 LL.
1346 1650 1401 1681 ed.
1416 1650 1519 1680 Antv.
1554 1647 1679 1677 harenis

204 1701 426 1732 Tholos.—-l5
454 1700 543 1735 Quod
560 1699 681 1730 Ambr.
699 1708 751 1739 pr.
787 1699 826 1729 In
842 1708 900 1738 quo
913 1698 1014 1728 auimo
1030 1697 1138 1727 Virtus
1154 1695 1219 1725 dno
1237 1694 1336 1724 Vatt.
1369 1693 1403 1722 in
1419 1701 1470 1722 ore
1487 1700 1548 1730 pro
1564 1690 1677 1720 honore

206 1744 388 1784 Prie-16
408 1744 570 1783 proximus
583 1742 658 1773 anni
681 1741 778 1773 Leid.
797 1743 936 1782 piu—17
962 1740 1148 1771 formavere
1172 1737 1227 1768 vel
1257 1736 1436 1767 Firmavere
1459 1734 1546 1774 Reg.
1564 1732 1677 1763 Oxou.

870 1829 1011 1861 NOTAE

1842 231 1845 233 .
1840 208 1843 214 ⁴
1834 127 1845 200 manau

249 1908 270 1936 9
295 1905 425 1945 Consul]
455 1903 613 1936 Quintius
631 1902 855 1935 Cincinnatus
872 1901 915 1932 ab

209 1962 323 1988 aratro
347 1955 391 1987 ad
414 1955 631 1986 Dictaturam
648 1953 833 1985 accersitus
850 1956 915 1984 est.

209 2008 306 2040 Idem
326 2007 369 2038 de
391 2007 558 2038 Serrano:
595 2005 731 2046 quidam
747 2013 823 2035 eum
839 2013 916 2034 cum

209 2058 412 2089 Cincinnato
433 2056 659 2089 confundunt.

254 2112 294 2139 10
322 2108 506 2147 Vacantem]
537 2107 738 2138 Theodorus
755 2109 830 2137 erat
844 2115 918 2136 ver-

210 2162 303 2190 satus
326 2158 360 2188 in
377 2157 610 2196 Philosophia,
626 2156 839 2196 Geometria,
855 2155 919 2186 As-

211 2207 382 2248 trologia;
414 2206 474 2236 sed
500 2207 534 2236 in
560 2206 660 2236 rebus
685 2206 842 2245 gerendis
861 2206 920 2237 mi-

210 2270 273 2291 nus
290 2258 379 2290 forte
396 2256 463 2288 fuit
479 2255 562 2287 felix
577 2267 583 2286 :
610 2256 698 2286 unde
713 2256 920 2286 Claudianus

212 2310 317 2351 paulo
333 2312 413 2349 post
437 2307 469 2337 iu
498 2316 574 2337 enm
592 2306 728 2346 scripsit
743 2305 921 2345 Epigram-

212 2370 278 2400 ma,
295 2364 332 2391 et
346 2359 381 2390 S.
398 2357 613 2398 Augustinus
632 2355 726 2386 dolet
742 2365 778 2386 se
806 2355 849 2385 ad
872 2355 920 2395 ip-

212 2420 298 2451 sum,
325 2409 449 2440 librum
477 2407 667 2447 scripsisse,
696 2410 732 2437 et
767 2406 921 2447 quamvis

215 2461 318 2493 docto
345 2471 384 2492 ac
408 2459 603 2492 Christiano
618 2458 702 2499 viro,
726 2457 801 2498 plus
817 2455 921 2488 tribu-

214 2513 294 2553 isse,
309 2521 409 2553 quam
427 2509 613 2541 debuisset.

260 2567 299 2596 11
334 2561 526 2602 Emeritum]
571 2559 782 2592 Defunctum
807 2557 924 2590 officiis

216 2616 359 2656 militiae,
374 2620 410 2646 et
427 2618 580 2653 armatae,
597 2616 634 2643 et
649 2615 785 2652 togatae.

261 2665 447 2705 Desudatis]
493 2665 675 2695 Remotum
702 2672 721 2693 a
746 2660 834 2700 foro,
851 2663 886 2691 et
906 2669 926 2689 a

214 2717 355 2757 judiciis
379 2714 541 2757 ferendis,
565 2714 600 2745 in
627 2712 749 2755 quibus
781 2711 926 2743 multum

213 2768 407 2801 <desudasti-

1015 1901 1055 1930 12
1082 1896 1241 1937 Potestas]
1285 1896 1384 1927 Idem
1407 1894 1631 1936 Magistratus
1645 1896 1680 1925 te

971 1962 1031 1983 sua
1047 1960 1200 1992 purpura
1216 1947 1471 1989 complectitur.

1016 2005 1055 2033 13
1082 1999 1252 2040 Reducem]
1296 1999 1513 2031 Redeuntem
1543 2006 1586 2028 ex
1613 1996 1680 2027 alio

973 2052 1052 2083 vitae
1070 2050 1249 2089 institut03
1284 2059 1328 2080 ex
1355 2057 1491 2080 recessu
1516 2046 1559 2079 ad
1581 2046 1683 2078 Sena-

973 2108 1057 2135 tum.

1017 2152 1174 2192 Hubenis]
1197 2151 1359 2182 Potestas
1372 2148 1435 2180 tibi
1450 2147 1600 2178 habenas
1614 2150 1682 2178 tra-

976 2203 1038 2243 dit,
1054 2204 1119 2234 hoc
1137 2206 1203 2241 est,
1219 2201 1370 2242 regimen
1395 2209 1454 2230 seu
1471 2197 1683 2229 administra·

975 2254 1104 2286 tionem
1122 2252 1330 2293 reipublicae.

1019 2307 1060 2335 16
1087 2302 1209 2342 Talem]
1253 2302 1342 2333 Talis
1359 2309 1435 2331 eras
1451 2299 1506 2330 vel
1533 2308 1552 2329 a
1576 2297 1684 2338 prima

977 2354 1140 2396 pueritia,
1164 2354 1226 2384 hoc
1254 2356 1308 2384 est
1336 2352 1453 2392 plenus
1476 2349 1620 2387 virtute,
1647 2351 1684 2378 et

977 2406 1098 2447 dignus
1116 2404 1235 2445 gloria.

1020 2456 1107 2487 Anni
1121 2454 1227 2493 rudes]
1266 2449 1519 2488 Adolescentia,
1547 2457 1623 2489 quae
1649 2446 1684 2478 in

978 2506 1051 2537 aliis
1069 2509 1123 2535 est
1139 2509 1222 2534 aetas
1239 2502 1330 2532 rudis
1346 2505 1381 2531 et
1397 2499 1566 2540 imperita.

1021 2560 1061 2587 17
1088 2553 1214 2593 Curuli]
1260 2553 1350 2584 Sella
1366 2552 1530 2590 eburnea,
1547 2559 1614 2591 qua
1627 2549 1686 2580 Se-

978 2612 1115 2639 natores
1153 2604 1374 2636 vehebantur.
1439 2602 1508 2632 Hic
1547 2600 1686 2641 ponitur

979 2668 1042 2699 pro
1069 2655 1250 2689 Senatoria
1278 2654 1332 2685 vel
1363 2651 1543 2685 Consulari
1576 2650 1686 2692 digni-

980 2713 1066 2740 tate.
