1852 3193
230 215 315 258 372
698 224 773 254 ou.
806 218 1087 251 cuAumANi
1129 217 1213 248 xv.

234 323 279 365 N
283 337 335 365 ec
358 322 535 378 Cybele,
554 321 675 362 sicco
695 333 776 360 nec
797 319 944 359 stabat
961 317 1123 357 lumine
1139 315 1271 357 Juuo.
1603 312 1688 354 1:30

234 391 429 432 Moereut
448 389 685 441 Indigetes,
707 392 751 427 et
773 386 811 426 si
832 397 943 439 quos
963 384 1111 425 Roma
1129 384 1316 437 recepit,

232 460 326 501 Aut
346 459 465 500 dedit
483 458 586 511 ipsa
608 456 747 496 Deos.
809 453 992 495 Genitor
1003 453 1097 506 jam
1118 453 1252 493 corda
1273 449 1431 492 remitti

234 528 456 581 Coeperat,
481 531 525 566 et
548 537 721 565 sacrum
743 523 903 564 dextra
925 522 1076 562 sedare
1095 520 1349 561 tumultum:

230 595 346 635 Cum
367 594 518 647 procul
539 593 704 633 insanis
726 591 928 645 quatiens
951 589 1194 629 ululatibus
1217 600 1362 637 axem,

234 662 290 703 Et
310 666 496 703 contusa
518 674 666 714 genas,
688 659 845 700 mediis
867 661 1051 712 apparet
1072 659 1114 698 in
1138 658 1270 698 astris

233 729 398 770 Africa.
458 728 685 769 Rescissae
707 730 865 776 vestes,
887 732 929 766 et
949 727 1103 779 spicea
1123 725 1294 778 passim

235 799 362 838 Serta
375 798 550 852 jacent:
582 797 730 837 lacero
751 795 935 836 crinales
958 794 1119 834 vertice
1141 793 1305 841 denteS,

232 865 474 906 Effractum
496 865 716 918 pendebat
736 865 857 913 ebur,
878 863 1041 916 talique
1064 861 1273 915 superbas

1606 651 1694 692 135

239 965 341 996 I'cstoe
357 968 471 995 sanctoe
483 975 492 993 .·
516 973 609 1002 neque
629 963 741 1002 Cybele
768 961 910 992 manebat
932 961 1022 990 siccis
1038 962 1141 997 aculis,
1157 967 1250 1000 neque
1272 961 1368 990 Juno.
1402 958 1561 997 Indigetes
1577 958 1695 997 lugent,

233 1012 264 1038 ct
279 1008 313 1045 ii,
327 1008 354 1037 si
367 1017 440 1046 quos
456 1007 540 1036 Deos
556 1006 653 1035 Roma
669 1005 798 1044 accepit,
814 1005 860 1033 rel
876 1005 941 1043 ipsu
957 1003 1055 1033 «ledit.
1095 1003 1190 1032 Puta·
1206 1003 1419 1040 ,Jupiter-jam
1437 1002 1603 1041 incipiebat
1620 1001 1694 1030 mol-

232 1051 291 1080 [ιζ’-ε
304 1052 421 1088 pectus,
439 1052 465 1078 ct
483 1049 605 1087 placare
629 1057 721 1076 mmm
745 1056 883 1076 murmur
897 1056 1032 1083 sucrum,
1048 1054 1114 1074 cum
1139 1046 1227 1082 longe
1251 1045 1363 1080 Africa
1386 1045 1561 1074 concutiens
1579 1044 1697 1073 Coelum

233 1091 375 1122 lamentis
391 1090 562 1128 horrendis,
587 1092 617 1119 et
644 1089 773 1118 laniata
797 1098 859 1128 per
881 1098 989 1126 grtias,
1007 1087 1139 1117 ostendit
1156 1096 1184 1116 se
1202 1089 1233 1116 in
1250 1087 1347 1116 medio
1363 1086 1496 1116 weltere:
1519 1086 1698 1116 vestimenta

233 1136 304 1175 ejus
316 1134 481 1173 discerpta,
496 1135 525 1163 et
541 1135 625 1162 serta
643 1131 811 1162 aristarum
824 1131 946 1170 jacent,
959 1133 1070 1171 pecten
1085 1130 1208 1169 scissus,
1222 1133 1251 1159 et
1269 1132 1392 1169 ruptum
1409 1129 1481 1159 ebur
1493 1128 1696 1169 suspendeba-

849 1224 1081 1235 eeeeeeeeeeee

236 1295 355 1326 Ambr.
370 1298 451 1325 tort.
476 1294 563 1323 modo
577 1302 639 1333 pro
657 1293 733 1323 milri
747 1292 989 1323 Tholos.—130
1009 1291 1121 1332 Cybele
1136 1292 1215 1323 sicco
1233 1291 1311 1322 vat.
1329 1292 1430 1322 Far-n.
1448 1291 1599 1322 Florent.
1614 1291 1699 1332 Reg.

233 1340 363 1369 Tliuau.
382 1338 514 1367 Mazar.
533 1336 598 1366 duo
617 1336 738 1366 Petav.
756 1341 903 1376 quatuor
929 1336 1022 1365 Med.
1050 1336 1116 1365 inc.
1147 1335 1268 1366 Heius.
1297 1335 1349 1365 ed.
1375 1335 1489 1365 Parm.
1520 1339 1556 1365 et
1582 1335 1698 1365 vicet.

234 1383 312 1412 sicco
329 1381 443 1420 Cybele
459 1381 590 1410 Bonou.
606 1380 741 1409 Thalos.
759 1379 837 1409 Pat.
856 1379 938 1409 Lov.
959 1379 1087 1408 Moror.
1105 1388 1172 1409 sec.
1190 1384 1225 1408 et
1239 1378 1360 1408 petav·
1387 1386 1457 1407 sec.
1479 1376 1599 1407 Ambr.
1618 1382 1698 1408 tert.

235 1434 320 1455 uuus
337 1424 457 1454 Heius.
472 1422 538 1452 duo
555 1422 668 1452 Oxou.
686 1423 768 1452 Var.
786 1422 854 1451 LL.
871 1431 889 1451 e
905 1431 1009 1460 marg.
1026 1421 1141 1451 Parin.
1168 1422 1250 1451 Exc.
1265 1421 1410 1452 Gevart.
1427 1420 1509 1450 item
1523 1420 1626 1451 Gesn.
1643 1420 1698 1451 ed.

234 1467 375 1506 Bipout.
396 1471 431 1495 et
456 1464 703 1504 Koenig.—132
726 1465 819 1494 corda
843 1464 909 1494 duo
933 1464 1033 1494 Vatt.
1058 1471 1092 1494 et
1123 1464 1216 1495 Med.
1241 1464 1326 1503 leeg.
1351 1463 1432 1493 Pur.
1458 1463 1589 1493 Bonon.
1615 1463 1698 1494 Lov.

235 1510 333 1540 Leid.
347 1518 399 1548 pr.
414 1508 480 1538 duo
497 1508 610 1539 Oxou.
626 1507 770 1537 totidem
787 1506 907 1537 Ambr.
924 1512 993 1537 tres
1009 1508 1127 1538 Petav.
1145 1508 1228 1537 Exc.
1242 1507 1330 1538 Gev.
1342 1507 1423 1536 Var.
1438 1506 1506 1536 LL.
1521 1505 1576 1536 ed.
1593 1504 1699 1537 Antv.

233 1555 324 1582 corde
339 1561 399 1582 sex
416 1551 483 1581 alii.
507 1552 599 1581 corda
614 1551 667 1580 vel
683 1552 772 1580 carde
788 1550 894 1580 Oisel.
911 1550 1006 1581 Med.
1021 1560 1089 1581 sec.
1113 1550 1249 1580 remittit
1266 1550 1319 1580 ed.
1334 1550 1556 1580 vicen—133
1579 1557 1700 1579 sacrum

234 1595 324 1624 Flor.
336 1604 379 1624 m.
393 1603 460 1624 sec.
483 1603 571 1623 sacra
584 1593 677 1624 Med.
695 1595 913 1633 quart-135
930 1596 1056 1623 contusa
1069 1594 1148 1623 Vat.
1167 1603 1216 1632 pr.
1232 1597 1266 1623 et
1283 1602 1350 1622 sec.
1366 1592 1474 1623 Oisel.
1491 1592 1612 1622 Petav.
1631 1600 1699 1622 sec.

235 1637 362 1674 confusa
380 1637 480 1666 Farn.
505 1645 650 1665 concussa
668 1635 783 1673 viginti
802 1635 871 1672 alii,
887 1635 967 1664 item
986 1636 1069 1665 Exc.
1084 1636 1228 1666 Gevart.
1251 1639 1376 1665 contusa
1390 1635 1442 1664 vel
1456 1643 1598 1664 concussa
1613 1634 1700 1674 Reg.

235 1680 330 1710 Meu.
349 1689 398 1719 pr.
419 1678 510 1716 genis
527 1678 675 1708 Floreut.
692 1688 735 1707 m.
757 1679 916 1717 pr.—l36
939 1677 1074 1707 discissoe
1104 1678 1231 1708 Moret.
1256 1687 1306 1716 pr.
1341 1677 1452 1706 ‹lecisae
1480 1677 1606 1707 Moret.
1630 1685 1699 1708 see.

234 1723 341 1752 recisoe
361 1722 434 1752 Pal.
451 1721 530 1750 Put.
551 1721 671 1750 Petav.
699 1729 765 1750 sec.
791 1720 876 1750 Exc.
903 1719 1046 1750 Gevart.
1077 1720 1215 1749 ‹test-issa:
1228 1720 1308 1749 Yat.
1325 1728 1394 1749 sec.
1413 1720 1510 1750 Faru.
1547 1720 1701 1749 recscissoe

237 1765 291 1795 vel
307 1765 447 1794 descissoe
462 1764 550 1801 Reg.
573 1763 703 1800 sparsim
718 1762 910 1792 octodecim
929 1762 1060 1802 scripti,
1076 1762 1130 1792 ed.
1150 1763 1260 1793 vicet.
1277 1763 1361 1792 Exc.
1380 1758 1630 1792 Gemit—'138
1656 1762 1699 1792 Et

235 1811 371 1838 stratum
399 1807 483 1836 Exc.
509 1806 597 1835 Laeti
622 1811 656 1835 et
683 1805 816 1835 Rubeu.
855 1804 1049 1841 Etsractum
1064 1805 1182 1835 decem
1200 1804 1310 1835 Codd.
1328 1803 1382 1835 ed.
1401 1805 1509 1835 Yicet.
1531 1805 1612 1835 Vas.
1631 1805 1700 1836 LL.

896 1886 1042 1920 NOTAE

281 1972 343 2000 130
369 1967 497 2009 Cybele]
522 1967 638 1998 Mater
659 1966 833 1997 Deorum:
861 1974 941 1996 non-

237 2021 321 2052 nulli
338 2030 410 2051 eam
428 2029 503 2049 cnm
520 2019 627 2048 Vesta
643 2015 867 2047 confundunt.

997 1971 1112 1998 tamen
1129 1965 1218 2007 apud
1236 1976 1293 1998 eos
1318 1966 1467 1997 omnium
1490 1964 1703 2006 superstitio-

997 2028 1076 2048 num
1092 2018 1254 2049 colluvies
1267 2016 1491 2049 confluxerat.

282 2074 342 2102 131
370 2069 548 2108 Indigetes]
587 2068 751 2099 Homines
779 2071 945 2107 praestan-

240 2120 370 2159 tissimi,
405 2119 461 2160 qui
503 2119 535 2148 in
575 2119 727 2148 Deorum
766 2126 944 2147 numerum

240 2170 381 2209 ascripti
399 2174 495 2199 sunt:
522 2173 559 2198 ut
578 2168 753 2204 Romulus,
771 2171 835 2196 ecc.

282 2220 384 2250 Roma
399 2217 529 2257 recepit]
555 2218 673 2256 Roma,
687 2222 725 2246 ut
743 2216 872 2246 Coelmn
886 2217 944 2247 ali-

242 2271 346 2313 quod,
375 2269 507 2309 recepit
535 2270 687 2308 gentium
713 2268 861 2298 omnium
888 2268 944 2298 de-

239 2324 404 2355 victarum
421 2322 525 2358 Deos,
540 2319 656 2359 nequis
679 2319 813 2349 scilicet
837 2329 945 2350 rema-

240 2380 341 2406 neret
358 2375 389 2404 in
408 2372 545 2403 urbibus
562 2377 620 2402 aut
650 2371 833 2411 provinciis
848 2381 944 2401 suum

239 2426 401 2456 honorem
417 2424 562 2454 ulturus,
602 2420 764 2462 Lepidam
781 2427 875 2451 certe
893 2431 945 2451 su-

240 2475 495 2517 perstitionem!
543 2474 650 2504 Roma
688 2478 801 2503 tamen
838 2472 943 2502 solum

242 2529 469 2561 Hebraeornm
489 2528 598 2557 Deum
628 2534 693 2555 non
719 2524 945 2562 consecravit,

242 2579 320 2620 quia
336 2578 363 2608 is
381 2577 526 2618 jubebat
545 2586 580 2606 ee
598 2576 662 2606 coli
677 2575 797 2613 solum,
821 2575 946 2605 ceteris

242 2628 498 2665 extermina*
524 2632 559 2657 et
585 2627 697 2657 Deum
723 2625 867 2665 aliquem
891 2634 947 2655 co-

242 2679 315 2710 lere
345 2679 423 2717 alio,
444 2687 509 2718 quo
540 2679 611 2717 ipse
635 2676 793 2716 jussisset
833 2675 947 2714 modo,

241 2729 351 2760 nefas.
391 2729 439 2759 At
454 2728 597 2758 Romani
614 2727 729 2767 plures
745 2726 839 2756 Deos
856 2725 946 2756 vole-

246 2780 340 2821 bant,
356 2785 394 2811 ut
419 2778 509 2811 forte
532 2778 661 2809 nullum
685 2776 873 2808 habereut:
897 2776 945 2807 sic

1043 2072 1104 2099 132
1127 2069 1192 2100 Aut
1208 2067 1309 2108 dedit]
1335 2069 1441 2099 Roma
1457 2067 1554 2098 dedit
1577 2066 1704 2097 Romu-

998 2121 1066 2150 lum
1082 2125 1118 2151 et
1145 2120 1311 2159 Caesares,
1333 2119 1388 2160 qui
1416 2118 1508 2149 iuter
1533 2118 1624 2148 Deos
1652 2126 1704 2148 re-

999 2170 1212 2202 ferebantur.

1045 2223 1104 2250 133
1128 2220 1259 2251 Sacrum
1289 2217 1469 2258 tumultum]
1503 2217 1703 2249 Excitatum

1000 2281 1019 2301 a
1035 2271 1111 2301 Diis
1129 2270 1248 2301 Romae
1273 2269 1502 2300 calamitatem
1524 2266 1702 2308 indignan-

999 2321 1104 2352 tibus.

1042 2372 1168 2402 Dextra
1189 2371 1311 2411 sedare]
1336 2371 1414 2401 Mos
1438 2379 1566 2407 eorum,
1587 2367 1644 2408 qui
1669 2377 1703 2398 e-

999 2426 1076 2451 raut
1093 2422 1249 2452 locuturi.
1273 2422 1452 2451 Lucanus:
1471 2420 1479 2436 ‘
1497 2420 1703 2459 Dextraque

998 2470 1267 2510 silentiajussit.’

1042 2525 1103 2553 137
1128 2523 1258 2563 Dentes,
1272 2525 1300 2552 et
1317 2521 1406 2561 ebur]
1437 2521 1480 2552 Id
1504 2525 1567 2560 est,
1583 2521 1703 2552 dentes

999 2573 1152 2611 eburnei,
1179 2583 1240 2603 seu
1273 2577 1395 2612 pecten
1426 2573 1609 2610 eburneus,
1634 2581 1703 2612 quo

1001 2622 1120 2654 Africa
1149 2624 1256 2654 utitur
1285 2622 1327 2652 ad
1361 2621 1549 2662 pectendos
1579 2621 1703 2652 crines.

1002 2674 1092 2705 Huic
1119 2679 1232 2705 autem
1260 2673 1360 2704 datur
1384 2677 1509 2713 pecten
1534 2671 1703 2703 eburneus

999 2729 1144 2765 propter
1160 2723 1369 2765 Elephantos
1385 2731 1469 2764 quos
1485 2721 1557 2754 alit.
