1857 3177
571 227 634 255 nn
671 226 825 255 nanno
859 225 1151 255 GlLDON100.
1501 214 1588 255 :3613

134 332 378 374 Pensabam
405 331 611 372 Pharium
635 332 822 372 Gaetulis
844 332 1060 372 messibus
1081 345 1252 372 annum.

132 399 171 440 F
173 400 380 453 rugiferas
400 404 563 439 certare
591 406 721 448 rates,
742 400 911 452 lateque
934 400 1131 440 videbam

131 466 304 506 Punica
328 465 518 506 Niliacis
541 479 794 506 concurrere
816 466 1001 506 carbasa
1021 468 1142 507 volis.

130 533 245 574 Cum
268 534 400 573 subiit
421 546 498 586 pau·
522 533 665 573 Roma
687 533 805 580 mihi,
829 532 1058 585 divisaque
1080 534 1232 573 sumsit

130 601 344 653 AEquales
366 600 536 641 Aurora
561 607 711 649 togas:
744 600 956 652 AEgyptia
978 613 1074 639 ruru

130 666 182 707 In
206 674 372 720 partem
396 681 566 708 cessere
594 680 763 707 novam.
825 666 939 717 Spes
962 666 1091 705 unica
1113 667 1242 706 nobis

129 734 345 776 Restabat
368 735 525 788 Libye,
547 748 645 787 quae
666 734 743 781 vix
767 745 965 785 aegreque
988 732 1167 773 fovebat

1530 531 1585 570 (il)

127 847 248 874 ventum
265 844 452 884 AEgryptium
470 842 621 881 frugibus
638 841 756 881 Libyoe.
806 841 976 871 Cernebam
992 842 1126 881 undique
1153 851 1243 871 naves
1261 841 1492 878 smunentarias
1517 851 1584 872 con-

125 888 261 923 tendere,
287 890 317 916 et
341 896 432 916 naves
456 885 730 922 Curelmginienses
751 884 920 914 accelerare
943 894 1010 914 cum
1026 884 1152 914 naribus
1169 885 1341 924 [Egyptiis.
1389 887 1469 914 Cum
1487 885 1586 915 Roma

122 930 222 959 ultera
237 929 364 968 oequalis
380 929 457 959 milii
472 933 580 959 exortu
596 931 652 965 est,
667 930 698 957 et
713 927 824 956 Oriens
835 930 996 967 separatus
1011 927 1091 967 cepit
1106 930 1196 965 togas
1210 928 1342 958 similes:
1356 927 1429 966 agri
1440 926 1587 967 sEgyplz'z'

115 970 262 1008 fecerunt
276 974 398 1012 partem
414 980 532 1002 novam.
576 970 677 1010 Libya
692 979 760 1009 spes
785 979 846 999 una
870 972 1028 1008 supererat
1057 970 1153 1009 nobis,
1176 979 1243 1010 quce
1268 980 1322 1000 nos
1346 970 1447 1001 alebat
1472 980 1586 1009 magna

737 1065 972 1077 eeeeeeeeeeee

124 1154 175 1185 pr.
191 1143 320 1174 Mazar.
337 1153 442 1182 marg.
455 1142 576 1181 Isingr.
597 1142 749 1172 Pharium
768 1143 817 1172 vel
833 1143 964 1182 parilem
981 1143 1061 1173 Put.
1077 1143 1157 1173 Vat.
1176 1142 1286 1173 Livin.
1304 1142 1455 1172 Pharium
1471 1151 1584 1172 annum

122 1188 175 1217 vel
195 1186 343 1216 Phariam
359 1186 462 1216 alnum
480 1184 599 1215 Petav.
618 1195 668 1224 pr.
692 1185 827 1215 ΡΙιιιι-ιιυι
845 1186 898 1215 ed.
915 1186 1025 1216 Vicet.
1039 1185 1189 1215 mensibus
1207 1185 1356 1215 Florent.
1372 1185 1446 1214 l’at.
1466 1184 1585 1214 Petav.

123 1233 279 1260 sem—55
306 1227 547 1267 Frugiferasque
577 1231 660 1257 rates
687 1228 748 1257 Iule
777 1231 896 1258 certare
915 1228 991 1259 l’ut.
1016 1232 1145 1258 certasse
1162 1228 1261 1258 Farn.
1292 1227 1417 1258 Mon-ct.
1442 1236 1508 1256 sec.
1527 1226 1582 1256 ed.

122 1272 236 1302 Parin.
249 1276 284 1301 et
296 1271 410 1301 Vicet.
423 1270 500 1300 vices
512 1270 564 1300 vel
578 1273 660 1300 rates
677 1271 846 1300 Low—59
859 1280 1016 1301 occurrere
1036 1271 1159 1300 Mazar.
1175 1271 1298 1300 Moret.
1316 1279 1383 1299 sec.
1396 1269 1492 1299 ventis
1503 1269 1581 1299 Put.

119 1317 204 1345 —60
221 1315 323 1349 Quum
340 1313 435 1343 subiit
451 1312 575 1343 Moret.
589 1322 656 1342 see.
670 1313 752 1342 Var.
775 1313 842 1343 LL.
860 1312 914 1343 ed.
935 1312 1038 1343 Antv.
1062 1312 1145 1343 subit
1164 1313 1260 1343 Farn.
1287 1311 1386 1341 subito
1403 1310 1583 1341 duodecim

119 1357 187 1388 alii.
211 1356 289 1387 Tum
304 1355 406 1386 subito
423 1354 500 1385 Pat.
526 1355 683 1394 divisaque
698 1354 775 1386 Ald.
791 1355 971 1395 diversaque
987 1356 1063 1386 Vat.
1077 1364 1147 1385 sec.
1169 1355 1242 1385 Pal.
1258 1354 1352 1385 Med.
1372 1363 1439 1384 sec.
1454 1353 1584 1383 Thuan.

118 1409 201 1430 unus
216 1398 334 1429 Heius.
358 1399 482 1429 Moret.
499 1401 650 1428 sem—61
675 1401 745 1428 tura
774 1398 846 1428 Pal.
861 1398 937 1435 jura
961 1398 1053 1428 Med.
1080 1408 1128 1438 pr.
1147 1397 1263 1428 Ambr.
1280 1407 1346 1428 sec.
1363 1406 1447 1426 unus
1467 1395 1583 1426 Heins.

118 1442 174 1482 qni
190 1442 253 1473 hoc
271 1441 406 1482 probat,
423 1445 458 1471 et
470 1441 674 1480 ascripserat
695 1451 740 1471 vs.
756 1443 831 1471 454.
854 1440 941 1471 infra
957 1441 1033 1481 ‘jus
1051 1441 1209 1479 Latimn‚'
1221 1442 1284 1470 Sec.
1300 1440 1380 1470 item
1399 1439 1533 1480 Vopisc.
1550 1441 1583 1471 in

120 1484 235 1515 Probo
254 1494 285 1524 p.
296 1486 369 1515 239.
392 1485 400 1500 ‘
419 1483 556 1523 Copton
573 1488 607 1514 et
625 1483 877 1514 Ptolemaidem
907 1483 1139 1524 Romanojuri
1155 1482 1397 1514 a(ldidit.’——62
1414 1492 1498 1512 ⁷1⁰1·ae
1516 1490 1583 1514 tres

120 1527 215 1558 Vatt.
232 1526 297 1557 duo
315 1527 427 1557 Oxon.
443 1525 583 1557 totidem
602 1526 695 1556 Med.
713 1531 748 1557 et
765 1526 885 1557 Petav.
910 1526 1006 1557 Leid.
1027 1537 1075 1567 pr.
1095 1527 1177 1565 Reg.
1193 1526 1323 1556 Thuan.
1348 1526 1477 1556 Bunon.
1505 1526 1584 1557 Par.

120 1569 247 1600 Mazar.
266 1570 329 1600 inc.
341 1569 658 1609 Heins.Moret.pr.
675 1574 709 1598 et
726 1578 794 1599 sec.
812 1578 887 1599 cum
903 1570 1013 1606 glossa
1030 1571 1051 1598 i.
1070 1579 1095 1599 e.
1114 1569 1233 1599 Romoe.
1248 1569 1332 1598 Exe.
1345 1568 1488 1599 Gevart.
1502 1569 1584 1599 item

119 1612 203 1643 Cod.
221 1612 339 1642 Rheni.
358 1622 466 1642 noram
478 1611 545 1642 dno
557 1612 652 1642 Vatt.
668 1612 741 1641 Pal.
758 1611 848 1641 Prie.
865 1611 983 1642 Petav.
1001 1621 1067 1643 sec.
1085 1621 1127 1642 m.
1140 1621 1208 1642 sec.
1223 1610 1276 1640 ed.
1290 1611 1403 1641 Parm.
1429 1621 1514 1641 71⁰1)oe
1529 1611 1583 1641 vel

119 1664 226 1686 novam
244 1655 322 1686 Put.
343 1654 440 1684 Nothi
466 1655 564 1685 Farn.
582 1655 672 1684 unica
694 1655 800 1684 mundi
818 1653 912 1683 Med.
931 1658 1042 1684 tert.-—
1056 1656 1096 1684 63
1114 1653 1223 1693 Libya·
1238 1653 1319 1683 Vat.
1336 1662 1405 1683 sec.
1422 1652 1521 1693 Libye
1538 1653 1584 1682 vi-

120 1698 206 1739 ginti
226 1696 334 1728 Codd.
348 1697 429 1728 item
447 1695 663 1732 Ald.s0vebat
680 1696 763 1726 Exc.
782 1696 879 1726 Laeti.
898 1695 1027 1733 favebat
1044 1696 1125 1726 Lov.
1143 1695 1269 1733 serebat
1285 1695 1380 1726 Med.
1398 1701 1510 1736 quart.
1527 1695 1583 1726 ed.

787 1770 926 1802 NOTAE

159 1846 202 1875 57
229 1842 381 1874 Pharium
405 1841 534 1881 annum]
573 1840 749 1871 Annonam
768 1850 825 1871 an-

117 1903 229 1933 nuam,
239 1893 498 1932 ubertatemque
512 1890 717 1931 AEgyptiam.
736 1890 825 1921 Pha-

118 1954 174 1976 ros
200 1944 278 1974 olim
309 1943 419 1973 insula
440 1941 590 1981 AEgypti,
620 1950 639 1970 a
665 1940 743 1970 Nilo
769 1940 826 1971 de-

117 1999 271 2032 structa3
296 1992 374 2025 inde
392 1991 557 2031 AEgyptus
574 1991 698 2021 dicitur
713 1991 824 2021 Terra

118 2045 255 2076 Pharia.
303 2043 406 2073 Ovid.
436 2042 445 2058 ‘
478 2040 655 2072 Fluctibus
687 2041 823 2072 ambitae

116 2094 255 2127 fuerant
272 2093 427 2131 Antissa,
445 2091 655 2131 Pharosque,
670 2091 715 2121 Et
726 2091 824 2122 Phoe-

115 2146 204 2176 nissa
214 2145 335 2184 Tyros,
349 2152 491 2184 quarum
506 2151 594 2173 nunc
610 2142 716 2172 insula
732 2142 824 2173 nulla

119 2194 197 2227 est.'

161 2243 312 2284 Goecutis]
336 2243 488 2274 Gaetulia
504 2252 582 2283 pars
609 2247 660 2273 est
677 2241 794 2283 Libyae
811 2253 819 2272 ε

115 2295 255 2337 ponitur
289 2304 350 2336 pro
387 2294 464 2334 ipsa
495 2293 617 2334 Libya,
651 2302 727 2334 pars
758 2302 826 2334 pro>

119 2351 204 2378 toto.

160 2399 202 2428 59
228 2396 349 2427 Punica
363 2393 507 2434 carbasa]
534 2393 574 2424 Id
592 2397 657 2433 est,
673 2393 747 2424 vela
762 2402 820 2424 sen

115 2456 217 2479 naves
241 2445 551 2486 Carthaginienses,
582 2453 641 2475 seu
665 2443 822 2484 Libycas,

115 2507 192 2529 cum
221 2497 316 2535 velis,
342 2505 402 2527 seu
425 2494 565 2525 navibus
581 2493 762 2534 AEgyptiis‚
777 2493 820 2524 ad

115 2545 323 2578 afferendum
342 2545 421 2576 mihi
439 2544 646 2575 frumentum
663 2544 820 2574 certatim

117 2596 325 2628 contendere
352 2602 455 2636 atque
487 2603 691 2625 concurrere
729 2594 820 2625 vide-

115 2646 205 2685 bam,
225 2655 300 2677 cum
327 2650 446 2676 exorta
463 2649 517 2676 est
533 2644 821 2685 Constantinopo-

119 2697 170 2732 lis,
199 2704 274 2735 quae
305 2700 356 2726 est
384 2696 494 2726 altera
524 2695 645 2733 Roma,
675 2694 823 2735 mihique

119 2746 256 2784 similis3
281 2750 317 2776 et
342 2755 418 2776 cum
447 2744 593 2784 Aurora,
621 2753 680 2776 seu
709 2744 822 2785 Impe-

880 1841 965 1871 rium
983 1840 1148 1880 Orientis,
1174 1839 1315 1870 divisum
1333 1850 1371 1871 ac
1385 1844 1581 1879 separatum

880 1891 921 1921 ab
936 1890 1084 1931 Imperio
1103 1891 1268 1929 Romano,
1285 1890 1374 1931 quod
1392 1895 1445 1920 est
1462 1890 1495 1920 in
1511 1890 1579 1921 Oc-

880 1939 1032 1979 cidente,
1055 1941 1173 1971 sumsit
1197 1941 1208 1962 —‘
1228 1941 1375 1981 aequales
1408 1939 1529 1980 togas,’
1544 1939 1578 1969 id

880 1995 943 2030 est,
959 1991 1102 2031 aequalia
1129 1990 1267 2030 Imperii
1285 1995 1319 2020 et
1344 1989 1452 2029 gentis
1478 1990 1579 2030 insig-

877 2040 943 2071 nia.
990 2041 1097 2071 Porro
1113 2040 1242 2071 carbasa
1260 2041 1380 2071 Punica
1395 2040 1488 2071 dicta
1501 2046 1580 2071 sunt

878 2101 897 2121 a
914 2090 1102 2129 Phoenicia,
1119 2101 1193 2132 quae
1212 2101 1288 2130 pars
1306 2095 1357 2121 est
1375 2090 1475 2127 Asiae,
1487 2090 1577 2131 quod

877 2141 994 2180 populi
1032 2141 1146 2181 Libyae
1198 2145 1233 2171 et
1272 2141 1489 2181 Carthaginis
1534 2149 1576 2171 ex

877 2192 1053 2222 Phoenicia
1069 2191 1288 2221 advenerant.
1330 2191 1405 2222 Nec
1422 2191 1578 2221 omitten-

876 2241 955 2271 dum
972 2245 1038 2280 est,
1052 2241 1254 2272 translatum
1283 2240 1315 2270 in
1343 2240 1459 2271 urbem
1490 2240 1577 2271 Cou-

876 2290 1131 2331 stantinopolim
1150 2290 1346 2330 Imperium,
1375 2299 1472 2321 omen
1498 2290 1579 2320 rnul-

876 2341 920 2372 tis
937 2341 1043 2372 visum
1060 2350 1135 2372 esse
1152 2341 1292 2380 Imperii
1305 2340 1447 2370 Romani
1462 2340 1577 2370 lahan-

875 2393 918 2423 tis
935 2396 1038 2433 atque
1055 2391 1241 2422 morientis.

920 2446 961 2474 62
988 2444 1112 2473 cessere
1122 2440 1246 2480 novam]
1272 2441 1437 2481 AEgyptus
1455 2451 1474 2471 a
1490 2450 1577 2471 novo

876 2493 1011 2524 domino
1028 2496 1192 2532 occupata
1213 2495 1278 2527 est,
1303 2490 1436 2522 scilicet
1458 2490 1498 2521 ab
1515 2490 1578 2522 Ar-

876 2543 973 2575 cadio
988 2543 1199 2583 Imperatore
1217 2539 1383 2570 Orientis.

918 2596 959 2624 63
983 2592 1096 2633 Libye]
1143 2591 1207 2622 Vel
1237 2589 1347 2630 Libya.
1386 2589 1473 2619 Haec
1504 2589 1575 2619 sola

876 2643 971 2674 nobis
1000 2643 1163 2681 restabat,
1200 2649 1342 2680 spesque
1371 2644 1446 2670 erat
1476 2639 1576 2671 unica

877 2693 1038 2724 frumenti
1055 2691 1255 2731 advehendi,
1271 2691 1298 2721 si
1313 2689 1440 2721 Auster
1456 2699 1574 2722 secun-

877 2743 938 2775 dus
953 2742 1096 2776 afflaret.
