1852 3193
201 200 287 243 248
670 214 744 245 CL.
778 213 1060 244 CLAuDlANJ
1097 212 1201 242 vm.

202 307 317 349 Visa
337 309 469 350 etiam
489 310 649 359 medio,
671 309 851 364 populis
871 308 1149 357 mirantibus,
1172 308 1321 349 audax

202 375 342 416 Stella
363 377 447 426 die,
472 377 712 418 dubitanda
731 376 853 424 nihil,
875 388 953 416 nec
976 376 1090 415 crine
1113 380 1260 416 retuso
1579 375 1663 417 les-5

202 442 448 495 Languida,
473 445 545 484 sed
571 448 753 496 quantus
774 446 1026 482 numeratur
1047 446 1173 483 nocte
1194 443 1375 483 Bootes.

202 508 479 564 Emicuitque
515 511 654 564 plagis
682 510 810 550 alieni
837 509 1049 562 temporis
1073 509 1234 564 hospes

202 578 336 630 Ignis,
360 584 402 619 et
425 580 600 630 agnosci
623 578 777 631 potuit,
799 591 897 618 cum
921 576 1046 616 Luna
1063 577 1231 617 lateret.

201 645 306 686 Sive
329 661 482 699 pareus
505 646 704 698 Augusta
725 646 822 695 fuit,
845 658 923 685 seu
944 645 1055 685 forte
1076 644 1237 685 reluxit

201 713 309 754 Divi
333 715 453 755 sidus
475 716 561 764 avi,
586 728 659 755 seu
685 718 726 755 te
747 713 1089 767 properantibus
1112 713 1242 753 astris
1578 711 1662 763 190

197 803 423 842 tranquillitate
438 807 502 834 tua.
548 804 677 834 Astrum
699 814 812 844 quoque
828 805 938 834 ardens
954 806 1147 843 conspectum
1170 805 1235 840 est,
1262 801 1295 831 in
1309 801 1409 831 media
1426 800 1504 838 luce,
1516 799 1664 838 gentibus

199 844 430 885 obstupefactis,
446 857 504 876 non
519 847 700 885 dubitabile,
715 857 769 877 nec
784 848 880 877 achile
903 857 987 877 coma
1002 846 1158 884 hebetata,
1174 849 1207 875 at
1230 848 1375 882 tantum,
1399 845 1531 883 quantus
1551 841 1665 873 Arcto-

195 887 318 927 phylax
333 892 470 919 censetur
485 893 587 920 nocte:
605 891 772 930 etflamma
789 889 907 928 effulsit
925 889 1046 929 hospita
1062 889 1096 918 in
1111 887 1291 925 regionibus
1308 886 1405 925 Catii,
1419 885 1513 915 alteri
1534 885 1666 924 tempori

200 929 391 970 destinatis,
414 942 449 961 ac
473 933 575 971 potnit
598 933 806 962 animadverti
833 943 902 962 cum
917 933 1005 961 Luna
1020 931 1223 961 delitesceret.
1269 928 1331 959 Seu
1357 932 1456 958 mater
1472 928 1666 967 Imperatrz'ae

199 973 322 1012 extitit,
338 974 402 1004 sive
410 974 523 1011 forsan
539 974 669 1004 Asa-um
693 975 757 1005 Avi
784 975 834 1004 tui
849 975 929 1005 Diri
950 974 1085 1013 refulsit,
1107 974 1170 1003 sire
1187 973 1242 1003 Sol
1257 971 1366 1010 facilis
1382 970 1530 1001 concessit
1548 970 1664 1001 Coecum

813 1055 1049 1066 eeeeeeeeeeee

200 1100 332 1140 Imperii
349 1102 404 1131 lua:
419 1100 473 1130 illa
492 1100 561 1137 fuit
585 1101 740 1140 sequenti
759 1101 877 1130 Cuncta
894 1099 978 1128 nitor
993 1102 1223 1138 praeponatur,
1249 1107 1346 1128 secus
1364 1107 1403 1128 ac
1421 1098 1454 1128 in
1471 1097 1665 1129 aliis.—184

199 1143 247 1173 Et
275 1143 343 1172 risa
365 1146 410 1172 est
424 1143 502 1172 Vat.
530 1152 581 1182 pr.
600 1143 700 1173 Faru.
730 1143 841 1172 mediis
864 1142 951 1179 Reg.
983 1141 1078 1172 Med.
1111 1145 1190 1172 tert.
1207 1141 1324 1171 cunctis
1354 1140 1538 1170 mirantibus
1553 1140 1666 1172 Oxon.

198 1187 374 1214 sem—185
413 1194 515 1215 recuso
555 1184 662 1216 Oisel.
702 1185 816 1216 Oxou.
840 1193 890 1225 pr.
917 1183 1015 1215 Leid.
1054 1193 1104 1223 pr.
1130 1188 1166 1214 et
1186 1184 1253 1215 Ms.
1279 1193 1398 1213 recusso
1426 1183 1510 1212 Exc.
1534 1182 1666 1214 Schott.

195 1227 292 1257 reciso
309 1227 404 1257 Med.
421 1237 516 1258 sec-a
532 1237 575 1257 m.
591 1238 640 1267 pr.
656 1228 767 1258 recissa
780 1228 873 1258 Prie.
890 1227 1024 1257 Thuan.
1039 1227 1126 1257 Exc.
1143 1227 1242 1257 Voss.
1264 1229 1384 1256 retento
1395 1225 1475 1255 Vat.
1500 1234 1551 1265 pr.
1566 1225 1667 1256 Farn.

195 1273 316 1300 retruso
330 1270 425 1301 Leid.
441 1280 509 1301 sec.
525 1271 608 1301 Exe.
618 1270 761 1301 Gevart.
775 1270 884 1310 Lugd.
898 1273 932 1300 et
947 1269 1050 1300 Basil.
1060 1269 1161 1306 refuso
1172 1269 1342 1299 ed.Vicet.
1352 1271 1454 1298 retuso
1467 1272 1537 1298 vet.
1549 1267 1666 1298 Germ.

198 1312 309 1342 Coun.
328 1313 412 1343 Exc.
428 1313 573 1344 Lucens.
590 1323 658 1344 sec.
675 1313 730 1343 ed.
748 1313 864 1344 Parni.
887 1316 923 1342 et
939 1312 1117 1342 alii.—186
1140 1312 1281 1352 quatitur
1294 1314 1474 1342 numeratus
1484 1310 1566 1340 Vat.
1584 1313 1666 1340 tert.

198 1354 296 1385 Med.
315 1364 384 1386 sec.
408 1365 451 1385 ni.
467 1365 517 1394 pr.
545 1356 610 1385 luce
627 1356 705 1386 Vat.
724 1360 834 1396 quart.
852 1360 887 1386 et
900 1355 1009 1395 quint.
1027 1354 1108 1385 item
1124 1355 1206 1386 Jun.
1222 1364 1272 1395 pr.
1290 1355 1355 1384 luce
1370 1353 1423 1384 vel
1439 1356 1526 1384 nocte
1542 1353 1666 1384 Petav-

198 1400 358 1437 pru—187
383 1408 494 1437 expers
531 1408 591 1438 pro
619 1398 724 1438 hospes
749 1398 844 1428 Med.
870 1400 1059 1428 torn—188
1093 1398 1205 1428 luceret
1242 1406 1351 1436 marg.
1383 1395 1509 1436 Isingr.
1548 1400 1669 1426 contra

197 1443 445 1471 metunt—189
459 1445 568 1480 potens
579 1441 716 1471 Thalos.
745 1442 886 1480 Auguste
905 1440 1000 1471 Med.
1016 1445 1128 1480 quart.
1154 1443 1262 1480 sponte
1285 1439 1490 1470 reluxitVat.
1504 1447 1554 1479 pr.
1566 1439 1667 1469 Farn.

198 1485 306 1513 -190
330 1483 409 1513 Diri
433 1484 518 1514 sidus
548 1484 610 1521 avi,
636 1494 688 1514 seu
715 1486 745 1514 te
777 1489 845 1514 vet.
864 1483 948 1523 Gyr.
967 1484 1051 1513 Exc.
1069 1484 1214 1513 Lucens.
1243 1492 1310 1513 sec.
1341 1482 1444 1512 Dives
1480 1490 1554 1512 avus
1584 1481 1668 1512 Lov.

196 1525 301 1556 Divus
315 1535 390 1555 avus
400 1525 510 1563 fausta
523 1536 576 1556 seu
597 1530 627 1557 te
650 1526 767 1558 Ainbr.
783 1530 861 1557 tert.
876 1526 977 1556 Dii-us
992 1535 1067 1556 avus
1079 1536 1132 1557 seu
1148 1529 1178 1557 te
1189 1527 1283 1556 claris
1296 1525 1372 1555 Pal.
1384 1525 1486 1555 Farn.
1504 1528 1539 1554 et
1552 1532 1668 1554 omnes

198 1568 281 1599 Vat.
297 1568 430 1599 Tliuan.
447 1575 482 1599 et
498 1569 617 1599 Ainbr.
650 1579 699 1609 pr.
731 1570 825 1599 claris
839 1579 890 1599 seu
907 1572 937 1598 te
957 1568 1052 1599 Med.
1080 1573 1191 1609 quart.
1221 1569 1348 1598 Moret.
1376 1577 1445 1598 sec.
1474 1566 1569 1597 Leid.
1596 1575 1665 1598 see.

198 1610 284 1642 Exc.
302 1611 443 1642 Gevart.
459 1622 510 1642 seu
533 1616 564 1642 te
586 1613 687 1642 clarus
704 1613 755 1642 vel
771 1612 863 1642 claris
881 1611 971 1641 Prie.
988 1621 1043 1641 seu
1068 1615 1099 1641 te
1125 1612 1198 1641 coelo
1213 1611 1310 1641 Leid.
1330 1620 1380 1650 pr.
1396 1611 1478 1640 Vat.
1497 1613 1578 1640 tert.
1604 1618 1668 1649 pro

196 1662 269 1684 var.
288 1654 384 1684 Lect.
404 1654 498 1684 Med.
517 1664 587 1685 see.
603 1656 675 1684 caelo
700 1665 751 1685 seu
780 1658 810 1685 te
838 1654 892 1684 ed.
910 1654 1024 1684 Vicet.
1047 1654 1120 1683 coelo
1144 1654 1196 1684 vel
1223 1653 1315 1683 claris
1331 1653 1484 1683 Florent.
1513 1651 1607 1681 claris
1633 1652 1668 1681 in

198 1695 307 1726 Oisel.
324 1695 553 1736 desideratur,
582 1701 619 1727 ut
647 1702 682 1728 et
699 1698 732 1728 in
750 1698 835 1737 Reg.
854 1696 989 1726 TholOS.
1007 1696 1131 1726 Petav.
1148 1705 1218 1726 sec.
1235 1699 1270 1725 et
1285 1694 1414 1725 duobus
1432 1693 1550 1724 Ambr.
1567 1703 1619 1724 sea
1637 1697 1668 1724 te

187 1737 258 1775 ‚iam
274 1742 340 1769 tum
362 1739 458 1769 Med.
474 1744 555 1770 tert.
571 1750 625 1770 seu
641 1743 671 1770 te
687 1740 804 1771 czmctz's
821 1741 915 1770 Rott.
933 1748 985 1769 seu
1001 1742 1031 1768 te
1046 1748 1139 1778 puero
1154 1738 1236 1768 Put.
1259 1748 1312 1768 sea
1334 1740 1365 1767 te
1380 1740 1488 1767 nalum
1500 1736 1555 1766 vel
1569 1746 1620 1766 seu
1637 1739 1668 1766 te

190 1780 338 1819 jamjam
354 1781 468 1812 Oxou.
486 1792 554 1813 sec.
571 1793 625 1813 seu
653 1786 683 1814 te
699 1783 855 1813 (lominum
871 1782 1001 1813 Mazar.
1031 1791 1133 1811 manu
1160 1780 1304 1812 recenti.
1327 1780 1427 1811 Dives
1455 1783 1543 1819 arus,'
1563 1779 1668 1809 charis

851 1845 991 1878 NOTAE

242 1900 303 1928 184
326 1898 445 1929 Audax
458 1899 562 1939 stella]
592 1900 696 1933 Quasi
709 1900 807 1931 stella
821 1910 901 1931 ausa
957 1904 1139 1945 spiendore
1155 1904 1313 1945 aequabat
1343 1913 1556 1935 numerosam
1584 1903 1668 1934 stel-

198 1947 244 1978 sit
266 1949 405 1988 prodire
433 1951 596 1982 meridie:
627 1951 686 1981 sed
714 1951 901 1982 notandum
955 1955 1064 1986 larum
1104 1955 1225 1986 Bootae
1271 1955 1535 1985 multitudinem.
1609 1955 1666 1985 De

197 2002 252 2028 est
268 1998 321 2029 hic
349 2000 482 2030 stellam
511 2000 565 2031 die
597 2001 704 2031 visam
730 2002 809 2040 poni
840 2010 903 2042 pro
958 2007 1070 2037 Boote
1108 2015 1211 2046 supra
1245 2005 1390 2036 diximus
1420 2005 1454 2035 in
1483 2013 1538 2035 111.
1566 2004 1667 2036 Cous.

196 2047 372 2080 fortunato
388 2051 556 2091 praesagio
571 2061 579 2089 ;
604 2051 668 2081 etsi
685 2051 767 2082 alias
781 2051 903 2082 infelix
960 2057 1050 2088 Ηοῃ,
1066 2066 1099 2087 v,
1118 2059 1190 2087 170,

197 2100 307 2130 stellae
318 2100 450 2132 diurnae
469 2106 629 2141 aspectus
643 2111 716 2133 esse
730 2102 906 2143 credatur,

197 2149 287 2189 quod
303 2150 437 2181 scilicet
453 2151 487 2181 id
508 2151 568 2182 fiat
585 2162 683 2183 verso
702 2157 835 2184 naturae
853 2163 905 2184 or·

198 2199 288 2232 dine.

241 2252 302 2281 185
330 2250 517 2281 Dubitanda
536 2252 631 2292 nihil]
653 2254 734 2284 Tam
751 2255 843 2285 clare
858 2254 905 2285 vi-

198 2299 346 2331 debatur
362 2301 473 2340 stella,
489 2305 527 2331 ut
548 2301 590 2332 de
618 2311 659 2332 ea
675 2303 830 2335 dubitare
848 2314 905 2335 ne-

198 2360 254 2381 mo
268 2354 397 2390 posset.

243 2401 353 2441 Crine]
379 2401 481 2432 Radii
497 2403 594 2444 liujus
618 2404 739 2444 steHae,
764 2405 901 2445 capillo-

200 2461 273 2483 rum
287 2453 437 2493 speciem
453 2453 633 2485 habebant.

242 2506 304 2534 156
342 2503 524 2545 Languida]
559 2505 710 2535 Moriens
725 2516 732 2535 ε
768 2509 901 2536 veteres

198 2553 361 2585 dicebant
387 2554 513 2594 ignem,
531 2555 639 2586 instar
652 2555 817 2594 animalis,
833 2556 900 2596 spi-

198 2613 275 2635 rare
294 2608 327 2635 et
345 2605 532 2646 exspirare,
547 2606 768 2646 languescere
785 2610 820 2637 et
844 2616 899 2637 ex—

198 2654 307 2686 citari.

242 2705 303 2735 Sed
316 2706 461 2746 quantus]
485 2706 592 2737 Stella
618 2706 687 2736 sola
704 2710 798 2737 tanta
815 2714 901 2747 erat,

201 2760 345 2795 quantus
374 2761 427 2787 est
461 2757 607 2795 Bootes;
646 2756 708 2788 hoc
745 2762 807 2798 est,
841 2768 899 2789 suo

1005 2109 1067 2137 187
1094 2107 1216 2147 Hospes
1230 2104 1331 2145 ignis]
1355 2104 1519 2144 Flamma,
1545 2104 1666 2135 stella:

962 2162 997 2189 et
1010 2158 1139 2198 optime
1156 2158 1291 2197 hospes,
1305 2165 1380 2197 quae
1397 2155 1431 2185 in
1449 2165 1488 2186 eo
1504 2156 1577 2186 loco
1594 2164 1668 2185 esse

961 2217 1027 2238 non
1044 2207 1132 2238 solet
1148 2207 1210 2237 hoc
1228 2211 1394 2245 tempore.

1005 2260 1068 2288 189
1090 2257 1254 2296 Augusta]
1285 2255 1363 2285 Sive
1381 2255 1481 2285 stella
1494 2254 1550 2285 illa
1567 2253 1669 2286 fuerit

959 2311 1072 2337 mater
1109 2311 1168 2336 tua
1206 2305 1349 2335 Placilla
1391 2314 1448 2335 seu
1489 2305 1664 2344 Flaccilla,

956 2356 1027 2387 sive
1050 2366 1145 2395 avus,
1171 2355 1240 2395 qui,
1262 2356 1369 2385 instar
1397 2355 1482 2386 Julii
1506 2356 1668 2394 Caesaris,

956 2409 1183 2449 probabiliter
1200 2407 1357 2439 conversi
1375 2412 1454 2438 sunt
1471 2408 1504 2438 in
1521 2413 1621 2439 astra.

1001 2461 1063 2489 190
1083 2459 1178 2499 Divi]
1199 2458 1310 2489 Julius
1326 2457 1455 2496 Caesar,
1472 2456 1664 2498 Augustus,

958 2513 992 2539 et
1020 2509 1076 2539 alii
1104 2508 1200 2539 multi
1232 2508 1393 2546 deinceps
1419 2507 1665 2548 Imperatores,

957 2563 1035 2599 post
1050 2563 1195 2589 mortem
1213 2557 1406 2588 consecrati
1431 2561 1520 2598 sunt,
1546 2562 1582 2590 et
1605 2568 1666 2600 ap-

958 2609 1078 2650 pellati
1092 2608 1182 2640 Divi.

999 2659 1122 2698 Astris]
1146 2657 1358 2697 Gentilibus,
1387 2657 1458 2688 sive
1486 2667 1504 2688 e
1536 2657 1664 2691 familia

957 2709 1102 2741 Honorii
1118 2709 1296 2748 destruitis,
1325 2712 1432 2740 matre
1467 2709 1602 2741 scilicet
1628 2715 1663 2742 et

957 2769 1029 2790 avo.

1818 89 1819 93 ‘
1816 0 1852 77 §2:2⁵
