1857 3177
488 255 549 284 DE
585 252 760 283 MALLU
796 253 979 284 THEOD.
1014 253 1153 284 CONS.

96 349 263 390 Abdita
282 348 489 403 pallentis
510 348 619 389 fodit
640 349 814 389 solertia
836 349 984 391 Bessi.

156 416 225 457 Ac
247 417 366 457 velut
387 419 565 456 exertus
587 416 806 456 lentandis
826 417 978 455 navita
998 415 1142 456 tonsis

98 483 342 525 Praeficitur
361 484 485 524 lateri
508 489 688 534 custos3
722 484 819 523 hinc
836 483 976 523 ardua
996 496 1139 537 prorae

96 549 346 604 Temperat,
368 556 413 590 et
432 551 595 591 fluctus
616 552 983 602 tempestatesque
1005 549 1177 591 futuras

97 616 290 658 Edocet:
324 617 507 658 assiduo
530 631 628 657 eum
648 615 817 657 Dorida
837 615 985 655 vicerit
1005 629 1104 665 usu,

99 683 203 724 dam
223 684 398 725 clavum
416 690 641 737 totamque
663 683 780 724 subit
800 687 996 734 torquere
1017 684 1207 724 carinam
1224 697 1233 724 ε

99 751 173 803 Sic
196 763 295 791 cum
314 752 430 792 clara
452 752 526 791 diu
547 764 684 794 rerum
705 750 963 790 documenta
984 749 1198 799 dedisses,

100 816 203 858 Non
224 821 266 858 te
285 821 408 871 parte
431 819 514 867 sui,
538 817 614 857 sed
638 817 681 856 in
703 817 820 856 omni
844 828 1045 868 corpore,
1069 817 1226 856 sumsit

93 884 351 937 Imperium,
375 887 622 936 cunctaque
644 882 764 923 dedit
783 883 933 923 tellure
955 881 1166 934 regendos

94 992 245 1023 occultata
261 992 353 1023 Bessi
367 992 477 1033 pauidi
491 990 600 1032 effodit
624 994 764 1021 scrutans
786 999 877 1021 renas
898 990 1065 1029 sequendas
1087 991 1175 1029 longe
1188 1000 1206 1020 a
1222 990 1346 1021 lumine.
1394 989 1435 1020 Et
1452 998 1554 1029 quem-

93 1035 258 1065 admodum
273 1037 368 1065 nauta
378 1036 524 1074 probatus
537 1034 630 1064 remis
648 1033 810 1072 agitandis
833 1033 1034 1063 constituitur·
1058 1036 1160 1063 custos
1182 1033 1302 1071 lateris,
1328 1042 1369 1063 ex
1396 1032 1450 1062 hoc
1478 1032 1555 1062 loco

93 1076 176 1116 regit
200 1077 297 1107 altam
311 1087 448 1117 proram,
474 1080 502 1107 et
527 1077 659 1107 ostendit
676 1076 786 1112 undas,
813 1085 850 1105 ac
870 1075 1020 1114 procellas
1046 1075 1249 1113 imminentes,
1275 1084 1343 1105 cum
1365 1073 1555 1114 superaverit

94 1129 181 1150 mare
195 1120 339 1150 continua
356 1119 567 1159 experientia:
591 1119 700 1157 etjam
715 1118 824 1157 incipit
842 1117 993 1147 moderari
1006 1118 1257 1155 gubernaculum,
1273 1121 1302 1147 et
1319 1120 1418 1146 totam
1432 1116 1534 1147 navim
1546 1125 1556 1145 .·

93 1162 142 1192 ita
157 1165 204 1201 tu,
221 1173 289 1193 cum
302 1162 486 1202 proebaisses
500 1161 685 1199 jamdudum
697 1160 849 1199 insignem
863 1159 1025 1189 scientiam
1049 1169 1164 1199 rerum,
1181 1160 1368 1190 Romanum
1389 1158 1558 1198 Imperium

95 1204 236 1235 adhibuit
251 1208 293 1245 te,
309 1215 367 1236 non
391 1205 423 1236 in
443 1208 534 1246 parte
554 1204 603 1234 sut·
627 1203 787 1244 regenda,
802 1203 854 1233 sed
880 1203 910 1232 in
932 1205 998 1232 eota
1013 1203 1101 1242 mole,
1116 1206 1147 1233 et
1163 1202 1313 1233 commisit
1331 1201 1389 1232 tibi
1403 1200 1555 1241 guberna-

709 1296 930 1309 eeeeeeeeeee

96 1365 164 1395 ‹Iita
180 1365 332 1395 Florent.
350 1368 494 1405 quatuor
519 1363 615 1396 Med.
643 1363 696 1394 ed.
713 1363 827 1394 Vicet.
844 1363 939 1396 iExc.
957 1362 1099 1393 Lucens.
1127 1371 1196 1393 sec.
1212 1361 1340 1398 fallacis
1360 1359 1447 1398 fodit
1463 1358 1560 1390 Pric.

88 1407 175 1445 fovit
196 1408 320 1438 Moret.
342 1407 492 1447 pr.sudit
514 1407 613 1437 Rott.
637 1407 851 1437 Manain—42
875 1405 996 1436 excitus
1022 1405 1076 1435 ed.
1095 1405 1206 1435 Vicet.
1222 1405 1302 1436 Var.
1329 1403 1399 1433 LL.
1418 1412 1436 1433 e
1453 1410 1559 1441 marg.

97 1450 212 1481 Parni.
230 1454 264 1480 et
279 1450 332 1481 ed.
350 1449 454 1480 Antv.
473 1449 551 1480 Ald.
580 1450 664 1480 Exc.
688 1448 820 1479 Schott.
838 1451 874 1478 et
898 1447 1036 1479 Ruben.
1053 1450 1170 1478 erectus
1184 1447 1263 1479 Jun.
1281 1455 1332 1486 pr.
1350 1448 1478 1475 exertus
1491 1442 1559 1473 duo

97 1492 307 1524 Leidd.cum
326 1493 447 1532 viginti
474 1492 604 1522 duobus
622 1491 696 1522 aliis
725 1496 760 1521 et
789 1491 873 1522 Exc.
904 1491 1047 1521 Lucens.
1064 1499 1132 1520 sec.
1159 1490 1192 1520 in
1215 1489 1333 1519 Ambr.
1361 1497 1429 1518 sec.
1455 1486 1559 1516 etiam

95 1538 222 1566 exertus
238 1539 290 1566 est
307 1545 381 1566 cum
409 1536 522 1575 glossa
547 1535 569 1565 i.
595 1545 621 1565 e.
647 1536 787 1574 paratus.
817 1535 941 1563 exertus
964 1533 1015 1563 vel
1044 1536 1167 1572 ereptus
1193 1532 1246 1562 vel
1270 1534 1388 1562 erectus
1403 1530 1481 1559 Vat.
1506 1537 1558 1568 pr.

95 1578 229 1609 letandis
259 1578 342 1616 Reg.
375 1577 472 1608 Med.
500 1582 609 1617 quart.
639 1576 736 1606 tonsis
767 1576 843 1605 Vat.
874 1584 926 1614 pr.
957 1574 1050 1605 remis
1079 1576 1132 1605 vel
1162 1574 1259 1604 tonsis
1287 1573 1368 1604 Vat.
1401 1575 1560 1611 quart.—

95 1623 136 1651 43
161 1619 335 1661 Proficitm·
348 1620 430 1652 Jun.
447 1629 500 1658 pr.
518 1618 689 1660 Perficitur
712 1617 808 1649 Med.
836 1622 950 1657 quart.
968 1617 1076 1647 lateris
1090 1617 1169 1647 Vat.
1193 1625 1243 1656 pr.
1263 1625 1308 1645 m.
1336 1624 1387 1654 pr.
1409 1613 1562 1643 Florent.

94 1672 197 1703 prorae
218 1662 273 1692 vel
298 1663 415 1702 prolem
443 1662 529 1700 Reg.
558 1662 672 1692 Oxou.
702 1661 841 1699 piu—14
863 1668 988 1689 sonoras
1006 1659 1086 1689 Vat.
1107 1663 1186 1688 tert.
1215 1658 1367 1687 Florent.
1385 1655 1451 1685 duo
1466 1653 1563 1685 Med.

97 1703 366 1741 Mazar.futuras
383 1704 436 1733 vel
447 1713 572 1733 sonoras
585 1702 693 1733 Oisel.
706 1702 786 1731 Vat.
803 1709 854 1740 pr.
869 1700 963 1730 Med.
980 1703 1144 1731 terh—45
1161 1700 1323 1730 Proedocet
1338 1697 1429 1738 conj.
1445 1696 1564 1727 Heius.

95 1747 258 1777 concordia
287 1755 350 1787 pro
375 1755 446 1776 cum
468 1745 591 1776 Dorida
606 1744 686 1776 Jun.
712 1752 764 1784 pr.
790 1746 868 1773 aestu
892 1742 1019 1773 Movet.
1047 1745 1203 1773 sem—46
1225 1745 1401 1780 tortumque
1416 1739 1496 1771 Jun.
1510 1748 1564 1778 pr.

95 1790 200 1821 carine
213 1790 295 1820 Vat.
312 1798 364 1828 pr.
381 1798 424 1819 m.
442 1797 493 1828 pr.
514 1787 622 1818 carina
636 1787 717 1818 Jun.
740 1787 879 1825 pre-47
904 1784 967 1814 Sed
985 1785 1116 1814 Mazar.
1142 1784 1256 1814 mentis
1282 1785 1461 1813 documenta
1483 1781 1563 1811 Vat.

96 1842 150 1874 pr.
170 1833 251 1863 item
270 1831 352 1862 Vat.
370 1830 481 1861 Livin.
499 1830 584 1860 Exc.
607 1830 750 1859 Lucens.
768 1835 838 1857 sec.
861 1826 974 1856 mentis
989 1826 1041 1856 vel
1057 1835 1161 1856 rerum
1177 1825 1272 1855 Med.
1290 1829 1371 1854 tert.
1392 1827 1494 1854 tecum
1509 1823 1564 1853 vel

97 1885 201 1906 rerum
227 1873 324 1904 Med.
350 1877 464 1912 quart.
479 1871 613 1902 dedisset
637 1870 757 1900 decem
785 1868 1004 1908 scripti—48
1026 1868 1074 1897 sm·
1090 1868 1169 1898 Vat.
1193 1876 1263 1898 sec.
1280 1866 1357 1896 Pal.
1374 1865 1492 1896 Ambr.
1510 1863 1566 1904 prss

98 1927 154 1948 sua
170 1916 237 1947 duo
253 1914 375 1946 Leidd.
388 1924 464 1945 cum
481 1913 604 1954 viginti
622 1917 769 1953 quatuor
786 1911 872 1948 alim,
889 1910 972 1940 Exc.
998 1909 1142 1940 Gevart.
1166 1910 1309 1940 Lucens.
1327 1917 1379 1948 pr.
1396 1907 1477 1938 Var.
1496 1906 1564 1937 LL.

99 1960 153 1990 ed.
171 1958 275 1990 Antv.
290 1961 426 1997 tempore
442 1956 523 1988 Jun.
541 1965 592 1995 pr.
610 1954 728 1985 Ambr.
751 1963 819 1984 sec.
836 1953 916 1983 Var.
940 1952 1007 1983 LL.
1032 1951 1085 1982 ed.
1102 1951 1207 1982 Antv.
1225 1961 1268 1981 m.
1290 1960 1342 1991 pr.
1358 1953 1492 1989 tempore
1508 1948 1564 1979 vel

96 2011 222 2042 corpore
236 2000 331 2031 Med.
349 2003 430 2030 tert.
445 1999 542 2029 sensit
559 1997 672 2028 Oxou.
691 2006 742 2037 pr.
757 1996 890 2026 Mazar.
906 1993 1024 2025 Ambr.
1042 2003 1093 2034 pr.
1109 1994 1235 2024 Moret.
1249 2002 1317 2024 sec.
1328 1992 1459 2032 sumpsit
1477 1991 1563 2021 Exc.

100 2042 296 2081 Laeti.fudit
315 2042 421 2073 Oisel.
438 2041 492 2071 ed.
519 2040 635 2070 Vicet.
653 2040 737 2070 Exc.
765 2038 897 2068 Ruben.
913 2036 1044 2076 sumpsit
1061 2036 1213 2073 velfudit
1231 2036 1380 2066 Florent.
1396 2033 1491 2064 sensit
1508 2032 1561 2062 vel

100 2087 229 2127 sumpsit
250 2085 348 2116 Med.
365 2088 475 2125 quart.
493 2082 566 2113 Non
581 2082 675 2113 sensit
691 2084 721 2111 te
732 2083 824 2121 parte
838 2089 894 2110 sua
916 2080 968 2110 sed
984 2088 1109 2119 corpore
1128 2078 1160 2109 in
1175 2078 1258 2108 omni
1282 2077 1453 2117 Reg.-50
1477 2075 1562 2107 Duc-

759 2169 904 2202 NOTAE

142 2245 181 2273 41
199 2241 333 2281 Abdita]
349 2238 496 2271 solertia
511 2238 628 2269 abdita
644 2236 754 2276 Bessi,
772 2235 807 2266 id

100 2297 163 2332 est,
177 2292 276 2323 Bessi
293 2292 327 2322 in
344 2296 436 2322 terra
458 2289 565 2321 abditi
581 2293 617 2320 et
632 2286 805 2319 occultati.

143 2341 312 2381 Pallentis]
379 2340 574 2380 Perpetuus
614 2338 671 2368 ille
713 2337 815 2368 color⁷

99 2397 151 2425 est
168 2391 331 2434 ejusmodi
347 2399 541 2432 operarum.
579 2389 680 2420 Silius
711 2387 807 2418 ltali-

101 2452 181 2475 cus:
197 2444 207 2461 ‘
223 2443 269 2474 Et
279 2441 370 2473 redit
382 2439 499 2472 infelix
510 2438 632 2471 effosso
649 2437 808 2469 concolor

102 2492 208 2525 auro.’

145 2542 256 2583 Bessi]
282 2542 379 2574 Bessi
407 2545 485 2574 sunt
498 2540 654 2572 Thraciae
680 2538 810 2579 populi,

101 2603 183 2635 quos
219 2594 371 2625 Pacatus
417 2591 571 2632 appellat
610 2589 811 2627 Quoesflores,

104 2642 195 2684 quod
211 2652 329 2674 aurum
355 2642 389 2673 in
417 2646 520 2673 terrae
535 2639 724 2672 visceribus
752 2648 811 2670 ex·

108 2694 257 2735 quii-ant.

149 2745 191 2774 42
215 2742 371 2782 Exertus]
393 2742 576 2781 Probatus,
590 2745 741 2782 paratus,
756 2749 811 2771 ex-

106 2793 254 2836 peditus.
286 2792 340 2824 Sic
355 2802 374 2823 a
388 2791 502 2824 Statio
517 2791 656 2831 dicitur,
671 2792 680 2808 ‘
696 2789 810 2822 Diana

862 2232 1004 2273 exe1·ta,’
1020 2232 1054 2262 id
1071 2235 1136 2269 est,
1150 2234 1298 2271 promta,
1314 2232 1466 2269 experta.

904 2282 1092 2322 Lentandis]
1115 2281 1157 2312 Id
1185 2286 1251 2319 est,
1273 2281 1375 2310 remis
1396 2280 1489 2310 lente
1507 2279 1567 2311 ob-

862 2333 1022 2365 luctando
1053 2331 1220 2372 agitandis
1235 2341 1242 2361 :
1279 2331 1332 2360 vel
1360 2330 1491 2360 lentare
1515 2339 1567 2360 re-

862 2394 933 2416 mos
949 2384 1104 2421 dicimus,
1119 2382 1198 2422 quia
1226 2380 1308 2411 remi
1332 2389 1374 2409 ex
1397 2379 1489 2410 lenta
1516 2388 1568 2409 ar-

861 2436 945 2467 bore
954 2434 1242 2466 facticurvantur.
1259 2430 1437 2470 Virgilius:
1453 2430 1461 2446 ‘
1475 2428 1566 2459 Ante

863 2491 899 2517 et
910 2484 1083 2517 Trinacria
1093 2481 1271 2513 lentandus
1285 2489 1396 2510 remus
1406 2479 1438 2509 in
1451 2478 1567 2509 unda.'

910 2535 1033 2575 Tonsis]
1058 2533 1154 2566 Remi
1173 2531 1229 2572 qui
1247 2531 1408 2561 dicuutur
1425 2534 1530 2561 tonsae
1547 2537 1567 2559 a

864 2585 1049 2619 tondendis
1065 2581 1342 2621 decutiendisque
1361 2579 1530 2610 fluctibus.

908 2638 949 2666 43
973 2633 1080 2665 Lateri
1103 2629 1217 2669 custos]
1239 2629 1422 2669 Inspector
1446 2627 1568 2659 Nauti-

866 2696 981 2717 carum
1010 2692 1203 2725 operarum,
1232 2680 1376 2721 ideoque
1408 2679 1439 2710 in
1469 2678 1566 2710 navis

864 2737 972 2767 latere
989 2733 1216 2765 constituitur.

907 2790 947 2819 45
973 2783 1116 2824 Dorida]
1147 2781 1246 2814 Doris
1263 2783 1315 2812 est
1331 2779 1410 2812 Dea
1425 2778 1567 2819 marina,
