1857 3177
549 215 608 243 DE
641 213 714 242 01..
750 212 1056 242 CLAUDIANo.
1476 204 1533 244 55

71 308 295 361 variisque
316 308 466 361 figuris
490 321 540 348 ac
565 307 794 347 sententiis
814 305 999 346 mirifice
1021 306 1236 357 delectat3
1259 311 1308 346 ut.
1329 307 1532 348 videatur

72 389 97 417 a
134 383 286 416 natura
318 377 418 429 ipsa
454 377 694 417 instructus
726 375 781 415 ad
812 373 1046 415 PoEticam
1068 374 1342 414 facultatem.
1409 374 1533 414 Veri-

71 444 216 483 simile
235 451 302 483 est
325 456 425 483 eum
443 443 601 483 Roma>
625 443 701 483 diu
723 448 956 491 versatum,
975 444 1220 494 multasque
1239 441 1382 481 Italiae
1402 441 1532 480 urbes

72 523 359 564 peragrasse3
384 510 500 563 quod
525 525 620 550 cum
645 512 739 551 alia
760 510 895 550 multa
918 514 1147 557 testantur,
1172 514 1262 549 tum
1301 508 1341 547 lii
1367 520 1532 556 versus,

74 591 188 630 quos
211 578 264 617 dc
287 577 456 617 balneis
479 577 626 630 Aponi
656 578 926 631 composuit.
988 578 1134 630 Opera
1153 577 1270 617 illius
1295 576 1406 615 satis
1428 578 1539 615 nota

75 650 177 684 sunt
197 659 205 685 :
239 644 317 683 sed
341 645 614 697 praecipuam
637 645 818 685 laudem
846 645 946 693 sibi,
974 645 1207 684 multorum
1226 642 1416 696 judicio,
1440 642 1536 681 vin-

73 711 192 752 dicat
227 711 295 750 his
328 712 618 761 carminibus,
643 713 806 764 quibus
849 712 1078 764 principes
1100 712 1218 751 viros
1239 711 1421 750 summis
1443 710 1539 750 lau-

74 778 328 818 dationibus
371 792 449 817 seu
486 778 774 831 Panegyricis
812 779 1013 819 extulit..
1029 777 1342 830 ..Augustinus
1385 781 1428 817 et
1458 776 1536 816 alii

71 851 245 885 veteres
267 846 498 898 plurimum
532 845 890 886 connncndarunt
923 846 1143 897 ingenium
1165 848 1297 898 atque
1321 843 1535 885 eruditio-

70 925 169 953 nem
193 913 459 953 Claudiani?

642 990 686 1031 J.
717 990 964 1031 Vadianus.

127 1083 139 1100 ‘
158 1079 259 1120 Jam
283 1080 458 1133 Raptus
478 1080 759 1132 Proserpina}
785 1081 897 1120 adeo
935 1081 1179 1132 insignibus
1213 1080 1441 1128 montium,
1464 1092 1534 1120 ur-

70 1148 207 1195 bium,
232 1148 422 1195 lacuum,
446 1148 638 1187 amnium
661 1147 771 1187 locis
790 1148 974 1187 refertus
996 1151 1075 1195 est,
1111 1152 1161 1187 ut
1183 1148 1404 1200 piaculum
1426 1146 1535 1187 mihi

71 1215 288 1263 rideatur,
313 1216 348 1255 si
371 1216 466 1267 quis
489 1215 784 1267 Geographia}
819 1228 988 1267 expers
1011 1218 1098 1254 tam
1122 1215 1340 1254 eruditum
1365 1214 1535 1254 Po'ema

73 1283 273 1333 attingat,
296 1281 459 1320 nedum
480 1281 674 1329 evolvat,
693 1281 948 1332 profiteatur
954 1310 1060 1321 .....
1066 1294 1196 1333 quem
1229 1280 1380 1329 alium,
1402 1293 1535 1333 quam

72 1348 384 1401 Gcographum
419 1349 712 1402 Claudianum
764 1348 947 1387 dixeris
1007 1347 1205 1387 Transeo
1248 1348 1450 1387 encomia
1490 1346 1535 1386 in

73 1415 378 1463 Stilichonem,
403 1416 460 1455 ob
483 1415 566 1455 hoc
602 1415 792 1455 maxime
825 1415 1012 1464 erudita,
1045 1415 1168 1468 quod
1200 1415 1313 1455 locis
1334 1413 1535 1466 Geogra-

72 1483 187 1537 phiae
212 1482 498 1536 explicandis
517 1483 676 1524 referta
699 1483 828 1524 sunt?

529 1582 693 1622 Zazius
713 1582 742 1623 J
748 1583 1070 1624 ureconsultus.

131 1677 143 1694 ‘
166 1672 313 1724 Quam
349 1677 488 1714 totam
519 1686 611 1713 rem
635 1672 909 1714 Claudianus
944 1674 999 1715 ad
1023 1673 1276 1714 Honorium
1298 1672 1534 1726 elegantis-

73 1742 200 1790 simo,
219 1743 307 1782 imo
330 1754 479 1790 aureo,
502 1742 691 1782 carmine
711 1743 974 1795 complexus
992 1747 1078 1783 est.
1143 1740 1292 1791 Quam
1312 1742 1425 1781 bene
1454 1741 1533 1782 ha-

72 1810 203 1859 beret,
242 1810 278 1849 si
314 1809 599 1850 celeberrima
647 1810 901 1863 hujusmodi
947 1811 1138 1851 carmina
1170 1810 1323 1850 divino
1361 1808 1534 1861 ingenio

73 1877 239 1930 scripta
261 1877 548 1931 Principibus
570 1877 786 1919 Romanis
807 1883 896 1919 tam
920 1891 1109 1932 operose
1131 1879 1437 1931 ingererentur
1452 1875 1475 1917 !'

174 1986 434 2027 Ludovicus
457 1987 615 2037 Vives,
638 1988 666 2029 l.
686 2000 759 2030 111.
776 1989 846 2030 De
869 1989 1120 2029 Tradendis
1145 1978 1430 2040 Disciplinis.

131 2079 142 2098 ‘
164 2075 396 2116 Ausonius
419 2076 579 2117 Gallus
598 2078 762 2130 ubique
788 2084 967 2130 argutus
999 2084 1043 2119 et
1083 2078 1306 2126 excitans,
1339 2089 1420 2116 nec
1441 2076 1532 2118 lec-

75 2149 211 2184 torem
240 2144 343 2183 sinit
372 2144 624 2185 dormitare.
688 2144 958 2186 Claudianus
992 2145 1164 2194 melior,
1203 2157 1257 2185 ac
1295 2144 1457 2196 ingenii
1488 2148 1533 2185 et

74 2211 255 2265 spiritus
277 2211 409 2263 plane
433 2210 642 2252 Poetici.'

102 2320 226 2362 Idem
247 2322 293 2361 in
315 2320 484 2362 Comm.
509 2321 566 2361 ad
587 2321 633 2362 S.
652 2319 967 2374 Augustinum,
990 2322 1045 2363 de
1069 2321 1166 2364 civ.
1189 2322 1290 2371 Dei,
1313 2321 1343 2362 l.
1364 2332 1410 2362 v,
1431 2320 1501 2362 26.

129 2411 407 2453 Claudianus
431 2414 442 2431 ‘
465 2411 520 2452 ad
549 2426 726 2454 carmen
758 2413 886 2454 natus
922 2413 1022 2464 fuit,
1054 2412 1175 2467 quod
1205 2410 1531 2464 elegantissime

78 2480 258 2533 scripsit
279 2479 467 2520 Poetico
490 2481 555 2519 vir
570 2480 771 2532 ingenio!

185 2589 215 2630 J
219 2602 327 2630 anus
349 2590 609 2630 Parrhasius
632 2590 958 2644 Neapolitanus
986 2592 1029 2632 in
1051 2592 1146 2632 vita
1169 2587 1416 2631 Claudiani.

133 2681 145 2699 ‘
168 2679 215 2720 Si
234 2681 337 2721 nihil
354 2681 474 2721 aliud
502 2682 558 2722 ad
579 2682 824 2723 claritatem
845 2684 913 2724 sui
927 2683 1116 2724 nominis
1133 2679 1411 2722 Alexandria
1429 2692 1530 2733 pro-

77 2745 262 2797 tulisset,
303 2749 608 2801 illustraretur,
640 2750 854 2801 Hercule,
885 2751 955 2792 vel
996 2763 1083 2791 uno
1121 2748 1402 2800 Claudian03
1450 2748 1529 2802 qui
