1857 3177
580 251 628 281 m
667 251 896 282 aurinum
933 252 1028 282 mu.
1064 252 1115 281 ιι.
1496 244 1578 284 149

123 345 229 398 Ipse
250 347 358 386 iuter
378 346 562 395 medios,
584 359 634 386 ne
655 359 743 400 qua
763 346 815 386 de
835 349 958 400 parte
980 346 1193 399 relinquat

123 411 390 463 Barbaricm,
412 418 591 454 revocat
614 413 758 454 fulvas
779 414 822 454 in
844 417 1021 467 pectora
1040 413 1192 466 pelles,

124 478 380 533 Fraenaque,
401 484 442 520 et
462 481 672 520 immanes
692 481 932 533 pharetras,
957 493 1176 533 arcusque
1198 491 1380 520 sonoros

121 544 384 595 Assimulat,
407 553 682 600 mentemque
702 548 848 601 palam
872 551 1057 588 testatur
1077 547 1253 588 amictu.

122 613 220 654 Nec
242 615 373 667 pudet
394 613 615 655 Ausonios
637 628 804 665 currus,
826 619 869 655 et
881 615 980 668 jura
999 618 1228 666 regentem,

121 679 300 722 Sumere
319 681 531 722 deformes
551 684 676 732 ritus,
696 685 951 733 vestemque
973 680 1207 722 Getarum:

122 747 428 803 Insignemque
449 750 643 791 habitum
667 749 782 790 Latii
801 752 969 789 mutare
991 751 1193 801 togaeque

1525 478 1580 514 80

122 878 274 919 Rufinus,
282 881 313 911 in
326 881 435 920 medio,
446 891 482 912 ηε
491 882 685 921 aliquatenus
694 880 819 911 omittat
832 890 958 910 morem
968 880 1194 919 Bar—hararum,
1202 879 1335 910 retrahit
1344 878 1542 919 pellessulras
1550 879 1582 910 iu

119 923 287 961 gremium,
304 927 333 953 et
350 924 493 954 imitatur
508 924 653 961 habenas,
676 927 706 954 et
721 924 886 963 pharetras
900 923 1052 962 ingentes,
1079 927 1109 953 et
1124 932 1213 953 arcus
1227 923 1406 960 stridentes,
1421 925 1450 952 et
1464 921 1583 961 publice

119 965 253 996 ostendit
269 966 405 997 animum
423 970 513 998 veste.
563 967 669 1006 Neque
685 966 772 996 homo
787 967 898 996 (luceas
911 975 1046 1004 currum,
1063 969 1092 996 et
1106 967 1188 1003 teges
1203 966 1318 1003 Italioe,
1333 965 1482 995 erubescit
1496 974 1582 994 usur·

117 1017 194 1047 pare
210 1011 329 1048 turpem
345 1010 604 1048 consuetudinem,
626 1012 716 1048 atque
734 1009 912 1039 indumenta
930 1008 1095 1039 Getarum.

121 1053 189 1081 tare
211 1055 306 1082 restes
322 1051 456 1083 illustres
473 1052 590 1090 Italioe,
618 1052 718 1081 dolent
744 1052 835 1082 ricloe
860 1061 878 1081 a
894 1051 1003 1089 judice
1016 1051 1132 1091 pellito.

1141 1008 1188 1038 Ac
1211 1009 1293 1046 leges
1310 1008 1446 1047 impulsce
1461 1017 1582 1046 permu-

1179 1050 1258 1085 Qace
1265 1049 1368 1087 facies
1386 1050 1493 1090 populi
1517 1053 1582 1080 tum

732 1146 967 1157 aeaeaeaeaeaeaeaeaeaeaeae

124 1207 230 1240 Oisel.
249 1209 332 1239 Exc.
348 1208 446 1239 Laeti.
465 1212 604 1238 armenia
621 1210 686 1238 vet.
703 1207 757 1237 ed.
778 1208 889 1238 Parni.
907 1211 941 1237 et
959 1206 1042 1236 Exc.
1063 1206 1160 1246 Laeti,
1176 1206 1208 1236 in
1222 1205 1341 1246 quibus
1359 1205 1585 1243 etfaltulantia

125 1260 143 1280 a
159 1254 360 1291 n1.pr.——78
383 1254 517 1281 numeret
546 1252 628 1280 Exc.
647 1251 830 1280 Voss—79
851 1253 975 1289 pectora
992 1250 1070 1279 Yat.
1102 1259 1149 1288 pr.
1175 1249 1284 1278 Oisel.
1311 1248 1405 1279 Leid.
1434 1258 1486 1288 pr.
1503 1249 1583 1279 Vat.

125 1293 233 1324 Livin.
252 1294 375 1323 Petav.
393 1303 443 1333 pr.
472 1294 555 1323 Exc.
574 1293 675 1330 Laeti,
698 1295 820 1331 pectore
847 1296 916 1321 tres
933 1292 1012 1322 Vat.
1040 1291 1113 1322 Pal.
1140 1291 1240 1320 Farn.
1267 1291 1357 1320 Pric.
1385 1290 1508 1329 Isingr.
1534 1291 1584 1321 ita

123 1335 270 1365 Gesner.
284 1345 410 1373 corpora
429 1336 522 1365 Rott.
541 1335 636 1364 Med.
654 1343 856 1373 sec.corp0re
873 1334 1024 1363 Florent.
1043 1332 1204 1362 Heinsius
1222 1332 1447 1371 ascripserat:
1465 1334 1472 1348 ‘
1487 1342 1584 1371 pere-

124 1377 237 1416 grinos
262 1377 399 1407 habitus
422 1386 554 1407 sumere
574 1376 774 1416 probrosum
793 1375 894 1405 olim.’
926 1375 1101 1415 Lamprid.
1126 1375 1160 1404 in
1188 1373 1386 1411 Commodo,
1414 1384 1446 1413 p.
1462 1376 1517 1413 49,
1534 1377 1584 1405 12.

123 1420 267 1450 Casaub.
286 1429 318 1458 p.
336 1422 477 1450 ‹ast—80
498 1419 662 1459 pharetras
675 1418 726 1448 vel
753 1418 897 1457 phaleras
913 1417 1025 1448 Oxon.
1038 1419 1175 1457 pr.-—81
1200 1416 1364 1447 Assimilat
1381 1426 1496 1447 omnes
1511 1416 1584 1448 fere

123 1462 255 1502 scripti,
274 1462 356 1492 Exc.
374 1462 517 1493 Luceus.
538 1472 588 1501 pr.
617 1467 652 1492 et
677 1461 778 1499 Laeti,
804 1460 859 1491 ed.
884 1460 999 1491 Parm.
1028 1464 1063 1490 et
1087 1459 1199 1490 Vicet.
1228 1463 1387 1499 menteque
1405 1459 1499 1490 Leid.
1516 1469 1584 1493 sec.

122 1505 200 1536 satis
217 1506 366 1536 Florent.
384 1506 478 1535 Rott.
495 1505 572 1535 satis
589 1504 641 1535 vel
665 1504 769 1544 palam
796 1503 891 1534 Med.
919 1513 986 1534 see.
1012 1503 1183 1543 proclamat
1207 1503 1322 1532 amictu
1341 1503 1421 1532 Exc.
1437 1502 1584 1533 Lucens-

123 1557 191 1579 sec.
208 1549 324 1578 amictu
342 1553 408 1579 vet.
427 1547 511 1588 Gyr.
528 1547 659 1577 amictus
675 1551 822 1587 quatuor
836 1546 916 1576 Vat.
935 1545 1008 1577 Pal.
1036 1546 1136 1576 Fam.
1154 1545 1247 1575 Prie.
1264 1545 1356 1575 Rott.
1375 1545 1483 1575 Oiscl.
1501 1546 1584 1576 Exc.

125 1591 226 1629 Laeti,
242 1591 373 1621 amictus
389 1591 441 1622 vel
465 1590 579 1621 amictu
596 1590 708 1620 Oxou.
728 1590 866 1629 piu—82
892 1588 941 1618 Ne
960 1588 1057 1619 Rott.
1078 1589 1147 1618 Non
1162 1587 1292 1618 Thuan.
1319 1588 1443 1618 Mazar.
1461 1587 1586 1618 Moret.

125 1643 194 1664 sec.
211 1633 276 1664 duo
295 1633 411 1665 Ambr.
434 1634 497 1664 Nec
514 1634 565 1663 vel
583 1632 641 1662 Nil
658 1633 773 1662 oxon.
792 1642 840 1671 pr.
857 1641 962 1661 cursus
972 1631 1106 1662 Tliolos.
1118 1631 1217 1661 cultus
1231 1631 1309 1661 Vat.
1326 1640 1393 1660 sec.
1409 1629 1488 1660 bella
1504 1630 1586 1661 Put.

125 1686 144 1706 a
160 1686 204 1706 m.
222 1685 273 1716 pr.
298 1677 379 1706 Jura
397 1680 532 1707 tuentem
549 1675 644 1706 Leid.
668 1685 737 1705 sec.
757 1676 840 1705 Exc.
860 1674 1002 1704 Gevart.
1026 1674 1067 1704 ad
1084 1673 1258 1713 vulgatam
1284 1672 1443 1703 tuendam
1462 1673 1588 1712 ascrip—

126 1724 217 1750 serat
233 1718 394 1750 Heinsius
411 1720 518 1749 locinu
537 1718 611 1749 Lib.
627 1727 667 1748 11.
685 1718 718 1748 iu
736 1718 880 1756 Eutrop.
894 1719 968 1748 343.
985 1721 1021 1747 et
1037 1717 1203 1747 Zitznian.
1220 1721 1290 1746 not.
1309 1716 1341 1746 in
1357 1715 1466 1746 Rutil.
1483 1726 1516 1755 p.
1531 1718 1585 1745 68.

120 1771 176 1792 nec
191 1761 268 1799 ,ίαν-ιι
292 1761 422 1792 Incert.
450 1762 570 1792 Heius.
587 1764 741 1791 tenentem
760 1760 827 1790 Ms.
844 1760 1089 1790 Palmam—83
1114 1759 1213 1789 rictus
1228 1758 1323 1789 Med.
1342 1768 1411 1788 see.
1435 1758 1515 1788 ritus
1533 1757 1587 1787 vel

125 1805 224 1835 rictus
249 1805 333 1844 Reg.
359 1807 514 1845 vestesque
530 1805 614 1835 Lov.
631 1808 664 1834 et
682 1804 780 1834 Varr.
799 1803 867 1833 LL.
886 1802 938 1833 ed.
956 1802 1147 1833 Antv.—84
1172 1805 1311 1841 togaeque
1336 1805 1478 1841 quatuor
1504 1800 1584 1830 Vat.

125 1846 202 1878 Pal.
219 1848 320 1878 Farn.
348 1847 446 1879 Rott.
463 1847 569 1878 Oisel.
594 1846 716 1884 Isingr.
742 1848 855 1876 coactae
872 1850 940 1875 vet.
958 1845 1045 1885 Gyr.
1074 1845 1159 1874 Exc.
1180 1845 1323 1875 Lucens.
1350 1853 1418 1874 sec.
1438 1843 1586 1882 Getaequc

124 1889 218 1921 Pric.
235 1889 398 1921 Heinsius
415 1889 633 1930 conjiciebat,
659 1892 689 1919 et
716 1892 798 1919 teste
817 1889 970 1919 Getarum
995 1887 1139 1926 Insignes
1162 1886 1285 1917 habitas
1302 1886 1390 1917 Latii
1406 1889 1526 1917 mutare
1541 1888 1587 1915 to-

124 1933 206 1970 gaci.

791 2004 931 2036 NOTAE

169 2083 211 2111 79
235 2079 352 2119 Pelles]
385 2080 516 2111 Gentes
533 2078 832 2118 Septemtrionales
877 2077 964 2116 jara,
993 2080 1044 2107 est
1071 2085 1191 2117 regere
1218 2076 1477 2115 magistratum;
1502 2076 1587 2118 ‘qui

128 2134 270 2171 propter
285 2130 421 2170 frigoris
440 2129 662 2161 acerbitatem
687 2138 721 2158 se
738 2128 833 2168 pelli·
880 2128 962 2168 jura
991 2137 1111 2165 regere
1141 2126 1293 2167 possint)
1359 2127 1514 2166 Digestis
1544 2129 1587 2160 de

127 2180 190 2211 bus
208 2180 409 2211 vestiebant.
888 2178 1029 2217 Origine
1044 2177 1137 2209 Juris
1154 2178 1170 2216 ξ
1188 2179 1239 2206 13.

169 2233 208 2262 81
232 2229 420 2269 Assimulat]
445 2228 651 2267 Rufinus‚ut
665 2228 830 2259 Getarum

128 2283 271 2323 gratiam
300 2285 542 2322 aucuparetur,
573 2289 688 2311 eorum
719 2283 831 2310 vestes

125 2334 278 2365 imitatus
297 2337 360 2364 est.

172 2384 369 2424 Mentemque
403 2382 524 2424 palam]
568 2382 732 2412 Testatur
768 2379 831 2410 lrac

127 2439 223 2466 veste
240 2433 405 2472 Barbara,
430 2433 503 2474 quis
531 2431 593 2462 sibi
618 2431 661 2461 sit
690 2429 832 2468 animus,

128 2485 294 2516 barbarus
331 2484 477 2522 scilicet,
528 2486 563 2513 et
600 2481 830 2512 Barbarorum

131 2545 243 2566 causae
259 2533 387 2573 favens,
402 2534 518 2575 sieque
531 2533 675 2564 Romani
693 2530 832 2572 Imperii

132 2585 297 2626 proditor.

172 2638 214 2666 82
229 2635 382 2667 Ausonios
390 2633 512 2673 curvus]
529 2633 628 2664 More
642 2632 836 2671 Consulum,

135 2686 191 2727 qui
219 2686 309 2717 sellis
336 2685 507 2717 curulibus
538 2683 571 2714 in
611 2692 710 2714 curru
741 2683 831 2714 vecti

135 2735 378 2775 procedebant.
423 2735 492 2766 Alii
521 2735 651 2774 legunt,
678 2733 832 2764 Ausonias

134 2795 233 2827 curas,
260 2785 294 2817 id
321 2789 386 2826 est,
415 2795 513 2816 curas
540 2784 664 2817 Italiae.
711 2783 833 2823 Regere

928 2230 968 2258 83
1004 2224 1182 2264 Deformes]
1236 2225 1420 2256 Contemta
1462 2227 1583 2265 patrive

887 2277 1147 2315 consuetudine,
1196 2275 1411 2315 peregrinum
1448 2285 1589 2317 morem,

887 2333 1064 2369 vestesque
1074 2327 1216 2358 Geticas
1229 2335 1392 2366 usurpare
1404 2337 1411 2357 ι
1437 2337 1502 2367 qua
1513 2328 1590 2358 labe

888 2383 1023 2410 notatus
1040 2382 1093 2408 est
1110 2375 1318 2414 Alexander,
1345 2375 1435 2416 quod
1461 2376 1590 2408 relictis

889 2429 1021 2461 Graecis
1052 2427 1198 2459 vestibus
1226 2425 1383 2456 Persicas
1413 2425 1586 2460 indueret:

889 2479 947 2510 sed
979 2478 1114 2519 egregie
1141 2476 1336 2508 defenditur
1353 2485 1372 2505 a
1389 2476 1588 2519 Plutarcho,

888 2529 978 2571 quod
992 2530 1055 2560 hac
1073 2528 1216 2559 vestium
1233 2525 1422 2557 mutatione
1438 2526 1502 2557 sibi
1516 2527 1590 2559 hos-

888 2580 971 2610 tium
988 2578 1114 2609 animos
1131 2576 1342 2608 conciliaret.

932 2632 972 2660 84
997 2627 1170 2668 Insignem]
1203 2627 1365 2666 Togatam
1382 2631 1509 2658 vestem
1526 2629 1589 2660 sci.

891 2679 985 2718 licet,
1007 2689 1072 2720 qua
1089 2677 1232 2709 Romani
1255 2686 1275 2707 a
1297 2677 1423 2709 ceteris
1443 2677 1588 2711 nationi-

887 2729 948 2761 bus
961 2728 1276 2771 distinguebantur.
