1852 3193
231 208 318 250 210
703 219 778 249 cr„
810 217 1095 249 CLAUDIAM
1135 215 1221 246 v11.

229 313 462 369 Tantaque
483 325 531 356 se
550 314 731 356 rudibus
752 315 898 368 pietas
917 310 1110 353 ostendit
1127 310 1173 351 in
1192 309 1334 360 annis,
1637 311 1698 353 85

233 382 307 423 Sic
329 386 438 423 aetas
457 383 603 424 animo
626 383 776 431 cessit,
799 385 1079 433 quererentur
1099 383 1147 420 ut
1167 390 1319 420 omnes

231 449 468 505 Imperium
491 452 566 491 tibi
588 463 683 490 sero
703 449 867 489 datum.
944 447 1141 488 Victoria
1161 447 1292 488 velox

231 516 461 571 Auspiciis
477 518 630 558 effectu
651 518 762 558 tuis:
796 517 1024 569 pugnastis
1045 519 1246 568 uterque3

231 584 300 626 Tu
321 587 438 636 fatis,
462 587 712 638 genitorque
733 597 879 625 manu.
940 583 1004 623 Te
1024 587 1207 636 propter
1228 586 1273 623 et
1293 580 1436 636 Alpes

231 652 390 695 Invadi
411 654 589 704 faciles3
622 657 751 693 cauto
772 665 851 692 nec
869 651 1034 705 profuit
1054 651 1168 691 hosti

232 719 421 761 Munitis
442 721 623 761 haesisse
645 721 772 761 locis.
832 719 948 772 Spes
969 719 1089 759 irrita
1106 718 1210 758 valli

232 786 449 837 Concidit,
473 793 516 828 et
537 788 737 840 scopulis
757 790 991 840 patuerunt
1010 787 1203 827 claustra
1222 784 1425 826 revulsis.

1641 648 1698 690 90

230 909 364 937 sacrato.
412 907 457 936 Et
468 906 572 945 pietas
588 910 646 936 tua
663 906 736 936 talis
745 906 894 945 patefecit
920 916 952 936 se
975 905 1008 935 in
1034 907 1128 935 oetate
1152 908 1275 935 tenera.-
1297 904 1345 935 ita
1362 913 1443 935 vero
1456 903 1596 944 pueritia
1609 912 1699 943 supc-

230 953 302 980 ruta
313 952 358 980 est
374 949 415 978 ab
431 948 533 978 animo
550 954 620 986 tuo,
646 952 681 978 ut
705 949 808 978 cuncti
823 951 1080 988 conquererentur
1093 950 1247 987 sceptrum
1263 947 1454 978 commissum
1469 946 1531 977 tibi
1555 956 1618 977 esse
1635 949 1703 976 tar-

230 992 319 1022 dius:
341 991 475 1022 victoria
487 994 623 1029 promta,
631 990 790 1027 felicitate
814 994 881 1029 tun,
907 990 1000 1028 fucta
1017 996 1088 1020 est:
1112 990 1200 1020 umbo
1219 991 1401 1020 deccrtustis
1412 1000 1422 1025 ,·
1444 993 1478 1020 tu
1488 988 1561 1028 fato
1578 993 1650 1026 tu0,
1667 991 1699 1019 et

226 1037 321 1074 poter
333 1035 463 1064 dextera
479 1042 559 1062 sua:
583 1033 619 1062 ob
636 1036 666 1062 te
680 1033 776 1071 Alpes
792 1033 887 1062 etiam
908 1031 1047 1062 fuerunt
1065 1032 1180 1069 faciles
1206 1036 1352 1071 occupatu
1368 1042 1377 1060 .·
1399 1042 1453 1062 nec
1465 1031 1601 1071 profecit
1617 1031 1699 1061 hosti

229 1076 341 1107 callido
356 1075 502 1106 mansisse
524 1075 558 1103 in
585 1074 659 1104 locis
685 1075 830 1110 callotis;
853 1084 922 1113 spes
943 1084 1023 1104 rona
1045 1074 1122 1103 valli
1148 1074 1277 1113 corruit,
1294 1078 1322 1104 et
1340 1075 1489 1113 repagula
1505 1077 1614 1114 aperta
1628 1077 1699 1104 sunt

848 1155 1084 1166 eeeeeeeeeeee

230 1215 397 1244 tem-85
417 1211 521 1252 pietas
536 1211 662 1242 rudibus
677 1212 756 1242 Vat.
773 1215 809 1242 et
826 1212 927 1242 Farn.
954 1211 1007 1242 ed.
1026 1211 1141 1242 Vicet.
1167 1215 1202 1243 et
1231 1212 1274 1244 al.
1299 1211 1428 1243 rudibus
1452 1212 1552 1252 pietas
1577 1211 1703 1253 reliqui

229 1265 352 1296 magno
367 1265 520 1293 numero,
538 1255 623 1286 Exc.
640 1256 784 1285 Lucens.
813 1264 861 1294 pr.
880 1259 914 1284 et
930 1254 1071 1285 Gevart.
1089 1255 1170 1285 Var.
1191 1256 1258 1286 LL.
1277 1265 1295 1286 e
1311 1265 1417 1295 marg.
1434 1255 1550 1285 Parm.
1568 1258 1705 1286 ostentat

230 1299 312 1329 Vat.
329 1307 383 1338 pr.
400 1298 499 1329 Farn.
517 1297 598 1328 Ald.
615 1297 669 1328 ed.
688 1297 802 1328 Vicet.
819 1298 934 1328 Parm.
952 1298 1050 1329 Junt.
1068 1297 1193 1338 Isingr.
1210 1303 1245 1329 et
1262 1298 1304 1328 al.
1321 1301 1453 1329 ostentet
1468 1297 1591 1330 Sched.
1609 1298 1704 1329 Gud.

230 1341 365 1372 ostendit
380 1340 499 1381 reliqui
517 1339 591 1370 fere
608 1350 737 1379 omnes,
755 1341 839 1370 Exc.
858 1341 1002 1370 anens.
1031 1350 1082 1380 pr.
1109 1346 1144 1372 et
1162 1341 1394 1372 Geva1·t.—86
1415 1342 1507 1372 cessit
1524 1341 1577 1372 vel
1593 1341 1705 1371 crescit

232 1383 299 1414 duo
320 1384 401 1414 Vat.
429 1388 464 1413 et
494 1382 615 1413 Petav.
642 1393 693 1422 pr.
720 1383 829 1413 crescit
848 1383 943 1413 Leid.
961 1393 1004 1413 m.
1034 1393 1086 1423 pr.
1104 1387 1286 1423 {Inserantur
1311 1387 1344 1414 ot
1359 1383 1438 1415 Jun.
1457 1394 1507 1423 pr.
1524 1387 1706 1414 vererentur

230 1426 315 1457 Var.
332 1426 400 1457 LL.
418 1426 471 1456 ed.
490 1424 682 1457 Antv.—87
706 1426 766 1456 sibi
793 1426 886 1456 Med.
916 1435 984 1457 sec.
1011 1426 1144 1457 victoria
1166 1427 1237 1457 loeta
1254 1426 1373 1458 Ambr.
1393 1429 1532 1466 pin—88
1552 1426 1705 1467 pugnatis

231 1468 356 1499 Petav.
375 1471 515 1508 piu—90
539 1468 644 1499 ini-asli
658 1468 775 1505 faciles
790 1469 926 1508 plurimi
944 1468 1053 1499 Codd.
1068 1470 1153 1500 Exc.
1174 1470 1316 1500 Lucens.
1335 1479 1385 1509 pr.
1404 1474 1440 1499 et
1457 1469 1603 1499 Gevart.
1621 1468 1702 1500 Ald.

232 1516 269 1542 et
286 1511 338 1542 ed.
354 1511 466 1542 Vicet.
482 1512 603 1541 invadit
619 1512 663 1541 al.
679 1521 734 1541 nec
756 1511 879 1550 profuit
896 1512 975 1542 var.
993 1512 1061 1543 LL.
1079 1522 1096 1542 e
1113 1522 1218 1552 marg.
1239 1512 1355 1543 Parm.
1371 1522 1430 1543 non
1448 1511 1562 1542 Oxou.
1580 1521 1632 1551 pr.
1649 1522 1703 1542 nec

231 1553 285 1584 vel
300 1564 359 1585 non
375 1555 549 1593 Reg—-ol
574 1554 637 1584 toti
653 1563 713 1594 pro
740 1555 814 1585 rolli
839 1555 919 1585 Put.
935 1555 1066 1585 Thuan.
1095 1555 1226 1586 Ronon.
1246 1555 1411 1586 Pan—92
1436 1557 1539 1585 castra
1553 1555 1636 1585 Vat.
1653 1563 1704 1594 pr.

231 1596 309 1627 Pal.
327 1596 422 1628 Prie.
441 1596 535 1627 Med.
555 1606 605 1637 pr.
620 1597 758 1628 remissis
772 1596 893 1628 Ambr.
911 1607 961 1638 pr.
979 1597 1104 1628 reclusis
1119 1598 1185 1630 inc.
1206 1598 1324 1629 Heius.
1340 1608 1383 1630 m.
1402 1600 1542 1638 pru—9³
1566 1597 1704 1637 Aquilon

894 1683 1039 1715 NOTAE

275 1760 316 1789 85
341 1757 484 1789 Rudibus
498 1759 530 1789 in
546 1759 652 1799 annis]
676 1759 715 1790 In
734 1763 836 1790 aetate
860 1769 940 1800 pue-

231 1809 298 1846 rili,
317 1814 447 1848 tenera,
460 1810 546 1849 rudi,
562 1810 719 1850 imperita
733 1811 765 1840 in
779 1811 866 1849 aliis,
881 1811 940 1841 sed

231 1859 265 1889 in
283 1860 519 1900 Honoriojam
537 1860 634 1891 rebus
649 1861 808 1901 gerendis
824 1862 942 1902 habili,

232 1909 313 1949 quia
328 1909 434 1939 virtus
452 1910 619 1949 praeveuit
634 1920 748 1941 annos.
775 1911 938 1942 Ovidius:

230 1958 240 1974 ‘
259 1958 439 1998 Ingenium
457 1960 597 1990 coeleste
626 1961 693 1991 tuis
719 1962 869 1992 velocius
887 1972 941 1992 au-

232 2009 283 2039 nis
301 2009 448 2048 Crescit,
462 2016 497 2039 et
515 2010 646 2050 ignavae
663 2010 731 2042 fert
748 2013 834 2042 male
853 2013 941 2042 dam-

233 2068 278 2089 na
300 2058 426 2090 morae!

276 2109 401 2150 Pietas]
428 2109 597 2150 intelligit
625 2110 686 2141 sub
713 2112 848 2142 nomine
874 2112 942 2152 pie-

234 2159 329 2197 tatis,
346 2159 507 2189 virtutem
526 2169 658 2191 omnem
673 2172 680 2198 ;
706 2162 760 2192 vel
776 2162 941 2203 intelligit

236 2208 415 2249 pietatem,
430 2209 518 2248 quod
537 2219 646 2239 rerum
676 2211 825 2242 habenas
843 2223 940 2253 egre-

235 2259 291 2300 gie
307 2259 553 2297 moderaretur,
569 2261 676 2298 patris
694 2261 837 2301 imperio
863 2263 940 2294 obe-

236 2309 353 2347 diens3
378 2310 411 2340 id
432 2311 520 2350 quod
538 2315 590 2341 est
608 2321 738 2351 magnae
757 2313 905 2352 pietatis.

279 2362 321 2390 89
345 2360 390 2390 Tu
408 2360 508 2400 fatis]
532 2362 747 2401 Exquisitnm
774 2363 941 2393 adulatio-

235 2410 287 2442 nis
300 2420 418 2450 gemm,
434 2421 506 2441 uam
523 2422 598 2442 cum
611 2421 678 2442 non
692 2413 843 2452 potuerit
857 2423 941 2452 puer

237 2470 299 2502 pel·
326 2466 464 2492 aetatem
493 2462 668 2493 debeilare,
691 2463 815 2502 hostes,
841 2463 943 2502 pocta

238 2512 326 2542 dicit
354 2512 541 2544 debellatos
570 2523 655 2551 esse,
687 2512 852 2544 felicitate
883 2524 941 2544 seu

238 2560 310 2592 fato
341 2563 487 2593 Honorii
520 2568 776 2604 propugnante:
809 2564 943 2594 eodem-

239 2623 304 2654 que
321 2612 393 2644 fato
411 2616 516 2645 multa
531 2625 602 2645 esse
618 2614 752 2645 felicius
770 2620 877 2655 gesta.

285 2666 475 2707 Genitorque
502 2667 610 2707 mann]
642 2667 854 2697 Theodosius
878 2666 945 2698 for-

240 2715 389 2746 tissimus
407 2716 611 2757 Imperator,
634 2727 708 2748 eum
730 2717 863 2748 videret
882 2718 944 2748 Ar-

240 2763 406 2805 bogas-ten
419 2766 509 2799 inter
522 2777 656 2799 suorum
667 2767 869 2808 fugientium
881 2778 945 2799 cae-

997 1759 1074 1790 dem
1101 1770 1139 1791 ac
1164 1761 1361 1799 sanguinem
1386 1761 1608 1801 triumphare,
1625 1771 1706 1792 con-

996 1809 1085 1851 fugit
1098 1810 1140 1841 ad
1158 1811 1321 1841 auxilium
1336 1811 1507 1850 divinum3
1532 1816 1567 1842 et
1584 1822 1627 1842 ex
1645 1813 1707 1843 Ce-

997 1861 1113 1899 dreno,
1130 1872 1192 1901 pro
1210 1863 1309 1902 galea
1336 1862 1480 1893 induens
1498 1863 1705 1902 epomidem,

995 1922 1056 1952 pro
1082 1913 1178 1943 hasta
1204 1914 1330 1953 virgam
1357 1914 1391 1943 in
1418 1913 1567 1953 speciem
1591 1914 1705 1944 crucis

997 1973 1064 1993 una
1080 1973 1180 1993 mauu
1196 1969 1344 2002 gestans,
1364 1968 1399 1993 et
1426 1964 1534 1993 altera
1550 1965 1706 2004 Evange-

996 2014 1092 2052 lium,
1127 2024 1204 2044 suos
1232 2015 1389 2053 palantes
1417 2014 1458 2044 ad
1487 2015 1641 2053 praelium
1670 2019 1706 2046 et

998 2063 1174 2093 victoriam
1196 2064 1383 2094 revocavit.
1425 2064 1481 2095 Sic
1496 2065 1704 2096 Theodosius

996 2113 1030 2142 in
1060 2113 1207 2144 Nummo
1235 2114 1346 2153 pictus
1363 2120 1427 2153 est,
1444 2115 1541 2154 cnjus
1567 2115 1706 2146 Nummi

997 2163 1107 2202 imago
1124 2163 1260 2194 videtur
1277 2164 1309 2194 in
1327 2164 1468 2194 historia
1486 2165 1640 2196 Baronii.

1039 2214 1151 2253 Alpes]
1188 2215 1324 2244 Montes
1363 2215 1487 2245 Galliae
1523 2216 1704 2257 Italiaeque

996 2273 1203 2300 communes,
1220 2275 1360 2305 quorum
1388 2265 1501 2296 aditus
1523 2266 1706 2298 obsederat

996 2314 1214 2350 Arbofzastes.

1039 2367 1081 2394 90
1106 2365 1233 2405 Itu-udi]
1268 2365 1374 2406 Alpes
1400 2365 1499 2398 facile
1527 2367 1639 2398 invadi
1669 2372 1706 2400 et

997 2415 1157 2454 occupari
1176 2420 1327 2454 possunt.
1350 2417 1507 2447 Valerius
1522 2417 1706 2458 Maximus,

997 2468 1004 2481 ‘
1023 2464 1230 2496 Invadenaelae
1256 2466 1533 2498 Lacedaemofflsss

1041 2517 1079 2545 91
1107 2516 1243 2546 Munitis
1254 2516 1378 2547 haesisse
1391 2517 1479 2556 locis]
1499 2517 1556 2547 Nil
1574 2516 1705 2557 profuit

998 2565 1228 2596 adhaeresccre
1245 2567 1382 2606 optimis
1399 2568 1630 2598 munimentis.

1042 2620 1083 2646 92
1120 2618 1279 2656 Claustra]
1313 2618 1386 2659 Ipsi
1417 2619 1528 2650 aditus
1558 2620 1704 2660 alicujus

1001 2667 1200 2707 provincia),
1213 2668 1271 2698 sed
1291 2670 1481 2708 praesertim
1495 2669 1606 2700 aditus
1621 2670 1706 2701 sale-

1001 2717 1102 2755 brosi,
1139 2729 1178 2748 ac
1217 2718 1386 2752 difficiles.
1433 2721 1543 2761 Vulgo
1581 2726 1705 2753 vocant

999 2769 1108 2809 clares,
1124 2770 1267 2801 Κλεῖδας.
