1852 3193
194 211 280 255 4²74
637 216 711 245 01..
745 207 1026 242 OLAUDIANI
1062 206 1210 237 xvm.

197 317 376 360 Nullius
394 314 648 365 Eutropius,
667 322 797 362 quam
818 307 893 360 qui
915 318 961 346 se
982 304 1179 358 protulit,
1199 304 1297 343 ante

198 386 382 438 Ereptas
403 380 599 436 possedit
620 390 742 430 opes,
763 376 1015 427 nullumque
1036 374 1223 426 priorem

199 451 393 494 Perculit
419 448 581 488 exilio:
616 445 844 495 solumque
865 442 948 481 hoc
970 441 1049 480 rite
1070 438 1250 492 peregit,

197 519 431 562 Auctorem
453 516 656 555 damnare
680 524 822 552 suum.
883 509 1129 562 Postquam
1149 506 1318 546 obsitus
1339 516 1435 545 aevo
1572 500 1657 541 170

200 585 387 628 Semivir
408 582 632 623 excelsam
654 592 789 621 rerum
808 578 1007 618 sublatus
1029 577 1073 616 in
1095 587 1256 622 arcem,

200 652 333 702 Quod
355 664 431 690 nec
449 653 552 690 vota
570 648 677 701 pati,
699 659 779 686 nec
800 645 959 697 fingere
979 641 1155 683 somnia
1175 641 1374 694 possent,

204 719 330 760 Vidit
351 719 431 758 sub
451 716 635 770 pedibus
651 715 781 767 leges,
803 712 1092 765 subjectaque
1115 708 1232 748 colla

200 786 446 834 Nobilium,
469 788 729 835 tantumque
750 782 833 822 sibi
853 780 1105 834 pei-mittere
1125 777 1230 824 fata,

201 852 295 904 Qui
315 852 424 893 nihil
442 853 642 904 optasset
661 850 762 902 plus
783 849 986 888 libertate
1005 844 1174 893 mereri,
1577 836 1666 878 175

200 921 304 962 Jam
319 920 414 974 jam
432 917 682 959 dissimulat
701 915 919 962 dominos,
941 914 1113 964 alteque
1134 911 1384 951 tumescunt

203 988 396 1029 Sei-viles
417 983 574 1025 animi:
607 993 832 1035 procerum
854 979 1058 1032 squalore
1077 977 1267 1029 repletur

203 1054 382 1102 Camer,
405 1056 446 1092 et
466 1050 668 1091 exulibus
690 1047 847 1089 Meroe
870 1046 1101 1098 campique
1122 1043 1363 1096 gemiscunt

206 1120 492 1173 AEthiopum3
523 1117 673 1171 poenis
693 1116 917 1156 hominum
938 1113 1071 1167 plaga
1093 1113 1298 1165 personat
1319 1107 1495 1149 ardens:

204 1252 297 1284 ’izirzis
305 1251 394 1292 prius
405 1251 579 1291 populatas,
590 1258 679 1288 quom
692 1245 977 1286 Abundantii‚qui
989 1245 1132 1274 erexerat
1146 1251 1222 1280 sese,
1232 1243 1262 1272 et
1274 1240 1423 1270 neminem
1432 1237 1520 1279 prius
1534 1237 1672 1268 condem-

205 1296 295 1326 navit
309 1294 404 1325 exilio
417 1305 425 1325 ,-
448 1296 478 1324 et
489 1293 544 1323 hoc
554 1295 678 1322 tantum
691 1294 773 1321 recte
776 1289 870 1328 fecit,
883 1287 973 1329 quod
989 1285 1236 1317 condemnaverit
1249 1286 1414 1323 patronum
1429 1290 1527 1312 suum.
1544 1280 1672 1310 Postea-

206 1348 295 1378 quam
309 1336 517 1378 effoeminutus
528 1335 592 1365 iste
605 1334 761 1372 confectus
776 1335 881 1370 oetole,
890 1334 1010 1362 evectus
1023 1334 1073 1359 est
1083 1329 1121 1359 ad
1126 1326 1297 1366 fastigium
1311 1327 1411 1356 ultum
1422 1322 1560 1364 imperii,
1572 1321 1674 1363 (quod

206 1390 302 1420 'neque
313 1379 467 1411 desideria
478 1379 549 1418 ejus
558 1378 708 1408 sustinere
718 1376 905 1416 potuissent,
915 1383 1009 1414 neque
1021 1372 1139 1402 somnio
1147 1368 1348 1408 excogitare)
1360 1367 1510 1408 spectavit
1522 1367 1603 1405 leges
1619 1363 1673 1394 sub

204 1423 333 1463 pedibus
347 1422 426 1461 suis,
438 1425 467 1452 et
477 1421 579 1460 cupita
595 1421 762 1450 Procerum
773 1417 931 1458 supposita
943 1416 1019 1455 sibi,
1029 1418 1059 1445 et
1066 1413 1139 1452 sata
1152 1413 1314 1451 indulgere
1324 1413 1443 1441 tantum
1453 1409 1523 1448 sibi,
1533 1408 1586 1448 qui
1596 1406 1675 1437 nihil

208 1465 410 1505 expetivisset
425 1464 567 1503 amplius,
582 1472 671 1502 quum
687 1462 846 1501 acquirere
862 1460 1055 1490 libertatem:
1074 1457 1145 1494 J'nm
1158 1455 1261 1497 fingit
1283 1464 1318 1484 se
1336 1463 1403 1484 uon
1420 1461 1518 1483 nosse
1539 1449 1677 1481 dominos

211 1517 287 1539 suos
301 1518 309 1546 ;
334 1511 364 1538 et
376 1507 473 1537 animi
483 1505 609 1536 serviles
619 1504 890 1536 tollunturaltius:
907 1511 1012 1532 carcer
1024 1501 1132 1541 plenus
1145 1504 1198 1530 est
1212 1497 1351 1528 sordibus
1367 1496 1556 1533 primorum,
1564 1495 1595 1524 et
1607 1492 1676 1522 Me-

209 1550 262 1581 roe'
271 1553 301 1582 et
313 1551 385 1590 agri
396 1549 580 1589 AEthiopum
592 1548 797 1587 ingemiscunt
809 1544 951 1577 exulibus
961 1555 971 1575 .·
985 1554 1061 1575 zona
1074 1542 1192 1573 torrida
1203 1542 1325 1571 resonat
1334 1538 1492 1579 suppliciis
1504 1535 1659 1568 hominum
1667 1543 1678 1565 e

829 1641 1065 1655 eeeeeeeeeeee

215 1716 283 1738 sec.
305 1715 361 1745 quo
377 1704 493 1735 Parm.
514 1703 611 1735 Junt.
636 1702 716 1733 Ald.
741 1702 865 1741 Isingr.
892 1700 1002 1731 Colin.
1031 1698 1163 1739 Gryph.
1199 1697 1300 1727 hostia
1317 1697 1369 1726 vel
1385 1695 1473 1725 obvia
1484 1694 1564 1725 Jun.
1582 1702 1679 1733 pr.—

216 1752 278 1782 167
301 1757 376 1788 quas
387 1748 466 1778 Vat.
485 1755 533 1786 pr.
548 1756 590 1776 m.
608 1755 660 1784 pr.
684 1745 744 1774 sibi
766 1744 899 1783 protulit
915 1742 1037 1773 Sched.
1057 1740 1150 1772 Gud.
1184 1740 1326 1778 praetulit
1344 1739 1427 1768 Exc.
1446 1738 1592 1767 Lucens.
1609 1743 1680 1766 sec.

216 1787 346 1823 contulit
363 1789 455 1819 Pric-
473 1798 518 1817 m.
536 1797 587 1827 pr.
617 1786 753 1826 prodidit
770 1786 897 1815 Moret.
914 1794 982 1814 sec.
1000 1794 1044 1813 m.
1062 1792 1114 1822 pr.
1137 1783 1268 1821 pertulit
1283 1781 1377 1811 Leid.
1396 1781 1556 1818 pr.——168
1580 1778 1682 1817 Erep-

217 1838 268 1865 tas
283 1832 394 1862 Oxou.
412 1840 465 1870 pr.
485 1829 552 1859 inc.
581 1828 701 1859 Heius.
727 1828 877 1858 Directas
903 1827 1004 1857 Farn.
1043 1826 1199 1864 Deceptus
1224 1823 1361 1853 Tholos.
1386 1821 1537 1860 Direptas
1560 1820 1682 1851 Heins.

220 1877 321 1907 Gesn.
339 1873 392 1904 ed.
410 1873 549 1912 Bipout.
577 1872 733 1910 Der-eptas
750 1870 998 1910 menig—169
1026 1867 1162 1898 Pertulit
1178 1867 1279 1897 Fan-n.
1293 1865 1388 1896 Pric.
1403 1865 1535 1894 Bonon.
1548 1863 1682 1894 Tholos.

218 1918 315 1950 exitio
331 1917 416 1947 Exc.
439 1914 541 1954 Laeti,
555 1924 598 1944 m.
615 1923 683 1944 sec.
717 1913 812 1943 exilio
838 1911 984 1953 quatuor
996 1911 1093 1942 Vatt.
1110 1910 1183 1940 Pal.
1221 1909 1286 1940 hoec
1302 1908 1364 1939 rite
1382 1909 1502 1938 Petav.
1516 1915 1583 1936 sec.
1607 1904 1683 1943 jure

220 1960 293 1993 Pal.
317 1959 379 1989 rite
396 1958 532 1996 veljure
548 1956 645 1987 Med.
657 1958 816 1996 piu—170
839 1955 985 1986 Actorcm
999 1955 1078 1984 Vat.
1094 1962 1163 1983 sec.
1176 1952 1251 1983 Pal.
1266 1952 1363 1982 Rott.
1383 1949 1501 1981 Ambr.
1520 1958 1571 1988 pr.
1584 1946 1683 1979 Leid.

221 2012 287 2035 sec.
304 2001 371 2032 duo
386 2001 482 2032 Med.
506 2000 618 2031 oblitus
633 2000 896 2030 Florent.-—171
921 1997 1051 2027 saltatus
1067 1996 1149 2027 Vat.
1166 1997 1341 2026 sec.—-l72
1357 1992 1549 2034 nonfingere
1563 1991 1685 2022 Petav.

222 2049 299 2076 tert.
325 2043 421 2075 Med.
440 2047 553 2084 quart.
587 2042 707 2073 somnia
718 2041 845 2082 fingere
871 2040 1021 2070 Florent.
1044 2040 1126 2071 Jun.
1154 2047 1204 2078 pr.
1236 2040 1364 2078 possunt
1391 2041 1460 2066 tres
1486 2035 1582 2066 Vatt.
1608 2032 1687 2064 Pal.

218 2089 319 2120 Fam.
335 2087 431 2118 Rott.
448 2086 556 2117 Oisel.
571 2086 658 2116 Exc.
675 2084 774 2115 Laeti.
807 2083 925 2122 possint
943 2083 995 2113 vel
1008 2084 1131 2121 possent
1147 2080 1287 2121 legebat
1305 2079 1584 2110 Heinsius—173
1608 2070 1688 2116 legis

219 2131 427 2162 Rom—174
439 2129 624 2169 promittere
639 2127 720 2159 Jun.
740 2126 885 2167 p1·.Lov.
902 2125 981 2156 Pat.
996 2125 1121 2155 Moret.
1137 2126 1297 2164 pin—175
1315 2123 1360 2154 nil
1382 2120 1474 2152 Med.
1499 2124 1612 2160 quart.
1632 2128 1688 2159 ap-

219 2176 313 2204 tasset
327 2173 405 2203 Vat.
417 2176 498 2202 tert.
510 2181 553 2201 m.
571 2180 623 2210 pr.
638 2170 720 2200 tueri
737 2169 791 2200 vel
804 2168 915 2199 mereri
927 2167 1021 2198 Med.
1035 2169 1209 2198 sec—176
1231 2167 1354 2206 altoque
1368 2166 1448 2195 Exc.
1461 2163 1547 2194 Laeti
1559 2172 1602 2194 m.
1615 2171 1686 2192 sec.

219 2216 384 2247 timescunt
399 2214 640 2245 Tmolos—177
655 2213 772 2243 animos
784 2212 884 2242 Faru.
897 2211 1009 2242 animae
1024 2211 1106 2241 Exc.
1126 2209 1212 2240 Laeti
1225 2219 1269 2239 m.
1285 2219 1335 2248 pr.
1348 2207 1484 2248 repletus
1507 2205 1574 2236 duo
1585 2205 1684 2236 Vatt.

220 2259 359 2298 repletur
386 2257 452 2288 duo
467 2255 587 2286 Leidd.
606 2263 680 2285 cum
698 2254 819 2294 viginti
836 2259 983 2294 quatuor
1006 2253 1093 2292 aliis,
1109 2253 1194 2284 Exc.
1209 2252 1309 2288 Laeti,
1326 2251 1468 2281 Gevart.
1486 2253 1522 2279 et
1537 2249 1618 2279 Vat.
1636 2247 1690 2277 Li-

222 2299 516 2340 vi11.-l79plag·is
528 2298 684 2328 hominum
696 2296 792 2328 Med.
806 2305 873 2327 see.
895 2299 1018 2327 resonat
1034 2297 1135 2326 Fam.
1150 2304 1239 2326 arens
1251 2293 1458 2334 conjiciebat
1471 2290 1690 2323 Heinsius.—

891 2379 1031 2410 NOTAE

270 2459 332 2489 172
361 2456 456 2496 Vota]
504 2456 593 2487 Sunt
622 2456 697 2486 hoec
724 2453 931 2495 proverbia}
1033 2452 1235 2493 1781Mero'eT]
1258 2450 1372 2482 Insula
1388 2447 1590 2489 NJ1i‚110die
1607 2447 1691 2479 Gue-

224 2508 235 2526 ‘
253 2507 293 2539 ld
311 2511 442 2538 tantum
473 2510 538 2545 est,
555 2509 594 2537 ut
617 2515 681 2536 nec
697 2509 818 2545 optare
835 2514 934 2535 ausus
986 2513 1096 2543 gnere.

228 2567 348 2597 essem,
381 2566 446 2588 nec
470 2556 552 2587 mihi
582 2555 733 2596 fingere:
773 2554 933 2595 Dignitas
1033 2556 1094 2583 179
1120 2551 1241 2591 Poenis]
1298 2548 1530 2586 Cruciatibus,
1559 2539 1692 2589 geniiti-

227 2618 304 2650 quae
321 2607 487 2647 contingit
500 2616 603 2647 supra
619 2611 712 2644 vota,
729 2615 831 2646 supra
848 2614 933 2635 som·
988 2603 1049 2633 bus
1076 2602 1214 2632 exulum
1242 2600 1285 2631 ab
1310 2600 1478 2639 Eutropio
1502 2599 1692 2640 ejectorum

229 2658 289 2690 nia
302 2658 389 2698 ipsa,
406 2657 461 2688 vel
477 2654 836 2696 magnificentissima!
990 2658 1151 2685 resonant
1167 2652 1279 2692 campi
1303 2651 1512 2692 AEffliopum,
1538 2654 1575 2683 et
1595 2659 1692 2683 zonae

274 2712 336 2740 177
359 2707 545 2748 Procerum]
579 2708 673 2740 Quos
700 2707 734 2737 in
762 2714 937 2738 carcerem
990 2704 1130 2737 torridae
1146 2702 1356 2735 solitudines.

236 2759 362 2800 conjici
373 2758 523 2800 jubebat
539 2758 736 2800 Eutropius.
