1842 3193
277 230 333 269 50
822 239 1193 270 PROLEGOMENA

278 334 504 375 Musarum
527 337 644 376 esset
663 339 876 385 versatus,
898 348 978 376 nec
1007 335 1165 375 invitas
1186 346 1261 373 eas
1282 333 1325 373 in
1344 331 1521 373 domum
1543 332 1733 376 Honorii

275 405 322 444 et
341 401 609 452 Stilichonis,
630 406 833 455 tanquam
853 402 896 442 in
917 402 1163 454 pistrinum,
1200 401 1507 452 compegisset.
1568 400 1621 440 In
1642 414 1735 442 om-

275 469 403 511 nibus
436 472 581 510 autern
611 469 743 517 vitiis,
767 481 868 521 quae
902 469 963 508 illi
994 469 1090 521 jure
1122 468 1378 520 exprobrari
1410 472 1610 520 possunt,
1633 468 1736 508 talis

275 541 418 578 tamen
439 540 516 587 est,
539 537 711 589 qualem
731 536 808 576 illa
838 539 1095 589 tempestate
1116 548 1396 589 nequaquam
1425 538 1737 588 expectasses:

274 607 441 646 tantam
462 606 505 644 in
526 603 785 657 quibusdam
816 604 1078 644 carminibus
1097 604 1247 657 parvis
1278 607 1320 644 et
1352 604 1394 642 in
1427 603 1609 655 singulis
1639 603 1738 643 reli-

275 684 464 725 quorum
484 671 596 711 locis
619 669 806 710 ostendit
841 671 1002 722 ingenii
1035 671 1313 723 elegantiam,
1345 675 1468 711 tanta
1490 674 1555 710 est
1575 682 1738 710 sermo-

274 739 360 788 nis,
398 752 527 792 quem
563 738 778 788 adhibuit,
802 739 983 792 puritas,
1021 742 1069 779 ut
1098 752 1192 780 raro
1225 739 1378 779 saeculi
1412 739 1455 778 in
1491 738 1738 778 barbariem

273 805 524 846 inclinantis
555 805 743 857 vestigia
776 810 1016 846 occurrant.
1098 805 1213 855 Quae
1247 819 1345 846 cum
1384 805 1448 845 ita
1489 805 1590 854 sint,
1623 810 1739 845 recte

276 871 458 922 dixeris,
481 885 662 912 errorem
685 873 904 925 quendam
925 878 1090 914 naturae
1127 872 1363 913 Claudiani
1391 873 1624 924 ingenium,
1647 875 1741 912 tan-

277 952 411 992 quam
432 952 579 979 semen
605 939 801 992 aliquod,
830 952 916 980 non
947 941 1059 981 veris
1092 945 1285 993 tempore
1321 943 1440 993 apto,
1475 939 1551 979 sed
1584 941 1739 979 aestate

268 1007 366 1060 jam
387 1007 606 1055 inclinata,
627 1008 750 1046 terris
772 1008 983 1056 intulisse,
1007 1022 1106 1060 quae
1123 1009 1300 1048 herbam
1323 1007 1498 1060 quidem
1515 1006 1740 1046 luxurian-

274 1078 361 1113 tem
383 1073 670 1126 produxerint
690 1078 733 1112 et
750 1074 875 1113 flores
896 1074 1061 1114 fructus
1087 1074 1364 1114 ostendentes
1385 1074 1640 1121 uberrimos,
1664 1072 1742 1125 qui

273 1143 416 1180 tamen
456 1140 513 1180 ad
548 1141 842 1180 maturitatem
877 1143 1104 1192 pervenire
1136 1155 1223 1181 non
1257 1141 1488 1193 potuerint.
1550 1140 1742 1182 Accedit

275 1219 465 1261 quoque,
500 1207 617 1260 quod
653 1207 847 1247 carmina
883 1207 978 1260 ejus
1014 1207 1223 1260 pleraque
1256 1212 1358 1247 sunt
1384 1206 1618 1260 ejusmodi,
1640 1219 1740 1259 quae

274 1287 363 1314 non
396 1274 506 1314 liber
538 1274 672 1314 animi
707 1275 895 1327 impetus
929 1274 1055 1323 fudit,
1089 1274 1167 1314 sed
1201 1287 1301 1328 quae
1335 1274 1494 1314 debent
1525 1273 1740 1326 originem

276 1341 500 1381 occasioni
536 1341 680 1381 subito
717 1341 899 1390 obortae,
933 1354 1019 1381 non
1052 1343 1160 1382 satis
1190 1346 1451 1396 opportunae
1474 1342 1532 1382 ad
1552 1345 1740 1382 mentem

275 1409 585 1461 magnitudinis
627 1413 667 1448 et
707 1409 1006 1449 admirationis
1046 1422 1179 1449 sensu
1218 1408 1592 1459 inflammandam3
1642 1420 1739 1457 nec,

275 1477 447 1518 etiamsi
468 1490 567 1516 eum
582 1477 636 1516 ab
659 1477 756 1516 aliis
775 1476 961 1529 negotiis
981 1477 1108 1529 plane
1126 1490 1313 1517 vacuum
1328 1478 1568 1529 cogitamus
1588 1475 1740 1525 fuisse,

275 1545 386 1585 satis
407 1544 553 1585 mirari
574 1557 827 1596 possumus,
846 1544 964 1597 quod
986 1549 1048 1585 tot
1068 1558 1190 1598 saepe
1211 1545 1417 1594 carmina,
1439 1549 1527 1584 tam
1548 1544 1740 1597 prolixa,

274 1612 320 1652 in
358 1615 478 1652 tanta
515 1625 656 1652 rerum
691 1612 934 1666 jejunitate,
977 1626 1063 1653 uno
1098 1614 1342 1667 eodemque
1383 1626 1494 1654 anno
1529 1612 1741 1653 conficere

275 1680 434 1733 potuit.
496 1678 606 1718 Cum
628 1692 819 1732 quoque,
843 1693 944 1732 quae
978 1681 1242 1733 scripsisset,
1280 1681 1426 1721 statim
1452 1679 1677 1721 recitanda
1696 1684 1741 1720 et

274 1747 320 1787 in
350 1750 628 1799 patronorum
661 1747 870 1787 honorem
903 1748 1144 1800 evulganda
1174 1752 1335 1797 essent,
1361 1747 1608 1788 Horatiano
1628 1760 1741 1800 prae-

277 1819 423 1868 cepto,
446 1818 491 1853 ut
512 1815 679 1867 scripta
709 1828 871 1855 nonum
906 1816 950 1854 in
979 1828 1140 1855 annum
1174 1821 1441 1868 premantur,
1462 1828 1549 1855 non
1570 1817 1742 1868 poterat

274 1880 356 1929 uti,
378 1880 543 1933 illaque
579 1883 917 1934 opportunitate,
940 1895 1071 1935 quam
1105 1882 1286 1935 optimis
1310 1874 1564 1935 quibusque
1598 1881 1742 1934 poetis

274 1949 448 1990 fortuna
470 1962 555 1989 non
571 1950 767 2000 negavit,
792 1951 984 1990 carmina
1018 1963 1098 1990 sua
1127 1950 1392 1990 retractandi
1427 1953 1470 1990 et
1498 1950 1612 1990 male
1634 1962 1743 1990 cusa

277 2017 335 2057 ad
367 2017 567 2057 incudem
599 2018 854 2065 revocandi,
889 2023 980 2058 erat
1016 2017 1263 2058 destitutus.
1325 2017 1469 2057 Etiam
1499 2020 1601 2070 post
1621 2016 1742 2057 Stili-

276 2084 428 2125 chonis
462 2097 630 2132 necem,
667 2085 703 2123 si
740 2085 874 2124 modo
900 2084 965 2124 illi
993 2085 1087 2124 viro
1123 2088 1358 2137 superstes,
1380 2097 1458 2124 nec
1491 2084 1742 2125 calamitate

275 2152 371 2205 ejus
392 2151 518 2190 fuerit
538 2152 805 2203 implicatus,
829 2154 950 2192 tanta
969 2164 1111 2191 rerum
1137 2152 1418 2192 commutatio
1439 2150 1559 2190 facta
1577 2154 1657 2199 est,
1681 2154 1741 2201 ut,

277 2231 378 2271 quae
410 2217 614 2257 laudibus
650 2222 748 2256 ante
781 2218 1003 2257 celebrata
1033 2218 1215 2266 fuerant,
1248 2230 1363 2256 nunc
1400 2217 1596 2256 maximo
1637 2217 1741 2258 odio

276 2289 593 2339 premerentur3
627 2297 715 2336 quo
737 2279 929 2336 tempore
947 2284 1077 2335 igitur
1093 2284 1145 2323 de
1161 2284 1215 2323 iis
1233 2283 1442 2323 limandis
1463 2297 1548 2323 non
1568 2287 1742 2337 poterat

276 2353 482 2404 cogitare,
506 2364 622 2404 quae,
647 2352 684 2390 si
713 2351 797 2390 sibi
817 2350 1042 2390 consulere
1074 2350 1218 2399 vellet,
1251 2351 1422 2403 penitus
1454 2356 1600 2392 essent
1631 2351 1740 2393 abo-

277 2420 420 2460 lenda.
454 2419 568 2469 Quae
591 2432 689 2460 cum
711 2418 997 2467 considerem,
1015 2417 1120 2458 mihi
1141 2418 1411 2470 persuadere
1431 2431 1519 2458 non
1541 2432 1738 2472 possum,

278 2490 327 2526 ut
357 2490 561 2535 statuam,
585 2485 875 2526 Claudianum
908 2497 1097 2537 unquam
1131 2485 1323 2525 carmina
1345 2499 1424 2526 sua
1446 2486 1679 2538 colligendi
1697 2491 1740 2527 et

278 2553 469 2594 secunda
509 2566 615 2593 cura
653 2552 808 2591 edendi
850 2552 1079 2591 consilium
1115 2553 1318 2602 agitasse.
1397 2552 1466 2593 Ex
1501 2554 1740 2593 carminum

277 2620 424 2670 etiam,
442 2633 540 2674 quae
563 2624 808 2673 supersunt,
825 2620 991 2659 ratione
1009 2624 1051 2659 et
1073 2618 1222 2658 ordine
1242 2619 1429 2669 diverso,
1449 2633 1537 2673 quo
1556 2620 1603 2659 in
1624 2619 1739 2660 Mss.

271 2689 428 2742 juncta
457 2689 844 2742 deprehenduntur,
883 2700 1050 2728 necnon
1081 2687 1350 2738 singulorum
1381 2689 1656 2730 mutilatione
1695 2693 1740 2731 et

279 2756 466 2807 defectu,
489 2757 728 2799 verisimile
760 2760 841 2807 est,
875 2768 929 2796 ea
948 2760 1050 2810 post
1077 2755 1197 2797 illius
1218 2760 1414 2807 mortem,
1436 2769 1537 2811 quae
1560 2757 1737 2814 quidem
