1852 3193
199 213 286 256 286
668 224 741 254 cr..
775 218 1056 252 CLAUDIANI
1091 217 1200 248 vm.

204 318 319 370 Quae
343 318 424 359 sub
447 321 489 359 te
510 318 579 358 vel
601 331 740 358 causa
760 315 923 364 brevis,
944 313 1013 354 vel
1029 312 1196 367 judicis
1217 323 1336 351 error
1579 308 1663 350 510

203 385 485 438 Negligitur?
518 384 662 424 dubiis
682 384 780 435 quis
807 381 957 422 litibus
981 379 1140 420 addere
1165 378 1293 419 finem

201 452 386 501 Justior,
409 456 451 492 et
471 464 662 492 mersum
687 449 868 489 latebris
891 446 1076 487 educere
1096 446 1280 485 verum?

204 519 319 570 Quae
341 519 500 572 pietaS,
523 521 799 570 quantusque
821 516 952 567 rigor,
976 513 1298 565 tranquillaque
1318 511 1469 564 magni

205 586 291 628 Vis
314 587 465 635 animi,
487 586 692 637 nulloque
712 584 821 623 levis
840 588 1001 622 terrore
1024 580 1219 630 moveri3

205 653 306 695 Nec
325 666 444 694 nova
465 653 611 693 mirari
635 650 801 691 facilis!
835 662 967 702 quam
989 647 1121 687 docta
1142 645 1331 686 facultas
1584 643 1669 684 515

205 720 390 773 Ingenii,
410 721 661 772 linguaeque
685 716 864 757 modus!
902 727 1114 767 responsa
1136 716 1337 754 verentur

206 787 377 841 Legati,
395 788 688 841 gravibusque
708 786 816 825 latet
837 784 919 823 sub
943 783 1135 822 moribus
1156 785 1282 822 aetas.

209 855 414 906 Quantus
436 856 482 896 in
503 868 576 896 ore
598 859 725 907 pater
743 853 751 893 ἱ
783 851 928 893 radiat
950 862 1081 903 quam
1102 853 1228 890 torva
1247 848 1455 903 voluptas

207 975 297 1013 curgi
311 975 408 1005 severi
424 974 582 1004 contemsit
599 982 710 1002 muros.
768 973 847 1007 Quoe
863 981 955 1002 causa
972 971 1025 1000 vel
1043 970 1155 1007 brevis,
1171 970 1216 999 vel
1232 970 1321 1009 culpa
1339 968 1551 1007 Magistratus
1565 967 1620 998 sub
1643 971 1674 999 te

207 1015 393 1056 spernitur?
428 1016 543 1055 Ecquis
559 1015 677 1054 asquior
694 1016 850 1051 imponere
865 1016 976 1042 metam
1004 1011 1233 1050 litigationibus
1248 1012 1414 1049 ambiguis,
1431 1014 1460 1041 et
1476 1020 1580 1041 eruere
1596 1012 1676 1041 veri-

208 1062 303 1089 tatem
321 1059 470 1098 sepultam
486 1058 517 1087 in
532 1054 689 1087 tenebris?
726 1055 835 1090 Qualis
849 1056 962 1094 pietas,
978 1057 1007 1083 et
1023 1054 1122 1092 qualis
1134 1054 1289 1091 gravitas,
1306 1056 1334 1082 et
1360 1053 1407 1082 vis
1432 1053 1556 1091 placida
1579 1053 1676 1083 animi

209 1101 356 1140 ingentis,
372 1110 431 1130 vion
450 1099 560 1136 facilis
574 1098 697 1128 concuti
720 1098 781 1127 ullo
806 1100 910 1131 metu;
944 1105 1040 1135 neque
1055 1099 1177 1135 promta
1193 1095 1345 1125 admirari
1361 1093 1537 1125 ualitates!
1574 1095 1676 1130 Quam

208 1143 331 1173 erudita
344 1143 430 1181 copia
448 1142 580 1180 ingenii,
597 1144 626 1170 et
643 1141 724 1179 lepos
739 1139 887 1169 sermonis
902 1143 954 1168 est
970 1138 1030 1168 tibi
1045 1141 1050 1168 !
1092 1139 1243 1168 Oratores
1258 1140 1445 1167 venerantur
1460 1138 1583 1167 oracula
1607 1143 1678 1175 tua,

209 1184 394 1225 etjuvcntus
411 1189 470 1215 tua
484 1184 656 1214 occultatur
672 1183 727 1213 sub
741 1181 875 1213 moribus
891 1181 999 1222 plenis
1011 1181 1180 1221 gravitate.
1230 1180 1357 1215 Quanta
1373 1179 1487 1219 species
1509 1179 1614 1219 patris
1629 1180 1679 1211 tui

829 1287 1068 1300 eeaeeaeeaoaeeee

212 1367 314 1409 spexit
332 1366 533 1398 Pric.-510
557 1376 662 1397 caussa
677 1366 786 1404 gravis
801 1369 869 1396 tres
885 1365 983 1395 Vatt.
1002 1364 1076 1395 Pai.
1094 1363 1189 1394 Med.
1209 1373 1259 1403 pr.
1286 1366 1321 1393 et
1345 1365 1456 1403 quart.
1481 1361 1566 1392 Exc.
1579 1360 1678 1392 Laeti.

212 1412 314 1442 brevis
332 1409 450 1449 viginti
468 1409 534 1439 duo
551 1410 619 1448 alii,
634 1410 719 1439 Exc.
736 1409 881 1439 Lucens.
900 1418 952 1448 pr.
972 1408 1026 1438 ed.
1040 1408 1152 1437 Vicet.
1172 1407 1255 1437 Var.
1272 1406 1345 1436 LL.
1361 1405 1415 1435 ed.
1433 1404 1537 1435 Antv.
1574 1403 1685 1443 gravis

213 1454 267 1484 vel
284 1453 384 1483 brevis
400 1452 488 1492 Reg.
516 1452 638 1482 petav.
662 1461 714 1490 pr.
742 1452 823 1482 Var.
844 1451 912 1481 LL.
944 1460 962 1481 e
987 1459 1093 1489 marg.
1112 1449 1226 1480 Parm.
1254 1448 1416 1479 Heinsius
1432 1447 1486 1478 hic
1503 1445 1684 1487 sequentia

212 1500 407 1526 notaverat.
443 1494 542 1524 brevis
556 1494 677 1533 caussa]
694 1494 862 1533 compendii
877 1503 1015 1524 caussam
1031 1492 1117 1523 dixit
1136 1491 1320 1531 Capitolin.
1350 1501 1384 1531 p.
1397 1493 1451 1522 27.
1472 1491 1492 1521 1.
1508 1492 1559 1520 34.
1577 1499 1611 1529 p.
1629 1490 1681 1519 32.

213 1539 237 1569 l.
254 1541 307 1569 30.
325 1540 333 1554 ‘
351 1542 533 1578 praetorem
553 1537 785 1577 reprehendit,
802 1537 858 1577 qui
871 1537 938 1567 cito
952 1545 1086 1566 reorum
1102 1544 1237 1565 caussas
1253 1533 1432 1565 andierat!
1461 1533 1508 1563 sic
1521 1532 1604 1562 horti
1619 1531 1686 1562 bre-

214 1581 334 1611 tissimi
352 1590 412 1620 pro
430 1580 553 1619 parvis.
600 1580 773 1619 Spartian.
790 1580 820 1609 in
836 1580 949 1609 Sever.
977 1589 1010 1618 p.
1030 1578 1121 1608 65.1.
1140 1580 1192 1607 28.
1206 1587 1238 1616 p.
1259 1577 1372 1608 127.1.
1387 1579 1439 1606 20.
1455 1586 1487 1615 p.
1506 1575 1612 1606 187.l.
1630 1576 1682 1605 16.

215 1622 286 1653 vid.
301 1622 445 1653 Casaub.
472 1632 504 1661 p.
524 1624 597 1652 163.
624 1624 655 1651 d.
686 1623 741 1662 qui
761 1626 865 1658 errat,
880 1621 957 1651 duni
976 1626 1090 1660 putat,
1117 1620 1164 1649 sic
1194 1620 1404 1649 recentiores
1428 1622 1561 1648 tantum
1578 1616 1682 1656 loqui.

217 1665 321 1696 Ovid.
350 1665 383 1694 iu
403 1665 494 1694 Fast.
518 1674 572 1694 rus
587 1664 675 1694 breve
690 1664 791 1694 dixit.
839 1663 926 1693 Haec
944 1663 1224 1693 Heinsius.-511
1262 1661 1450 1700 Negligitur
1467 1661 1552 1699 Reg.
1571 1659 1685 1690 Oxou.

215 1717 270 1748 pr.
285 1707 382 1738 Leid.
400 1717 448 1747 pr.
467 1717 511 1737 in.
530 1717 579 1745 pr.
597 1712 632 1737 et
650 1716 725 1738 cuni
744 1710 825 1736 nota
843 1704 1074 1744 interrogandi
1092 1704 1201 1735 Livin.
1221 1704 1304 1734 Exc.
1320 1704 1453 1733 Schott.
1480 1702 1551 1731 Non
1567 1701 1685 1740 legitur

216 1751 297 1781 Vat.
316 1755 395 1781 tert.
423 1750 498 1780 Pal.
517 1749 608 1779 Pric.
627 1749 735 1779 Oisel.
754 1749 905 1779 Florent.
923 1747 989 1777 duo
1007 1746 1101 1777 Med.
1121 1746 1252 1777 Mazar.
1270 1746 1402 1776 Tholos.
1418 1745 1498 1776 Jun.
1515 1750 1566 1784 pr:
1585 1743 1682 1775 Leid.

217 1802 268 1832 pr.
283 1802 328 1822 ui.
345 1802 411 1822 sec.
448 1792 539 1822 Nunc
556 1792 671 1829 legitur
690 1792 784 1821 Rott.
823 1791 888 1820 Nec
905 1790 1023 1827 legitur
1039 1795 1186 1830 quatuor
1201 1789 1296 1819 Vatt.
1311 1788 1378 1818 duo
1394 1786 1490 1818 Med.
1514 1787 1584 1827 quis
1598 1787 1684 1818 Exc.

218 1835 366 1866 Lucens.
384 1844 434 1873 pr.
477 1834 529 1873 qai
553 1834 647 1863 Med.
668 1838 747 1864 tert.
764 1834 889 1862 Petav.
905 1836 982 1862 tert.
1002 1832 1068 1862 duo
1083 1831 1209 1862 Moret.
1225 1832 1307 1861 Var.
1326 1830 1393 1861 LL.
1409 1840 1426 1860 e
1442 1839 1547 1869 marg.
1568 1829 1684 1860 Parm.

219 1883 255 1908 et
271 1877 325 1908 ed.
353 1877 467 1907 Vicet.
513 1876 632 1914 legibus
648 1885 709 1915 pro
736 1875 843 1906 lilibus
859 1876 937 1905 Vat.
956 1883 1024 1904 sec.
1044 1883 1087 1904 m.
1117 1883 1168 1913 pr.
1185 1873 1423 1904 Menan—512
1450 1872 1573 1902 Certior
1589 1872 1686 1903 Med.

220 1926 331 1960 quart.
349 1920 476 1950 Moret.
496 1928 545 1958 pr.
571 1928 719 1948 emersum
735 1919 814 1948 Vat.
832 1927 883 1957 pr.
902 1927 944 1946 ni.
965 1927 1014 1955 pr.
1040 1916 1186 1947 deducere
1198 1915 1279 1946 Jun.
1296 1917 1455 1955 fin—513
1482 1914 1572 1949 Quod
1587 1915 1689 1954 pietas

220 1964 300 1992 Vat.
321 1971 369 2001 pr.
403 1964 594 2001 quantusque
611 1960 730 1991 Auibr.
750 1971 817 1991 sec.
850 1964 1019 2000 quantusve
1036 1959 1102 1989 duo
1118 1958 1214 1988 Vatt.
1233 1958 1307 1988 Pal.
1323 1957 1421 1988 Med.
1438 1966 1508 1987 see.
1524 1961 1559 1987 et
1576 1962 1685 1997 quart.

197 2013 204 2020 ·
220 2005 286 2035 duo
305 2005 427 2035 Petav.
447 2005 578 2034 Bonon.
595 2003 732 2033 Tholos.
750 2003 877 2033 Moret.
897 2012 965 2032 seo.
985 2001 1103 2032 Ambr.
1123 2004 1205 2031 tert.
1224 2001 1305 2031 Lov.
1337 2000 1424 2038 rigor
1437 1999 1517 2030 Vat.
1535 2008 1587 2039 pr.
1602 1999 1690 2040 Reg.

219 2048 345 2078 Thuzm.
357 2047 477 2077 Petav.
495 2056 562 2077 sec.
576 2046 702 2077 Moret.
720 2055 784 2076 sec.
808 2046 898 2083 vigor
913 2044 1092 2075 duodecim
1110 2043 1180 2081 alii,
1195 2044 1276 2074 Exc.
1295 2042 1438 2073 Gevart.
1454 2042 1567 2073 Vicet.
1599 2042 1689 2081 rigor

219 2091 274 2121 vel
291 2090 379 2128 vigor
403 2089 519 2120 Ambr.
543 2099 593 2129 pr.
621 2088 715 2119 Leid.
734 2091 889 2127 pia—515
915 2088 1031 2118 mutari
1059 2086 1132 2117 Pal.
1156 2085 1252 2117 Med.
1277 2094 1326 2125 pr.
1371 2095 1461 2125 quam
1486 2086 1578 2115 docta
1602 2085 1690 2125 Reg.

221 2133 354 2162 Thuan.
368 2132 434 2162 duo
446 2132 567 2162 Petav.
579 2131 689 2161 Oxou.
703 2141 753 2170 pr.
767 2131 859 2161 Leid.
870 2140 920 2169 pr.
933 2130 1061 2160 Moret.
1074 2138 1140 2159 sec.
1152 2128 1268 2159 Ambr.
1280 2132 1360 2159 tert.
1374 2129 1456 2158 Exc.
1467 2128 1610 2158 Lucens.
1623 2137 1691 2159 sec.

221 2175 344 2213 Isiugr.
361 2184 428 2212 (μιαν
437 2175 526 2203 docta
540 2183 659 2203 novem
674 2174 849 2203 alst-517
862 2174 950 2202 timet
963 2172 1043 2203 Jun.
1058 2174 1214 2211 pra-518
1231 2172 1270 2206 Q.
1282 2171 1313 2201 in
1325 2180 1352 2201 ο.
1362 2170 1470 2210 pater!
1482 2170 1602 2200 Petav.
1612 2174 1689 2201 tert.

222 2217 336 2247 Parni.
350 2215 472 2254 Isingr.
488 2215 595 2245 Colin.
610 2215 741 2254 Grypii.
761 2213 876 2254 pater?
893 2225 968 2245 cuni
980 2215 1074 2253 signo
1089 2213 1367 2253 interrogationis
1380 2212 1433 2243 ed.
1446 2212 1558 2242 Vicet.
1582 2213 1688 2242 radias

223 2260 301 2289 Vat.
327 2258 434 2298 quint.
457 2256 585 2287 radiat!
608 2267 684 2287 cuin
702 2258 793 2295 signo
816 2257 1070 2287 exclamationis
1096 2257 1178 2287 Lov.
1200 2256 1266 2286 duo
1288 2256 1414 2286 Mor-et.
1428 2253 1504 2285 ΑΜ.
1523 2255 1605 2285 Exc.
1622 2254 1691 2285 Ge-

222 2306 309 2332 vart.
322 2308 354 2331 et
372 2301 420 2330 ita
435 2299 543 2330 edidit
561 2299 666 2330 Gesn.
687 2309 784 2338 parra
801 2300 941 2339 voluptas
953 2300 1033 2329 Vat.
1047 2303 1127 2329 tert.
1146 2298 1240 2328 Rott.
1255 2297 1361 2328 Oisel.
1375 2297 1468 2328 Med.
1485 2306 1552 2327 sec.
1576 2306 1619 2327 m.
1637 2305 1689 2336 pr.

223 2353 328 2384 marg.
352 2343 474 2383 Isiugr.
519 2342 660 2372 voluntas
681 2341 802 2372 Petav.
821 2346 901 2372 tert.
941 2350 1041 2381 parva
1063 2341 1116 2372 vel
1132 2343 1221 2372 tort-a
1244 2340 1394 2373 Florent.
1437 2342 1524 2370 tor-ra
1543 2339 1690 2370 Gesn.—

880 2449 1019 2481 NOTAE

265 2528 330 2557 510
358 2525 470 2565 Error]
514 2525 550 2557 Si
567 2526 641 2566 quis
657 2525 766 2566 judex
784 2525 838 2556 vel
856 2529 928 2555 tan·
984 2523 1142 2554 crederet
1165 2523 1328 2562 juvenem
1356 2520 1514 2562 esse‚qui
1543 2525 1612 2552 tam
1639 2530 1690 2552 sa-

224 2576 334 2608 tillum
350 2576 531 2616 erraverit,
556 2576 591 2607 id
616 2577 676 2607 sub
694 2581 726 2607 te
743 2586 808 2607 non
824 2576 931 2616 negli-
983 2574 1117 2614 pienter
1133 2578 1268 2613 tamque
1283 2571 1434 2611 graviter
1450 2571 1617 2612 loquatur.

226 2626 328 2666 gitur.
1027 2627 1090 2655 518
1108 2623 1243 2662 Radiat]
1261 2622 1366 2654 Quasi
1385 2622 1416 2651 in
1437 2621 1580 2651 Honorii
1594 2621 1690 2652 vultu

268 2679 332 2707 516
354 2677 484 2717 Modus]
505 2678 570 2708 Vel
590 2678 694 2717 lepos,
708 2677 761 2707 vel
777 2676 929 2707 modera-
985 2675 1098 2706 diviua
1119 2674 1272 2715 quaedam
1286 2673 1464 2704 Theodosii
1481 2672 1595 2713 magni
1610 2672 1693 2704 ima-

226 2724 286 2765 tio,
304 2726 355 2756 vel
372 2727 520 2766 gravitas
537 2726 690 2768 quaedam
706 2726 877 2758 sermonis.
986 2735 1028 2767 go
1045 2724 1179 2755 radiare
1195 2724 1363 2754 videatur.

270 2777 332 2807 517
355 2775 465 2816 Latet]
488 2775 586 2808 Adeo
604 2781 641 2808 ut
657 2777 730 2819 quis
747 2786 812 2808 non
829 2775 929 2808 facile
1033 2774 1194 2816 Voluptas]
1227 2774 1307 2816 Ipsa
1323 2774 1456 2815 species
1472 2772 1596 2805 frontis
1612 2776 1693 2814 tuae,
