1852 3193
198 215 284 256 252
677 226 751 257 ot..
783 221 1063 256 CLAUDIANI
1093 221 1200 251 v111.

201 322 350 376 Major
369 325 412 363 et
432 322 577 363 utilior
598 321 690 362 fato
711 320 945 372 conjuncta
964 317 1147 370 potenti,

199 389 302 430 Vile
320 390 460 430 latens
483 391 630 430 virtus.
693 387 810 436 Quid
834 384 950 424 enim
973 385 1201 424 submersa
1221 384 1409 424 tenebris

199 456 403 497 Proderit
424 456 640 496 obscuro?
674 454 807 493 veluti
830 453 921 492 sine
942 452 1104 503 remige
1124 451 1312 504 puppis3

199 524 242 565 V
247 525 289 565 el
315 525 422 578 lyra,
447 537 543 577 quae
568 522 741 572 reticet3
774 520 857 570 vel,
881 520 955 572 qui
984 532 1069 559 non
1090 519 1292 568 tenditur,
1315 530 1456 558 arcus.

201 591 248 631 H
252 604 332 631 ane
351 595 495 631 tamen
516 590 629 631 haud
650 591 897 643 quisquam,
919 589 992 641 qui
1015 600 1102 627 non
1124 587 1348 639 agnoverit
1369 589 1468 626 ante
1572 584 1660 625 225

200 659 359 708 Semet,
382 665 422 700 et
444 661 630 699 incertos
651 658 782 699 animi
804 656 1032 709 pacaverit
1052 658 1200 704 aestus,

200 726 412 767 Inveniet.
474 727 638 778 Longis
660 726 763 766 illuc
788 725 1048 775 ambagibus
1070 724 1170 763 itur.

198 845 369 873 stemmate.
392 842 499 872 l'z'rtus
515 841 662 872 excelsior
683 844 710 870 ct
727 840 922 878 fructuosior
928 839 1037 878 juncta
1055 839 1177 876 magnis
1194 837 1290 873 fatis,·
1315 836 1342 866 si
1357 835 1529 874 delitescat,
1545 833 1664 874 abjecta

200 888 265 914 est:
281 895 350 914 nam
365 885 420 914 illa
436 885 541 915 virtus
556 886 674 923 sepulta
690 883 888 922 obscuritate,
898 881 1122 922 qaidpraficiet
1134 879 1263 919 ignoto?
1280 880 1344 910 erit
1357 879 1437 909 sicut
1451 878 1540 908 naris
1550 877 1663 917 absque

197 928 308 957 remis:
324 931 377 958 ant
394 928 481 957 sicut
497 928 578 966 lyra,
592 937 658 965 quce
670 927 759 956 silet.-
783 930 835 956 aut
851 926 939 955 sicut
955 934 1057 961 arcas,
1072 924 1123 963 qui
1140 934 1199 953 non
1215 922 1420 953 contenditur.
1450 921 1547 951 Nemo
1559 924 1664 950 tamen

199 971 330 1008 reperiet
345 970 422 1000 hanc
440 970 614 1005 virtutem,
629 969 681 1008 qui
705 979 763 998 non
793 968 880 1007 prius
903 968 1080 1005 cognoverit
1110 976 1141 996 se
1171 967 1281 1005 ipsum,
1309 968 1400 1004 atque
1423 963 1577 993 sedaverit
1593 972 1663 1002 per-

200 1011 391 1042 turbationes
418 1011 588 1052 qffectuum
604 1012 807 1051 fluctuantes.
854 1011 926 1039 Itur
942 1009 983 1039 ad
1001 1010 1079 1038 hanc
1103 1009 1266 1038 virtutem
1288 1017 1349 1047 per
1365 1006 1524 1044 anfractus
1547 1006 1664 1043 longos.

815 1100 1052 1112 eeeeeeeeeee

200 1173 237 1200 et
261 1169 380 1199 utilior
408 1168 479 1199 fato
504 1169 692 1209 conjuncta
721 1168 962 1208 potenti,Vile
990 1167 1100 1197 latens
1115 1166 1244 1196 Virtus,
1271 1165 1352 1205 quid
1379 1165 1468 1195 enim
1493 1165 1665 1197 submersa

200 1212 350 1243 tenebris
368 1211 543 1249 Proderit,
558 1212 701 1242 obscuro
719 1212 823 1241 veluti
841 1211 913 1241 sine
941 1210 1069 1250 remige
1092 1209 1229 1249 puppis,
1240 1209 1306 1238 Vel
1328 1209 1414 1247 lyra,
1438 1217 1513 1248 quae
1532 1208 1668 1248 reticet,

200 1255 255 1285 vel
272 1255 329 1295 qui
356 1264 422 1284 non
445 1254 597 1285 tenditur
628 1254 759 1284 arcus?
783 1261 819 1284 et
843 1255 906 1284 hoe
937 1252 1061 1293 probat
1079 1252 1305 1282 Heius—221
1330 1251 1439 1281 utilior
1457 1250 1536 1280 Pur.
1551 1250 1666 1281 Oxou.

201 1307 252 1337 pr.
271 1303 307 1327 et
332 1306 400 1327 sec.
418 1308 460 1327 m.
477 1307 543 1327 sec.
571 1297 637 1327 dno
654 1296 749 1327 Leid.
775 1297 905 1327 ulterior
922 1297 1046 1326 Petav.
1063 1299 1142 1326 tert.
1169 1294 1300 1324 ulterior
1316 1293 1405 1331 facto
1426 1293 1509 1324 Var.
1528 1293 1595 1324 LL.
1613 1293 1667 1324 ed.

201 1340 307 1371 Antv.
321 1339 412 1376 facto
444 1340 508 1370 duo
523 1340 604 1369 Vat.
625 1339 723 1370 Rott.
745 1339 859 1369 Vicet.
878 1339 993 1369 Parm.
1011 1337 1088 1368 Ald.
1106 1338 1227 1377 Isingr.
1243 1335 1317 1373 fato
1341 1336 1460 1375 viginti
1477 1336 1542 1366 duo
1559 1336 1669 1369 Codd.

202 1382 287 1414 Exc.
313 1382 452 1412 Gevart.
471 1383 550 1412 Var.
570 1383 636 1412 LL.
665 1391 683 1412 e
710 1391 816 1421 marg.
835 1382 948 1412 Parin.
963 1381 1053 1419 sacto
1069 1381 1123 1411 vel
1142 1380 1214 1418 fato
1240 1380 1391 1410 Floreut.
1417 1379 1538 1418 patenti
1554 1378 1668 1410 Oxou.

202 1434 271 1455 sec.
285 1435 329 1455 m.
343 1428 505 1464 μικᾲΞΖ-ἶ.)
534 1425 641 1455 Virtus
655 1425 715 1454 vile
731 1426 830 1455 latens
842 1424 937 1455 Med.
956 1429 1066 1465 quart.
1082 1433 1161 1453 mox
1177 1423 1249 1463 quid
1264 1423 1292 1452 si
1307 1421 1401 1452 Med.
1424 1426 1505 1453 tert.
1518 1421 1669 1452 submissa

201 1467 296 1498 Med.
313 1477 381 1498 sec.
398 1467 526 1497 latebris
545 1468 642 1498 Rott.
660 1468 810 1497 Floreut.
829 1467 921 1497 Med.
938 1477 1006 1497 sec.
1030 1467 1156 1497 Moret.
1183 1475 1251 1496 sec.
1278 1464 1413 1495 tenebris
1434 1464 1531 1495 Med.
1555 1469 1668 1505 quart.

202 1512 307 1540 —223
319 1510 552 1540 ProderetVat.
567 1515 645 1540 tert.
658 1510 816 1540 Proderit.
828 1511 955 1541 Moret.
968 1520 1019 1550 pr.
1030 1507 1200 1540 Proderit?
1212 1509 1340 1539 Moret.
1352 1517 1421 1538 sec.
1432 1508 1515 1537 Exc.
1527 1507 1669 1538 Gevart.

202 1553 351 1583 Proderit
361 1552 510 1583 obscuro!
522 1554 602 1584 Pur.
616 1554 700 1592 Reg.
711 1553 840 1584 Tliuan.
850 1553 978 1583 Mazar.
988 1552 1068 1582 Pat.
1082 1552 1203 1582 Petav.
1217 1561 1269 1592 pr.
1280 1550 1397 1581 Ambr.
1409 1550 1562 1581 sec.Var.
1573 1550 1668 1582 Lect.

203 1605 221 1624 e
235 1605 343 1635 marg.
355 1595 470 1625 Parni.
481 1596 629 1626 Proderit
639 1594 654 1627 ,7
666 1595 789 1625 obscuro
804 1596 1021 1626 relativicet.
1037 1595 1116 1625 Ald.
1128 1595 1254 1633 Isingr.
1265 1599 1299 1624 et
1313 1594 1355 1624 al.
1368 1593 1514 1624 Proderit
1527 1592 1669 1623 obscuro:

204 1638 363 1678 tres4Vat.
378 1643 413 1668 et
426 1639 526 1668 Faru.
542 1638 573 1668 in
587 1639 666 1668 Vat.
684 1647 749 1668 sec.
764 1644 876 1669 autem
891 1644 926 1669 et
940 1638 1038 1668 Rott.
1051 1638 1149 1668 colon
1163 1636 1390 1667 desideratur.
1403 1635 1537 1666 obscuris
1550 1634 1668 1666 Ambr.

145 1715 148 1718 ¹
203 1689 255 1719 pr.
289 1680 386 1711 Leid.
423 1691 472 1719 pr.
502 1691 545 1712 ni.
570 1690 638 1711 sec.
662 1680 785 1710 Selied.
811 1681 903 1711 Gud.
933 1681 1093 1710 Heinsius
1110 1679 1319 1719 ascripserat
1335 1679 1462 1708 Lucan.
1480 1677 1612 1717 Paneg.
1625 1678 1669 1708 ad

202 1722 321 1753 Pison.
352 1733 385 1762 p.
403 1726 475 1754 120.
500 1724 554 1754 ed.
573 1723 791 1753 Pitlroei.sine
819 1723 937 1762 remige
962 1723 1057 1753 Med.
1087 1727 1167 1752 tert.
1196 1721 1250 1752 sub
1279 1722 1396 1759 remige
1412 1720 1478 1750 duo
1494 1720 1574 1750 Vat.
1591 1720 1669 1751 Pal.

204 1765 303 1796 Farn.
327 1766 481 1796 Florent.
507 1776 561 1796 un.
589 1766 815 1796 Heius—225
842 1766 937 1796 Haud
961 1768 1063 1795 tamen
1087 1766 1165 1795 hanc
1181 1776 1209 1804 q.
1234 1764 1327 1794 Med.
1351 1772 1418 1794 sec.
1436 1763 1671 1802 haudquaquam

204 1808 283 1838 Vat.
301 1818 351 1848 pr.
370 1810 470 1839 Farn.
485 1813 538 1838 aut
555 1809 714 1848 quisquam
730 1809 812 1839 Var.
839 1808 911 1839 LL.
928 1809 982 1838 ed.
1001 1807 1088 1839 Anv.
1105 1807 1284 1846 cognoverit
1297 1807 1379 1837 Vat.
1395 1815 1462 1837 sec.
1479 1806 1556 1837 Pal.
1574 1806 1669 1837 Prie.

204 1850 284 1881 Pat.
300 1855 466 1889 agnoverat
483 1852 563 1881 Vat.
581 1856 659 1881 tert.
685 1851 947 1881 Florent.——2·26
964 1851 1099 1880 incertos
1116 1851 1195 1880 Pat.
1213 1849 1439 1888 Reg.'r}1uan.
1456 1853 1526 1879 tres
1544 1849 1668 1879 Petav.

202 1893 346 1931 ingratos
360 1894 488 1924 Moret.
506 1903 574 1924 sec.
591 1893 721 1924 incestos
736 1893 854 1923 decem
880 1893 1011 1933 scripti,
1026 1892 1148 1923 Sched.
1167 1892 1258 1923 Gud.
1275 1892 1375 1922 Voss.
1392 1901 1411 1921 a
1426 1901 1470 1922 in.
1494 1901 1546 1931 pr.
1565 1901 1670 1931 marg.

203 1935 328 1975 Isingr.
344 1936 482 1966 animum
505 1936 601 1967 Med.
619 1941 698 1967 tert.
722 1936 892 1975 placat-eris
907 1937 986 1966 Vat.
1016 1939 1126 1976 quart.
1144 1944 1187 1965 m.
1205 1944 1256 1974 pr.
1278 1934 1449 1974 placaverit
1466 1934 1583 1965 decem
1602 1934 1669 1964 alii.

200 1979 378 2016 paccaverit
415 1979 495 2008 Put.
531 1980 689 2018 pacaverit
720 1979 798 2010 Pat.
837 1979 997 2009 Heinsius
1037 1981 1262 2008 annotaverant
1296 1986 1389 2017 seqq.
1427 1977 1538 2006 incerti
1574 1976 1672 2006 animi

203 2021 312 2061 cestus]
323 2021 441 2051 Valer.
454 2021 568 2052 Flacc.
582 2021 657 2052 Lib.
667 2031 701 2052 v.
715 2024 790 2052 303.
802 2022 811 2038 ‘
826 2021 1009 2061 Praecipue
1019 2020 1212 2051 AEsonidem
1226 2019 1335 2050 varios
1350 2020 1483 2050 incerta
1495 2029 1557 2059 per
1569 2024 1671 2050 aestus

206 2063 305 2094 Mens
330 2064 442 2104 rapit!
465 2064 533 2094 vid.
550 2065 690 2095 Salmas.
720 2064 762 2095 ad
791 2063 985 2104 Hist.Aug.
1010 2074 1042 2104 p.
1060 2065 1239 2095 181.—·227
1263 2062 1420 2102 longisque
1434 2062 1585 2093 Florent.
1603 2061 1670 2092 illic

867 2150 1009 2181 NOTAE

248 2214 308 2242 221
340 2211 417 2241 Fato
447 2211 608 2249 conjuncta
632 2212 768 2251 potenti]
791 2213 909 2244 Virtus
964 2213 1187 2245 fluctuantem
1205 2213 1401 2244 efficientes.
1447 2212 1582 2252 Etjure
1599 2212 1670 2252 qui-

206 2262 422 2302 Principum,
446 2271 520 2302 quae
534 2262 620 2292 solet
634 2262 784 2292 nancisci
802 2261 910 2293 fatum
965 2264 1042 2294 dem
1065 2264 1274 2295 Theodosius
1295 2263 1397 2303 jubet
1418 2262 1547 2302 placari
1566 2262 1669 2293 animi

205 2321 364 2352 inagnum
381 2315 416 2341 et
432 2316 565 2351 potenS.
963 2318 1094 2351 motus3
1118 2313 1160 2344 ad
1191 2313 1277 2343 iram
1306 2313 1395 2343 enirn
1424 2317 1498 2344 erat
1522 2323 1669 2353 propen-

249 2365 313 2393 222
334 2362 404 2393 Vile
430 2361 543 2401 latens]
577 2361 694 2392 Virtus
721 2361 830 2392 latens
858 2366 911 2393 est
967 2362 1050 2401 sior,
1080 2367 1115 2393 et
1154 2363 1218 2394 hac
1247 2361 1476 2394 inflammatus
1510 2364 1670 2394 saevierat

206 2413 274 2444 vile
300 2413 494 2453 negotium:
516 2416 524 2430 ‘
542 2413 653 2443 Dulce
669 2421 770 2453 sopor
792 2411 912 2444 fessis.’
967 2413 1130 2444 atrociter
1157 2414 1189 2444 in
1211 2414 1540 2445 Thessalonicenses.
1582 2413 1672 2444 Vide

203 2463 377 2503 Virgilius.
967 2463 1044 2494 Lib.
1059 2472 1099 2494 11.
1113 2463 1147 2493 in
1162 2462 1240 2494 Rus.
1256 2473 1289 2494 v.
1306 2466 1379 2494 280.

251 2517 312 2545 225
328 2513 517 2554 Agnoverit]
542 2513 693 2544 Scientia
709 2518 760 2545 est
773 2514 910 2545 oraculo
1010 2515 1073 2543 227
1111 2513 1230 2552 Longis
1260 2512 1348 2552 illuc]
1407 2512 1461 2543 Ad
1500 2512 1672 2554 virtutem,

209 2565 326 2605 digna,
350 2565 463 2603 ’γνῶναι
486 2563 629 2604 σεαυτὸν,
651 2573 736 2594 nosse
763 2564 910 2604 seipsum,
964 2563 1206 2604 longa,ardua‚
1222 2564 1432 2605 salebrisque
1454 2569 1491 2596 et
1512 2564 1671 2596 anfracti-

210 2621 247 2646 et
262 2615 345 2656 quid
362 2615 403 2645 de
421 2625 456 2646 se
472 2615 581 2655 Deus,
597 2614 720 2655 patria,
741 2619 913 2654 parentes,
966 2614 1028 2646 bus
1045 2615 1145 2655 plena
1161 2615 1217 2645 via
1233 2619 1295 2646 est.
1341 2614 1408 2646 Sed
1435 2615 1477 2645 ad
1495 2624 1569 2646 eam
1591 2626 1670 2647 con-

212 2665 311 2696 amici
328 2668 525 2704 expectent.
966 2665 1174 2706 sequendam
1202 2665 1268 2695 duo
1309 2665 1542 2706 requiruntur,
1572 2676 1670 2697 nosse

254 2717 317 2745 226
341 2715 479 2746 Incertos
502 2713 610 2753 cestus]
637 2712 752 2744 Animi
766 2712 911 2744 affectus
964 2714 1124 2755 seipsum,
1160 2719 1196 2746 et
1230 2715 1368 2755 placare
1406 2715 1508 2746 animi
1539 2716 1683 2757 cupidi--

210 2765 400 2806 instabiles,
425 2769 461 2796 et
483 2764 587 2795 maris
609 2764 727 2805 instar,
746 2763 914 2795 hominem
968 2769 1067 2796 tates.
1640 2775 1642 2777 ·
