1852 3193
226 174 312 216 328
718 183 794 214 eL.
827 178 1108 214 cLAUD1AN1
1143 178 1194 208 x.

230 280 322 321 Fas
345 280 403 320 sit
424 284 570 320 castra
589 278 698 318 meis
716 276 849 317 hodie
871 272 1155 314 succumbere
1178 271 1328 325 signis.

227 346 359 388 Tibia
381 360 461 400 pro
482 347 617 394 lituis,
640 347 683 384 et
704 356 784 395 pro
803 342 1007 393 clangore
1029 341 1233 381 tubarum
1605 341 1688 380 195

229 414 368 455 Molle
390 416 495 468 lyrae
518 413 765 464 festumque
782 413 971 451 canant:
1004 409 1234 462 epulentur
1255 409 1311 449 ad
1334 408 1459 462 ipsas

227 482 484 524 Excubias:
516 480 673 520 mediis
696 479 862 532 spirent
883 482 1079 519 crateres
1102 479 1147 517 in
1169 477 1316 518 armis.

229 550 370 591 Laxet
392 548 606 589 terribiles
627 546 841 600 majestas
859 546 977 599 regia
998 547 1156 595 fastus,

226 617 285 658 Et
306 618 473 657 sociam
495 616 668 670 plebem
689 627 778 655 non
797 613 1020 666 indignata
1041 615 1242 667 potestas

228 684 481 727 Confundat
496 684 637 724 tnrbae
659 694 876 735 proceres.
939 682 1173 723 Solvantur
1192 680 1375 721 habenis
1601 679 1686 719 200

226 751 407 793 Gaudia
425 765 433 793 :
465 765 548 792 nec
570 751 692 803 leges
714 749 884 804 pudeat
903 750 1042 791 ridere
1063 762 1252 790 severas.

225 819 296 860 Tu
318 820 472 867 festas,
494 818 759 871 Hymenaee,
782 818 901 858 faces
923 831 934 869 3
967 821 1028 867 tn,
1047 815 1223 866 Gratia,
1244 817 1374 857 flores

224 886 372 940 Elige3
404 890 450 926 tu
474 887 683 938 geminas,
706 885 971 935 Concordia,
995 888 1120 925 necte
1143 897 1340 925 coronas.

224 953 338 1003 Vos,
360 957 549 1007 pennata
569 953 739 1002 cohors,
762 966 1038 1006 quocumque
1056 953 1282 993 vocaverit
1302 963 1421 1000 USUS,

221 1062 346 1092 vexillis
362 1063 446 1093 meis.
495 1063 584 1093 Tibia
598 1065 684 1092 sonet
698 1072 754 1102 pro
770 1063 878 1097 lituis,·
901 1065 930 1092 et
954 1072 1011 1101 pro
1035 1061 1169 1101 strepitu
1191 1060 1399 1098 buccinarum,
1424 1059 1502 1098 lyrae
1522 1061 1685 1098 personent

221 1105 333 1135 leniter
348 1108 378 1135 et
385 1105 537 1142 feliciter.
584 1104 710 1134 Milites
723 1104 814 1142 genio
829 1104 1013 1143 indulgeant
1026 1104 1059 1133 in
1074 1104 1151 1143 ipsis
1174 1102 1361 1133 stationibus
1371 1112 1381 1131 :
1402 1103 1519 1141 pateroe
1545 1103 1687 1140 spument

219 1146 253 1177 in
269 1147 367 1177 medio
382 1157 546 1178 armorum.
591 1147 743 1185 Maiestas
757 1147 959 1187 imperatoria
980 1146 1123 1177 remittat
1139 1145 1312 1185 superbiam
1326 1144 1489 1175 verendam
1499 1154 1510 1180 ;
1533 1146 1564 1173 et
1585 1146 1687 1183 potes-

219 1191 270 1220 tas
298 1190 496 1230 imperatoris
525 1199 584 1220 non
607 1191 772 1229 repudians
800 1190 979 1220 societatem
1008 1189 1116 1229 populi
1144 1188 1270 1219 misceat
1297 1188 1449 1227 primores
1480 1184 1688 1216 multitudini.

222 1232 338 1263 Frcena
362 1234 506 1263 taxentur
535 1232 677 1263 lcetitice:
701 1242 795 1272 neque
811 1233 893 1271 leges
915 1233 1031 1272 rigida*
1047 1230 1225 1263 erubescant
1240 1230 1352 1261 ridere.
1398 1229 1429 1261 O
1448 1229 1632 1269 Hymenoee,
1654 1231 1689 1258 tu

220 1275 322 1314 delige
336 1277 435 1306 toedas
449 1277 594 1314 solennes,
611 1279 645 1306 tu
652 1275 751 1315 flores
767 1285 785 1306 o
801 1275 917 1306 Gratia
931 1287 943 1312 ;
967 1279 1001 1305 tu
1017 1284 1035 1305 ο
1055 1275 1226 1305 Concordia
1240 1283 1318 1313 para
1333 1282 1461 1303 coronas
1477 1274 1564 1302 duas.
1615 1271 1688 1309 Vos,

222 1326 242 1348 0
254 1321 348 1349 coetus
364 1318 478 1359 alatus,
485 1318 652 1359 festinate,
678 1318 768 1349 turba
792 1322 895 1349 vestra
908 1321 1064 1358 separata,
1085 1327 1268 1358 quocumque
1282 1316 1406 1347 utilitas
1418 1315 1551 1357 impellit
1565 1325 1576 1351 ,·
1597 1317 1627 1346 et
1650 1323 1687 1344 ne

840 1411 1054 1424 eeeeeeeeeee

220 1456 290 1489 LL.
308 1457 361 1488 ed.
377 1457 481 1489 Antv.
514 1458 646 1489 minores
660 1459 741 1490 Vat.
758 1458 866 1499 quint.
887 1468 929 1490 m.
946 1460 1104 1498 ρι·.--194
1138 1460 1250 1489 cuncta
1268 1456 1386 1487 Arnbr.
1402 1466 1453 1496 pr.
1488 1453 1687 1495 procumbere

218 1500 466 1531 Tholos.—195
491 1502 622 1532 clamore
638 1501 783 1532 tubarum
800 1501 880 1533 Vat.
897 1502 1007 1542 quint.
1031 1502 1183 1541 plangore
1200 1500 1294 1531 Med.
1313 1502 1454 1530 terh—1
1462 1500 1504 1529 96
1509 1497 1687 1536 festumque

220 1545 292 1573 tres
310 1543 405 1574 vait.
431 1544 505 1574 Pal.
530 1545 630 1576 Farn.
658 1545 750 1575 Prie.
768 1545 866 1575 Rott.
885 1544 993 1575 Oisel.
1019 1543 1201 1584 fastumque
1231 1543 1326 1574 Med.
1358 1546 1438 1573 tert.
1458 1542 1539 1572 Put.
1568 1550 1611 1570 m.
1636 1549 1686 1579 pr.

219 1584 299 1616 Pat.
316 1591 384 1616 vet.
401 1586 486 1626 Gyr.
505 1587 588 1617 Exc.
604 1587 746 1618 Gevart.
760 1586 962 1626 faustumque
988 1587 1245 1626 quatuordecim
1275 1585 1345 1623 alii,
1368 1586 1452 1615 Exc.
1468 1584 1598 1614 Schott.
1622 1582 1689 1612 Lu-

220 1636 312 1659 cens.
331 1638 397 1658 scc.
413 1628 554 1668 Gyrald.
573 1629 694 1660 selred.
712 1629 802 1660 Gud.
821 1630 900 1660 Var.
920 1629 987 1660 LL.
1013 1629 1063 1660 ed.
1082 1628 1186 1659 Antv.
1210 1628 1413 1667 faustumque
1440 1627 1490 1656 vel
1511 1626 1688 1664 festamque

218 1669 302 1701 Lov.
320 1671 403 1711 Reg.
420 1671 572 1702 Florem.
588 1671 698 1701 Oxon.
715 1671 793 1702 (luo.
829 1674 941 1702 canent
958 1670 1048 1701 Prie.
1086 1674 1199 1701 canant
1215 1670 1267 1700 vel
1282 1673 1389 1700 sonent
1404 1669 1483 1699 Vat.
1506 1677 1572 1698 see.
1601 1666 1688 1698 Cod.

219 1712 336 1744 Ursin.
375 1715 532 1753 epulemur
547 1715 597 1744 vel
613 1715 771 1754 epulentur
794 1715 877 1753 Reg.
896 1714 1007 1744 Oxon.
1025 1722 1075 1752 pr.
1109 1714 1149 1744 ad
1164 1722 1268 1743 omnes
1289 1712 1530 1742 'I'holos.—197
1556 1709 1688 1751 ‚spirant

220 1754 335 1786 Oxon.
350 1766 400 1795 pr.
433 1757 550 1796 spirent
568 1757 701 1796 Reg.et
727 1757 880 1788 Florent.
902 1766 979 1787 cum
1007 1756 1129 1795 glossa.
1144 1756 1166 1786 i.
1193 1766 1218 1785 e.
1244 1756 1413 1785 redoleant.
1446 1753 1578 1793 spirent,
1595 1752 1686 1782 forte

216 1801 357 1838 spument
372 1802 424 1829 est
440 1799 473 1828 in
491 1799 572 1830 Lov.
603 1799 720 1838 spirent
738 1800 791 1829 vel
807 1802 949 1838 spument
963 1799 1043 1828 Vat.
1061 1799 1170 1838 quint.
1186 1808 1228 1828 m.
1247 1799 1424 1828 sem—198
1448 1797 1541 1835 Ignet
1564 1795 1688 1826 Petav.

218 1850 271 1880 pr.
289 1850 331 1871 m.
347 1850 398 1881 pr.
416 1842 516 1872 Voss.
545 1851 562 1871 a
580 1851 623 1872 m.
641 1851 692 1880 pr.
717 1842 826 1872 Lasset
844 1840 960 1872 Ambr.
987 1850 1055 1871 seo.
1088 1840 1239 1871 terribilis
1266 1841 1351 1870 Exc.
1383 1839 1525 1869 anens.
1551 1848 1603 1877 pr.
1632 1837 1686 1868 ed.

218 1883 441 1914 Vicet.——200
482 1883 662 1921 Confumlat
692 1884 885 1915 octodecim
910 1882 1042 1923 scripti,
1070 1884 1153 1913 Exc.
1181 1882 1313 1913 Schott.
1338 1882 1421 1912 Var.
1439 1882 1506 1912 LL.
1531 1890 1550 1911 e
1576 1889 1684 1919 marg.

217 1925 336 1956 Parin.
363 1925 562 1963 Confundant
580 1927 665 1957 Exc.
684 1927 766 1957 an.
786 1936 838 1967 pr.
855 1927 909 1957 cd.
927 1926 1147 1957 vicen—201
1170 1927 1288 1965 pudeat
1313 1926 1395 1963 leges
1420 1924 1515 1954 Med.
1530 1927 1687 1964 quarte—

219 1970 282 1998 203
309 1969 432 2007 Collige
449 1969 577 1999 Movet.
594 1979 643 2008 pr.
677 1969 784 2008 selige,
800 1979 842 2000 ex
870 1968 1082 2008 conjectura,
1108 1969 1301 1999 Low—204
1322 1968 1453 2006 pinnata
1479 1966 1584 1997 cohors
1607 1966 1687 1996 vat.

217 2014 297 2042 tert.
312 2021 355 2042 m.
373 2021 443 2043 sec.
461 2011 570 2042 Oisel.
588 2012 674 2052 Reg.
690 2012 757 2043 (1ιιο
777 2013 897 2043 Petav.
916 2012 1031 2043 Oxon.
1046 2021 1114 2042 sec.
1131 2012 1216 2042 Exc.
1234 2010 1376 2042 Gevart.
1392 2014 1428 2041 et
1452 2010 1597 2041 Lucens.
1618 2018 1687 2039 sec.

883 2114 1023 2146 NOTAE

262 2195 322 2224 197
349 2192 493 2233 Spirent]
520 2192 681 2223 crateres
698 2193 846 2224 reddant
863 2204 921 2234 op-
976 2194 1079 2234 neris,
1117 2203 1176 2224 sen
1214 2193 1415 2225 adolescens
1445 2191 1680 2230 Atheniensis,

217 2242 336 2274 fimum
354 2243 506 2282 odorem,
533 2247 691 2283 spument
708 2248 743 2274 et
760 2244 922 2283 irnplcan·
977 2244 1034 2285 qni
1058 2248 1132 2283 post
1157 2245 1318 2275 liberatas
1344 2254 1363 2274 a
1391 2243 1519 2274 Piratis
1536 2242 1685 2282 virgines

217 2297 274 2324 tur
286 2292 356 2324 vini
372 2293 483 2332 copia,
514 2303 590 2334 qnae
604 2293 734 2334 spirare
751 2293 847 2332 facit,
862 2304 921 2325 seu
976 2295 1138 2333 intactas,
1165 2295 1246 2325 data
1274 2295 1426 2335 optione,
1443 2303 1543 2325 unam
1575 2303 1617 2324 ex
1645 2292 1684 2323 iis

217 2353 292 2384 qnae
319 2344 496 2384 spiritibus
514 2344 599 2374 vivis
627 2349 662 2375 et
690 2344 797 2384 igneis
820 2345 922 2376 homi·
978 2344 1089 2384 duxit,
1116 2354 1193 2375 cnm
1223 2355 1263 2375 ea
1288 2344 1439 2375 feliciter
1462 2344 1568 2381 vixit3
1591 2342 1684 2373 ideo-

216 2402 277 2425 nes
292 2394 414 2435 implet
432 2398 466 2425 et
483 2392 679 2426 inflammat.
979 2404 1043 2435 que
1061 2399 1113 2425 est.
1130 2395 1162 2425 in
1177 2395 1304 2435 nuptiis
1321 2395 1511 2425 invocatus.

260 2446 323 2475 200
349 2443 528 2481 Confuntlat
555 2444 655 2475 turboe
678 2443 834 2485 proceres]
868 2445 921 2475 Li·
1022 2445 1134 2485 Faces]
1180 2446 1385 2485 antiales:
1417 2445 1469 2475 hae
1496 2443 1684 2484 pingeban-

218 2495 332 2527 centia
349 2495 506 2535 nuptiali.
978 2499 1032 2526 tur
1053 2496 1086 2526 in
1114 2505 1214 2526 manu
1243 2494 1446 2536 Hymenaei:
1472 2494 1683 2535 Hymenaens

259 2549 322 2577 201
362 2547 461 2585 Leges
487 2546 605 2586 ridere]
650 2547 729 2578 Non
759 2547 853 2587 leges
880 2547 920 2578 ri·
977 2556 1053 2577 cum
1069 2546 1145 2577 face
1160 2551 1195 2577 et
1214 2555 1340 2576 corona
1357 2545 1450 2585 pingi
1466 2545 1593 2576 solitus.

216 2596 313 2636 dent,
340 2596 400 2627 sed
418 2596 646 2637 Legislatores
659 2602 694 2627 et
710 2596 852 2628 Judices
871 2606 921 2628 se·
1019 2598 1081 2627 203
1110 2595 1297 2635 Concordia]
1343 2596 1394 2626 Ea
1419 2596 1452 2625 in
1481 2595 1608 2636 nuptiis
1636 2595 1682 2625 in-

216 2647 311 2677 veri:
337 2656 439 2688 cansa
455 2657 517 2687 pro
534 2645 669 2678 effectu.
975 2647 1090 2677 vocari
1110 2646 1220 2687 solita,
1239 2651 1271 2677 et
1291 2646 1424 2677 merito.

259 2699 322 2727 ⁶202
348 2697 535 2738 Hymencee]
579 2698 641 2729 Est
669 2697 720 2729 hic
747 2697 835 2730 filius
853 2700 919 2729 Vc=
