1857 3177
527 183 579 213 IN
613 182 687 212 cn.
721 181 1075 216 CLAUDIANUM.
1139 164 1141 166 ’
1471 181 1528 223 17

71 291 181 332 quos
211 278 341 319 animi
363 279 547 320 affectus
570 279 659 319 veri
681 278 869 327 eliciunt,
893 278 948 319 ad
970 290 1082 332 quos
1102 277 1309 333 loquendi
1330 284 1438 325 ratio
1459 299 1526 337 ea,

71 358 170 398 quae
202 347 365 398 optima
396 351 436 385 et
467 346 725 386 fidelissima
755 348 910 386 mentis
942 347 1147 400 interpres
1178 351 1257 396 est,
1294 355 1448 401 sponte
1482 367 1530 393 se

70 415 399 454 accommodare
434 414 555 453 solet.
618 413 816 453 Ceterum
840 414 1047 455 laudandi
1070 416 1378 455 consuetudine
1399 420 1531 459 semel

68 478 260 527 inducta,
290 480 611 532 certamineque
640 481 799 532 poetis,
823 482 1067 533 prasertim
1100 482 1331 529 famelicis,
1352 482 1530 535 injecto,

69 558 170 585 cum
194 547 298 586 alter
321 546 444 585 alteri
466 547 506 585 in
524 547 743 599 captanda
763 547 1074 600 Imperatorum
1096 554 1137 588 et
1157 561 1383 600 procerum
1402 551 1530 590 bene-

66 614 255 653 volentia
278 612 428 652 cedere
447 613 595 661 nollet,
618 614 795 662 accidit,
819 618 864 653 ut
884 615 924 653 in
948 616 1076 654 rebus
1102 617 1207 655 citra
1229 629 1399 657 omnem
1420 619 1533 659 veri-

67 680 171 720 tatis
193 680 499 719 verecundiam
530 681 741 733 augendis
775 684 817 720 et
854 682 1178 734 amplificandis
1210 684 1531 736 probabilitatis

65 745 244 785 modum
287 758 466 798 prorsus
508 747 781 787 excederent.
861 746 974 796 Quae
1013 761 1113 788 Cum
1151 750 1349 801 legimus,
1385 752 1531 792 mirari

65 812 182 861 licet,
212 817 375 865 quanto
409 813 578 853 stolidae
610 815 866 865 arrogantia>
901 816 1016 856 callo
1052 817 1167 856 frons
1198 817 1370 858 illorum
1405 819 1532 859 fuerit

66 879 273 928 obducta,
301 892 480 933 quorum
514 892 641 920 aures
665 873 923 934 hujusmodi
956 884 1284 924 recitationibus
1320 890 1529 937 paterent.

66 945 155 987 Sed
190 948 330 987 omnis
360 949 657 1000 exaggeratio,
692 962 792 1001 qua:
829 950 1017 1002 primum
1051 952 1217 991 animos
1238 953 1403 1005 pungit,
1427 966 1530 993 con-

65 1015 295 1055 suetudine
337 1016 423 1055 vim
461 1029 585 1056 suam
624 1018 834 1066 amittere,
873 1022 1000 1072 atque
1032 1019 1078 1058 in
1113 1019 1287 1059 inanem
1319 1020 1530 1075 loquendi

65 1081 294 1123 formulam
325 1083 436 1123 solet
457 1085 592 1132 abire,
616 1085 679 1123 ita
699 1089 745 1123 ut
767 1098 939 1137 semper
974 1098 1092 1126 nova
1122 1086 1392 1139 impudentia
1419 1100 1529 1141 opus

67 1150 137 1199 sit,
159 1150 214 1190 ad
235 1154 419 1190 veterem
441 1151 671 1190 audaciam
704 1151 1006 1203 superandam.
1069 1151 1232 1206 Atque,
1266 1156 1303 1194 si
1336 1156 1468 1195 semel
1504 1168 1530 1196 a

64 1220 231 1258 naturae
253 1219 432 1257 veritate
454 1218 498 1256 in
518 1217 736 1257 laudando
758 1217 1002 1258 discessum
1034 1224 1117 1268 est,
1146 1234 1233 1259 non
1264 1226 1407 1273 potest
1427 1235 1528 1262 con·

67 1285 162 1324 sisti
184 1285 270 1323 nisi
292 1297 359 1331 eo,
382 1283 458 1322 ubi
488 1285 716 1324 verborum
737 1288 778 1324 et
798 1298 938 1324 rerum
960 1285 1259 1339 discrepantia
1279 1301 1333 1328 ea
1353 1289 1529 1330 demum

64 1350 183 1391 facta
204 1356 286 1400 est,
310 1356 357 1391 ut
378 1350 446 1390 vel
467 1350 610 1402 fungis
643 1354 686 1391 et
719 1351 942 1403 stipitibus
974 1352 1112 1393 risum
1147 1356 1356 1396 excutiat.
1418 1356 1529 1397 Inde

65 1431 238 1472 quoque
259 1419 448 1459 narratio
470 1423 675 1459 nascatur
694 1432 876 1460 necesse
899 1424 978 1471 est,
1000 1434 1089 1462 non
1109 1435 1209 1475 quae
1232 1410 1527 1477 Simplicitate,

63 1479 345 1540 proprietate,
368 1491 408 1527 et
428 1490 656 1529 venustate
677 1489 839 1528 sensim
869 1490 914 1530 in
936 1491 1104 1531 animos
1126 1504 1172 1530 se
1205 1492 1411 1542 insinuat,
1434 1506 1529 1534 eos-

65 1566 149 1606 que
182 1554 302 1594 1110111
332 1554 504 1607 quidem
533 1554 611 1595 sed
642 1559 786 1597 tamen
822 1556 986 1598 efficaci
1023 1559 1224 1612 imperio,
1252 1573 1528 1615 quocumque

63 1621 182 1671 velit,
203 1622 364 1673 flectit3
402 1636 550 1664 verum
585 1637 684 1678 quae
717 1625 834 1665 inani
864 1626 1094 1666 verborum
1116 1640 1280 1681 pompa
1301 1629 1528 1669 sententia-

63 1702 243 1744 rumque
264 1692 446 1744 strepitu
469 1705 596 1733 aures
618 1696 783 1733 tantum
804 1693 956 1746 implet
975 1708 1051 1734 seu
1073 1694 1223 1747 potius
1243 1694 1460 1745 obtundit,
1484 1699 1528 1737 et

64 1757 270 1799 doctrinae
290 1759 572 1800 multiformis
599 1762 889 1802 ostentatione
921 1766 1164 1816 ornatuque
1195 1763 1389 1816 undique
1424 1776 1528 1804 con-

62 1825 225 1878 quisito
254 1831 433 1868 onerata
459 1829 580 1880 riget.
641 1828 704 1869 Ut
737 1830 909 1870 actione
944 1830 1091 1884 aliqua
1122 1830 1303 1871 inducta
1336 1831 1527 1872 colorem

62 1893 237 1946 epicum
268 1895 461 1935 carmina
493 1896 680 1945 trahant,
711 1896 767 1936 ad
797 1896 1037 1945 fastidium,
1075 1897 1191 1950 quod
1222 1899 1267 1937 in
1299 1899 1527 1951 perpetuis
1578 1943 1581 1946 ,

63 1959 453 2002 declamationibus
481 1966 523 2002 et
544 1963 910 2016 descriptionibus
932 1964 1152 2005 auditores
1185 1977 1345 2016 capere
1367 1965 1524 2017 possit,

60 2026 318 2077 leniendum,
342 2028 614 2069 Claudianus
645 2031 813 2070 ratione
845 2031 975 2070 utitur
1007 2043 1096 2070 non
1118 2043 1285 2082 semper
1303 2030 1438 2080 felici,
1462 2032 1525 2071 in-

61 2094 229 2135 terdum
256 2095 418 2147 jejuna,
454 2097 500 2134 in
528 2109 617 2147 qna
649 2109 819 2146 magnae
841 2097 1038 2149 inprimis
1061 2097 1218 2136 Romae
1244 2097 1353 2137 Deae
1374 2102 1523 2150 partes

61 2164 174 2210 sunt,
194 2161 410 2201 interdum
431 2162 578 2214 plures
605 2166 728 2202 terrae
759 2165 802 2202 in
828 2175 1038 2214 personas
1060 2166 1239 2203 mutatae
1262 2167 1304 2203 et
1322 2163 1447 2205 fluvii
1478 2166 1525 2206 in

61 2240 236 2269 scenam
256 2228 480 2281 prodeunt,
502 2241 587 2269 non
606 2233 653 2269 ut
673 2234 820 2281 agant,
843 2229 919 2269 sed
952 2233 999 2271 ut
1018 2230 1249 2279 orationes,
1277 2230 1319 2269 in
1344 2231 1521 2284 quibuS,

61 2295 271 2349 quicquid
290 2295 519 2348 figurarum
540 2300 581 2337 et
609 2297 888 2338 flosculorum
907 2297 1070 2338 scholae
1092 2297 1315 2338 rhetoricae
1345 2298 1522 2351 collige-

59 2363 156 2413 rint,
191 2367 461 2405 consumtum
491 2377 590 2404 esse
619 2365 804 2413 videtur,
836 2378 935 2405 eum
963 2365 1070 2405 artis
1106 2364 1394 2405 ostentatione
1426 2369 1522 2406 tan-

61 2443 193 2484 quam
222 2432 266 2471 in
296 2431 510 2472 auditorio
544 2431 691 2484 aliquo
721 2424 914 2472 recitent.
975 2431 1027 2471 In
1056 2436 1176 2472 tanta
1209 2445 1330 2483 saepe
1359 2445 1519 2482 rerum,

62 2510 161 2550 quae
184 2510 285 2539 vera
306 2498 435 2539 laude
456 2499 595 2551 dignae
611 2503 772 2548 essent,
787 2499 954 2552 inopia,
976 2504 1041 2539 est
1063 2512 1180 2549 sane,
1199 2499 1318 2551 quod
1335 2499 1519 2553 mireris,

62 2577 148 2617 qua
166 2566 330 2606 ratione
352 2565 482 2619 poeta
502 2567 653 2619 parvis
673 2572 716 2608 et
745 2567 956 2607 interdum
985 2567 1182 2607 sutilibus
1216 2567 1444 2606 verborum
1476 2570 1520 2608 et

62 2633 362 2673 sententiarum
382 2646 547 2687 pompa
578 2634 800 2687 dignitatis
822 2634 1012 2687 speciem
1037 2633 1294 2681 conciliarit,
1323 2636 1368 2672 et
1398 2645 1520 2686 quae-

63 2695 179 2746 dam,
208 2712 294 2739 non
325 2699 559 2741 admodum
590 2701 844 2749 honorifica,
874 2701 1044 2742 virtutis
1066 2703 1106 2741 et
1126 2700 1350 2754 sapientiae
1373 2698 1519 2753 splen-2

147 2773 307 2816 Delpk.et
328 2773 401 2807 Var.
422 2777 505 2810 Clas.
745 2777 856 2809 Claud.
1401 2777 1431 2812 B,
