1842 3193
284 208 339 250 18
859 203 1233 237 PROLEGOMENA

286 312 388 354 dore
409 309 595 351 dicendo
615 302 819 354 induerit,
841 306 884 344 et
912 301 1090 343 easdem
1122 310 1243 350 saepe
1270 308 1341 336 res
1364 298 1525 348 quanta
1539 294 1750 336 varietate

285 377 554 434 exposuerit.
616 373 755 428 Cujus
777 372 840 412 rei
860 370 1067 422 exempla
1087 369 1132 408 in
1152 367 1323 419 promtu
1342 366 1464 403 erunt
1485 361 1751 402 carminibus

284 449 332 490 in
353 447 524 488 tertium
544 446 584 483 et
604 443 806 495 quartum
827 436 1017 477 Honorii
1039 433 1314 474 consulatum
1333 431 1440 470 inter
1459 441 1507 468 se
1525 439 1752 480 compara-

286 517 370 566 tis;
394 518 435 554 et
455 525 587 566 quarn
611 509 803 550 studiose
823 504 967 545 laudis
989 506 1030 544 et
1051 499 1358 541 ostentationis
1382 497 1606 537 materiam
1628 493 1755 535 undi-

289 596 374 638 que
396 579 629 632 collegerit,
653 577 875 629 specimen
900 570 1169 611 luculentum
1191 578 1368 607 carmen
1386 565 1427 604 in
1448 568 1618 604 sextum
1638 562 1756 616 ejus-

289 651 388 692 dem
412 647 682 689 consulatum
707 639 1021 695 suppeditabit.
1085 635 1286 676 Ceterum
1317 632 1374 672 ad
1404 635 1568 671 rectum
1592 629 1645 669 de
1665 632 1755 669 toto

290 718 374 759 hoc
394 715 633 756 carminum
654 723 806 764 genere
836 708 1057 762 judicium
1089 702 1310 746 serendum
1332 701 1415 740 hoc
1437 699 1481 738 in
1501 698 1758 738 universum

290 783 526 826 tenendum
566 785 645 820 est.
716 776 871 817 Omnis
906 773 1115 815 laudandi
1154 770 1277 819 ratio,
1318 780 1419 821 quae
1459 764 1638 818 quidem
1671 774 1760 803 non

293 852 437 893 solum
466 849 521 897 ei,
544 848 618 900 qui
639 846 853 893 laudatur,
877 842 955 883 sed
986 842 1112 882 etiam
1146 839 1258 887 aliis,
1291 836 1366 889 qui
1401 834 1552 886 legunt
1579 832 1649 873 vel
1683 843 1760 871 011-

295 920 435 967 diunt,
477 916 665 970 placeat,
699 926 784 952 non
811 911 950 963 magis
985 910 1040 948 ab
1075 903 1343 958 imaginandi
1380 903 1421 942 vi
1456 905 1499 941 et
1530 899 1761 939 Musarum

295 985 488 1032 dotibus,
508 993 641 1034 quam
662 991 835 1019 asensu
867 976 1057 1028 quodum
1088 972 1310 1025 exquisito
1344 974 1385 1009 et
1412 967 1583 1022 judicio
1614 964 1761 1019 po'etae

295 1051 482 1092 subacto
503 1047 676 1101 pendet,
703 1048 750 1084 ut
767 1043 993 1094 intelligat,
1016 1054 1103 1093 quo
1125 1039 1224 1091 quis
1247 1036 1438 1077 maxime
1459 1047 1515 1074 ex
1533 1034 1601 1073 sui
1621 1031 1765 1084 ipsius

296 1122 341 1158 et
370 1116 490 1167 vulgi
521 1113 729 1165 opinione
760 1112 949 1156 ornetur,
985 1112 1028 1147 et
1050 1106 1165 1158 quid
1199 1105 1289 1151 alii,
1323 1116 1421 1142 cum
1461 1100 1656 1148 audiant,
1693 1096 1765 1138 vel

296 1183 425 1224 inviti
460 1180 642 1234 probent
679 1189 757 1216 seu
790 1175 852 1223 rei
888 1174 1072 1214 veritate
1109 1171 1305 1219 adducti,
1348 1182 1427 1209 seu
1459 1169 1689 1208 verborum
1722 1169 1767 1206 et

299 1248 606 1291 sententiarum
644 1242 875 1284 lenociniis
921 1240 1135 1280 invidiam
1185 1236 1505 1289 mitigantibus.
1585 1232 1769 1287 Oportet

300 1316 415 1357 enim
436 1325 620 1360 carmen,
645 1323 734 1363 quo
766 1308 921 1349 laudes
954 1305 1143 1358 alicujus
1177 1305 1461 1350 celebrantur,
1493 1304 1543 1341 ut
1563 1303 1708 1341 statua
1724 1300 1770 1340 in

299 1385 511 1425 honorem
543 1378 695 1432 posita
726 1387 985 1427 summaque
1023 1376 1113 1413 arte
1136 1372 1350 1425 expolita,
1385 1370 1580 1410 omnium
1612 1368 1769 1409 oeulos

304 1463 403 1491 cum
433 1448 656 1499 voluptate
686 1457 774 1483 non
806 1443 949 1483 solum
985 1441 1030 1480 in
1063 1453 1111 1480 se
1146 1442 1415 1487 convertere,
1452 1449 1600 1476 verum
1633 1435 1771 1474 etiam

297 1516 499 1572 jucunde
519 1514 739 1562 detinere3
764 1523 854 1563 quo
876 1507 1199 1561 frequentiores
1235 1506 1353 1545 enim
1385 1504 1574 1544 lectores
1593 1502 1773 1542 invene-

303 1587 376 1634 rit,
400 1597 455 1624 eo
482 1582 625 1635 majus
648 1585 691 1620 et
712 1577 947 1632 perennius
969 1576 1049 1615 erit
1069 1574 1218 1614 laudis
1239 1577 1594 1613 monumentum.
1646 1568 1774 1610 Nihil

305 1653 441 1705 igitur
473 1651 520 1690 in
547 1662 599 1689 eo
631 1648 765 1688 debet
799 1643 1055 1692 desiderari,
1079 1641 1198 1696 quod
1223 1643 1268 1681 in
1291 1640 1483 1681 carmine
1500 1637 1775 1693 politissima

307 1724 403 1760 arte
419 1717 621 1772 perfecto
643 1714 803 1768 requiri
820 1713 955 1763 solet3
976 1715 1025 1752 ut
1040 1711 1179 1751 lector
1199 1709 1349 1762 operis
1370 1707 1636 1760 praestantia
1652 1717 1774 1745 com-

306 1789 457 1827 motus
490 1795 659 1824 summa
688 1782 917 1833 voluptate
949 1778 1216 1831 perfruatur,
1240 1777 1391 1828 itaque
1412 1774 1646 1815 dulcedine
1668 1785 1776 1826 cap-

308 1858 382 1894 tus
402 1856 619 1899 teneatur,
642 1854 693 1889 ut
712 1849 862 1889 nullus
882 1848 928 1886 in
948 1846 1027 1886 illo
1052 1844 1232 1886 invidiae
1256 1856 1412 1884 sensus
1434 1842 1553 1891 oriri,
1574 1853 1656 1881 nec
1677 1840 1778 1892 ipse

310 1921 369 1962 ad
395 1919 589 1960 historiae
623 1916 915 1967 veritatisque
948 1913 1148 1954 calculos
1169 1912 1315 1965 possit
1337 1910 1580 1962 confugere.
1642 1905 1778 1957 Quod

310 1990 360 2027 ut
379 1987 474 2027 fieri
495 1986 657 2038 possit,
679 1984 893 2035 genuinus
925 1986 966 2022 et
995 1981 1191 2021 sincerus
1212 1979 1345 2019 animi
1367 1990 1520 2017 sensus
1541 1977 1586 2016 in
1612 1988 1665 2015 eo
1686 1973 1778 2026 spi-

309 2057 378 2096 ret
396 2066 577 2094 necesse
606 2056 686 2100 est,
709 2063 838 2103 quem
867 2050 974 2089 artis
996 2046 1264 2088 ostentandae
1288 2050 1332 2086 et
1359 2047 1534 2085 ornatus
1553 2041 1781 2083 laboriose

312 2121 490 2175 quaesiti
512 2119 712 2171 suspicio
734 2130 823 2158 non
849 2115 991 2156 minus
1022 2114 1261 2166 refrigerat,
1284 2124 1418 2165 quam
1453 2108 1672 2150 commodi
1702 2108 1781 2148 ali-

315 2187 446 2240 cujus
469 2190 546 2226 aut
574 2184 746 2235 accepti
781 2187 856 2222 aut
883 2182 1121 2233 expectati.
1183 2180 1381 2218 Subesse
1402 2177 1535 2216 etiam
1556 2175 1690 2215 debet
1706 2175 1781 2216 vel

290 2252 419 2297 'vera
450 2257 493 2293 et
523 2252 647 2306 justa
678 2248 892 2290 laudandi
925 2247 1123 2295 materia,
1145 2246 1215 2286 vel
1240 2245 1401 2285 saltem
1422 2256 1488 2292 ea,
1510 2256 1610 2296 quae.
1631 2242 1783 2296 aliqua

316 2336 374 2364 ex
389 2324 511 2376 parte
534 2318 735 2372 speciose
756 2317 899 2370 possit
919 2313 1233 2362 commendari,
1255 2316 1297 2352 et
1316 2311 1387 2352 vel
1419 2311 1576 2352 leviter
1596 2313 1782 2351 tractata

316 2388 500 2433 naturali
530 2386 698 2438 fulgore
734 2383 1111 2437 exsplendescere,
1174 2380 1330 2421 Errant
1358 2391 1551 2433 quoque,
1575 2377 1651 2430 qui
1672 2377 1784 2418 arbi-

319 2460 494 2505 trentur,
516 2456 740 2509 praecepta
760 2453 804 2492 in
824 2452 939 2491 hanc
961 2463 1053 2490 rem
1074 2462 1209 2503 posse
1231 2462 1259 2489 a
1278 2448 1525 2488 rhetoribus
1547 2445 1660 2498 peti3
1681 2457 1784 2485 cum

321 2526 480 2574 oratio,
503 2528 550 2564 ut
570 2523 704 2564 semel
725 2521 945 2568 audiatur,
964 2516 1274 2571 componenda
1294 2517 1365 2565 sit,
1386 2526 1562 2556 carmen
1581 2511 1786 2564 repetitae·

318 2593 501 2634 lectioni
520 2592 593 2632 vel
612 2589 825 2631 auditioni
846 2587 1140 2628 scribendum.
1202 2584 1360 2637 Neque
1380 2582 1623 2635 quicquam
1641 2578 1784 2631 magis

322 2659 566 2701 Claudiano
586 2657 731 2700 fraudi
753 2657 893 2698 fuisse
918 2655 1224 2708 unusquisque
1252 2652 1471 2700 fatebitur,
1493 2661 1625 2702 quam
1644 2646 1786 2688 forma

322 2727 422 2781 ipsa
442 2728 682 2768 carminum
702 2738 729 2766 a
745 2723 943 2779 poetices
971 2726 1124 2763 natura
1143 2721 1295 2775 utique
1318 2719 1478 2768 aliena,
1498 2715 1616 2758 unde
1634 2717 1784 2755 natum
