1852 3193
187 208 273 249 440
644 216 719 247 cL.
753 215 883 246 cLAU
898 212 1041 244 D1AN1
1076 214 1203 244 xvu.

188 314 404 356 Lambant
423 313 615 355 invalido
633 312 861 352 Furiarum
876 311 1022 351 vincla
1040 311 1242 352 veneno?
1568 309 1653 351 170

187 383 376 424 Exultat
394 395 491 423 cum
515 381 632 421 Pace
654 378 787 419 Fides
805 393 813 420 :
831 378 925 432 jam
943 378 1086 419 sidera
1103 382 1278 418 cunctae

187 451 433 504 Liquimus,
457 451 498 488 et
519 446 723 500 placidas
746 447 856 486 inter
873 446 1157 486 discurrimus
1178 446 1322 486 urbes.

184 518 448 565 Nobiscum,
470 514 718 564 Theodore,
741 514 849 555 redi.
911 514 1043 554 Subit
1063 513 1137 553 ille
1157 514 1405 566 loquentem

183 585 388 625 Talibus:
422 582 653 634 Agl-estem
675 582 836 622 dudum
852 595 936 632 me,
962 582 1094 631 Diva,
1113 580 1271 623 reverti

184 651 334 704 Cogis,
359 654 402 691 et
417 649 624 690 infectum
643 650 759 703 longi
779 650 976 702 rubigine
997 650 1109 690 ruris
1567 647 1653 689 175

181 718 256 759 Ad
278 722 352 759 tua
373 719 495 771 signa
515 718 687 758 vocas?
720 730 821 758 nam
844 730 944 770 quae
965 717 1072 757 mihi
1093 729 1198 757 eura
1218 719 1283 757 tot
1305 727 1441 756 annos

180 785 349 835 Altera,
370 798 503 839 quam
525 785 656 826 duras
678 785 815 826 sulcis
835 786 999 826 mollire
1019 785 1232 826 novales?

181 854 332 895 Nosse
354 854 437 894 soli
458 853 589 902 vires,
609 852 773 892 nemori
794 865 894 905 quae
919 852 1152 892 commoda
1166 863 1312 905 rupeS,

181 920 295 971 Quis
315 921 424 961 felix
446 920 556 960 oleae
579 923 756 966 tractus,
780 932 879 971 quae
903 920 1033 970 gleba
1053 920 1221 960 faveret

181 988 415 1039 Frugibus,
439 991 519 1026 aut
537 985 689 1038 quales
706 988 864 1037 tegeret
884 985 1106 1025 vindemia
1130 986 1266 1026 colles
1283 988 1300 1025 Ἰ
1564 983 1650 1025 180

179 1053 419 1097 Terribiles
442 1065 614 1093 rursum
634 1052 770 1092 lituos
794 1056 1020 1096 veteranus
1043 1053 1192 1102 adibo,

179 1170 305 1198 catenas
322 1164 494 1196 Furiarum
509 1173 623 1194 veneno
639 1163 760 1196 debili?
783 1164 878 1196 Fides
902 1165 1073 1205 triumphat
1089 1173 1157 1195 cum
1173 1163 1275 1194 Pace.-
1289 1161 1360 1200 J'am
1375 1172 1435 1193 nos
1452 1170 1554 1193 omnes
1568 1161 1652 1192 dese-

179 1209 301 1241 ruimus
318 1208 448 1247 Coelum,
465 1210 495 1237 et
511 1207 698 1237 cursitamus
711 1217 767 1247 per
788 1208 887 1238 Urbes
901 1211 1041 1247 pacatas.
1080 1208 1248 1238 Rerertere
1263 1206 1429 1245 nobiscum,
1445 1215 1464 1236 o
1484 1205 1650 1235 leeodore.

178 1253 239 1284 Ille
253 1250 448 1281 Theodorus
464 1250 625 1290 respondet
637 1249 686 1280 his
702 1250 812 1281 verbis
830 1252 938 1282 locuta*
953 1250 1115 1283 Justitiae.
1155 1250 1186 1281 O
1207 1250 1280 1280 Dea
1295 1249 1379 1288 cog-is
1394 1249 1495 1278 redire
1510 1246 1650 1285 'mejam-

174 1296 299 1337 pridem
314 1294 442 1324 factum
460 1292 622 1331 rusticum,
637 1296 667 1323 et
690 1303 813 1323 revocas
837 1296 877 1324 ad
902 1295 1017 1324 vexilla
1039 1297 1092 1324 tua
1113 1302 1165 1323 me
1182 1295 1366 1323 marcentem
1381 1292 1443 1321 situ
1458 1292 1546 1329 longo
1559 1299 1652 1329 agro-

178 1334 277 1368 rum?
302 1336 431 1367 Etenim
446 1336 516 1375 quis
532 1335 618 1365 labor
641 1335 723 1366 alius
738 1336 815 1366 mihi
840 1347 895 1375 per
917 1340 963 1367 tot
985 1346 1090 1375 armos,
1105 1345 1195 1376 quam
1216 1335 1357 1373 subigere
1379 1343 1471 1373 agros
1493 1335 1585 1363 duros
1599 1342 1651 1363 vo-

178 1390 274 1418 mere,
290 1389 380 1418 quam
404 1388 585 1417 cognoscere
608 1381 752 1409 naturam
779 1377 899 1410 terrm?
922 1388 1131 1419 cognoscere
1148 1388 1215 1418 quoe
1239 1379 1314 1408 loca
1332 1386 1443 1407 saxosa
1458 1376 1566 1406 idonea
1583 1375 1650 1405 sint

178 1424 287 1463 sylvoe,
304 1422 373 1461 quis
388 1430 511 1460 campus
518 1420 686 1458 seecumlus
702 1421 788 1460 oleis,
804 1432 870 1461 quoe
884 1432 960 1452 arra
978 1422 1067 1452 utilia
1082 1422 1145 1452 sint
1159 1421 1270 1459 segeti,
1285 1422 1332 1450 vel
1346 1430 1419 1460 quos
1434 1419 1508 1449 vitis
1523 1417 1650 1449 vestiret

177 1462 295 1496 clivos?
320 1465 393 1504 Ego
413 1467 578 1494 veteranus
596 1463 711 1495 iterum
726 1468 864 1504 repetam
880 1465 970 1496 tubas
989 1465 1178 1505 metuendas,
1194 1467 1224 1495 et
1241 1473 1304 1504 ego
1321 1468 1358 1494 ut
1375 1465 1471 1493 nauta
1485 1471 1579 1492 senex
1594 1470 1649 1491 ex·

794 1550 1030 1562 eeeeeeeeeee

178 1605 280 1636 medio
296 1605 416 1636 Petav.
432 1614 499 1636 sec.
538 1605 637 1634 vincla
653 1604 730 1635 Vnt.
748 1613 800 1643 pr.
833 1604 911 1633 eolla
926 1603 1009 1634 Vat.
1023 1612 1091 1634 sec.
1109 1602 1204 1634 Med.
1223 1612 1274 1643 pr.
1291 1601 1474 1632 Par-171
1501 1600 1649 1631 Exsultet

177 1648 259 1678 Vat.
276 1647 382 1688 quint.
417 1657 486 1677 cum
496 1646 601 1677 sidera
616 1647 681 1677 inc.
701 1646 822 1676 Heins.
858 1646 957 1675 comta
975 1647 1112 1684 projam
1125 1646 1229 1676 sidera
1244 1645 1323 1676 Jun.
1341 1654 1392 1683 pr.
1423 1644 1523 1673 sidere
1538 1643 1649 1673 Vicet.

177 1693 290 1721 cuncta
306 1690 388 1720 Exc.
406 1689 538 1719 Ruben.
562 1691 680 1718 cunctae
694 1689 749 1717 vel
764 1689 874 1717 cinctce
890 1687 984 1717 Med.
1002 1690 1190 1718 terh—172
1204 1687 1366 1725 Liquimus
1380 1686 1460 1715 Vat.
1478 1694 1529 1723 pr.
1548 1684 1645 1714 Rott.

179 1732 288 1764 Oisel.
308 1731 402 1762 Leid.
418 1741 486 1761 sec.
500 1730 593 1762 Med.
608 1734 689 1760 tert.
707 1729 784 1760 Ald.
801 1730 885 1759 Exc.
903 1729 1004 1759 Voss.
1022 1729 1165 1760 Gevart.
1181 1734 1217 1759 et
1236 1729 1377 1758 Lucens.
1394 1736 1445 1767 pr.
1466 1726 1650 1766 Linquimus

175 1775 302 1815 viginti
315 1774 385 1812 alii,
401 1773 453 1803 ed.
473 1774 586 1802 Parm.
604 1777 639 1801 et
654 1773 767 1801 Vicet.
787 1771 909 1809 Isingr.
925 1771 1056 1810 Gryph.
1086 1772 1194 1801 Colin.
1214 1770 1356 1810 Raphel.
1369 1774 1404 1799 et
1421 1769 1461 1800 al.
1497 1770 1578 1800 <edes
1594 1769 1648 1799 vel

177 1818 268 1848 urbes
285 1817 542 1847 Florent.-—173
559 1814 642 1844 redis
654 1814 735 1843 Vat.
752 1822 803 1851 pr.
825 1813 895 1842 veni
911 1817 977 1842 vet.
993 1813 1076 1852 Gyr.
1091 1813 1174 1843 Exc.
1192 1813 1334 1842 Lucens.
1352 1814 1530 1842 sem—174
1547 1812 1649 1842 Roma

176 1860 368 1891 Pur-175
393 1859 485 1896 longa
510 1857 589 1887 Vat.
615 1865 665 1896 pr.
701 1855 787 1893 juris
812 1855 941 1885 Movet.
969 1858 1144 1885 sec.——-176
1167 1855 1258 1893 sigua
1278 1854 1371 1885 Rott.
1395 1853 1501 1885 Oisel.
1545 1857 1649 1885 castra

175 1902 298 1933 Ambr.
316 1904 396 1931 tert.
419 1901 473 1931 secl
487 1909 555 1940 qua>
570 1899 655 1938 Reg.
701 1908 772 1928 uam
789 1907 855 1937 quoe
872 1898 950 1928 Vat.
969 1907 1020 1937 pr.
1036 1901 1103 1928 vet.
1128 1898 1211 1938 Gyr.
1240 1896 1335 1928 Leid.
1357 1906 1408 1936 pr.
1433 1896 1512 1926 Vat.
1534 1896 1646 1928 Livin.

177 1945 263 1976 Exe.
280 1944 425 1975 Lucens.
442 1952 509 1973 sec.
554 1951 720 1981 numquam
737 1944 885 1982 quatuor
901 1941 997 1971 Vatt.
1015 1940 1089 1970 Par.
1108 1940 1206 1970 Fam.
1226 1940 1316 1971 Prie.
1333 1940 1428 1970 Rott.
1447 1938 1553 1970 Oisel.
1576 1949 1649 1970 nam

177 1998 237 2028 qua
250 1988 334 2017 Exc.
352 1987 450 2017 Voss.
474 1985 534 2016 tibi
551 1984 664 2015 Oxon.
683 1993 748 2014 sec.
766 1993 810 2014 m.
828 1992 879 2022 pr.
905 1992 1011 2013 caussa
1022 1983 1155 2014 Tholos,
1189 1993 1284 2013 annos
1307 1981 1425 2012 Ambr.
1451 1990 1518 2012 sec.
1555 1981 1646 2012 annis

176 2034 322 2071 quatuor
338 2030 434 2060 Vatt.
451 2028 771 2059 Fa1·n.Pric.—177
796 2026 882 2056 diras
904 2026 986 2056 Put.
1025 2027 1112 2056 (Iuris
1136 2026 1287 2056 Florent.
1312 2035 1356 2055 m.
1381 2026 1540 2065 pua—178
1564 2024 1649 2055 Solis

175 2083 262 2104 nosse
277 2072 344 2103 vias
361 2073 445 2102 Exc.
463 2070 560 2101 Laeti.
608 2070 691 2100 Solis
714 2073 783 2099 tres
800 2069 898 2099 Vatt.
916 2069 1015 2100 Farn.
1033 2069 1128 2099 Rott.
1148 2068 1254 2099 Oisel.
1293 2077 1360 2108 quae
1377 2070 1407 2098 et
1422 2067 1577 2098 commoda
1593 2066 1647 2098 ed.

175 2116 291 2146 Vicet.
325 2115 485 2144 accomoda
502 2112 651 2143 malebat
667 2112 896 2142 Heins.—179
919 2112 978 2142 otei
992 2111 1085 2143 Prie.
1101 2111 1219 2142 Ambr.
1237 2120 1305 2141 sec.
1322 2111 1387 2141 inc.
1411 2110 1532 2140 Heins.
1568 2109 1646 2144 Quae

169 2157 257 2195 felix
272 2159 344 2187 oleoe
361 2157 448 2194 regio
464 2155 560 2186 Med.
584 2157 803 2195 quart.—180
828 2154 996 2184 Fructibus
1011 2155 1137 2184 Moret.
1153 2164 1218 2185 sec.
1254 2157 1308 2184 aut
1324 2153 1428 2193 quales
1445 2153 1529 2183 Exc.
1545 2151 1646 2182 Laeti.

177 2203 209 2230 et
225 2200 327 2240 quales
342 2200 421 2229 Vat.
436 2208 485 2238 pr.
509 2197 609 2237 qualis
624 2197 720 2227 Leid.
737 2207 788 2236 pr.
805 2197 916 2227 Oxou.
930 2207 982 2237 pr.
999 2197 1093 2228 Med,
1108 2201 1189 2227 tert.
1208 2197 1274 2227 inc.
1288 2196 1408 2226 Heius.
1423 2196 1552 2225 Mazar.
1565 2194 1645 2225 Pan

176 2242 310 2273 Thoios.
327 2242 459 2272 Bonon.
477 2240 602 2270 Mox-et.
630 2249 680 2278 pr.
709 2239 832 2270 Petav,
856 2243 940 2270 tert.
968 2239 1035 2270 duo
1058 2239 1176 2270 Ambr.
1193 2239 1247 2270 ed.
1265 2239 1379 2269 Vicet.
1396 2239 1481 2269 Exc.
1500 2237 1645 2268 Gevart.

177 2285 264 2315 collis
281 2285 404 2314 Petav.
423 2293 488 2314 sec.
523 2280 638 2312 colles!
655 2284 722 2311 vet.
741 2281 934 2319 Gyr.-lSl
960 2282 1074 2312 cursim
1092 2282 1184 2312 Med.
1204 2291 1270 2312 sec.
1287 2292 1330 2313 ni.
1348 2290 1399 2321 pr.
1443 2289 1551 2311 rursus
1565 2279 1646 2311 Jun.

176 2337 231 2368 pr.
248 2327 374 2359 Moret.
391 2336 443 2367 pr.
459 2326 540 2356 Vat.
555 2333 622 2355 sec.
638 2323 714 2354 Pal.
732 2323 825 2354 Prie.
843 2324 877 2355 in
895 2324 991 2356 Leid.
1010 2334 1079 2356 sec.
1094 2325 1146 2356 iiic
1160 2324 1273 2355 denuo
1289 2325 1414 2355 lacuna
1427 2326 1501 2354 erat
1515 2322 1647 2363 aliquot

844 2410 985 2442 NO'rAE

222 2485 285 2513 170
320 2478 504 2518 Furiarum]
542 2476 611 2509 Ubi
642 2475 785 2509 Justitia
807 2485 883 2515 reg·
983 2478 1044 2507 174
1071 2474 1252 2515 Agrestem]
1280 2474 1341 2504 Me
1367 2471 1497 2503 factum
1531 2479 1643 2510 agres-

177 2538 252 2573 nat,
269 2535 416 2573 regnant
433 2535 467 2561 et
484 2533 610 2561 ceterae
634 2528 790 2567 virtutes,
805 2536 884 2557 exu-
938 2530 1008 2556 tem
1035 2526 1138 2564 longa
1160 2534 1234 2555 mea
1255 2524 1288 2554 in
1305 2523 1393 2562 agris
1410 2520 1594 2560 mansione,
1607 2524 1643 2551 et

177 2585 252 2615 lant
264 2586 300 2614 et
317 2581 459 2622 scelera,
475 2579 708 2619 scelerumque
723 2581 882 2608 auctores
939 2575 1031 2616 quasi
1047 2573 1211 2604 infectum
1233 2574 1299 2603 situ
1321 2582 1359 2602 ac
1388 2571 1557 2611 rubigine,
1577 2570 1642 2601 hoc

177 2634 305 2667 Furiae.
939 2629 1002 2665 est,
1016 2624 1086 2655 otio
1102 2628 1138 2655 et
1152 2623 1312 2654 diuturno
1329 2631 1475 2653 secessu.

223 2687 286 2715 172
321 2684 410 2714 Inter
436 2680 651 2720 discurrimus]
705 2677 882 2708 Permistae
981 2678 1041 2706 181
1066 2674 1191 2713 Litnos]
1214 2674 1365 2714 Pugnas,
1387 2671 1517 2713 praelia,
1530 2679 1592 2712 per
1606 2670 1644 2702 li-

179 2735 318 2774 popum,
332 2737 372 2765 ut
396 2732 477 2765 olim
497 2734 602 2763 aetate
624 2738 739 2771 aurea,
755 2728 883 2760 discur—
938 2728 1014 2757 tuos
1031 2724 1219 2766 designata.

180 2794 295 2816 rimus.
