1842 3193
253 222 310 264 22
797 228 1171 260 PROLEGOMENA

253 326 375 368 tandi
395 325 585 368 studium
607 324 752 379 poetae
772 325 1056 376 imposuerat,
1090 330 1238 363 verum
1266 321 1344 361 illa
1376 321 1524 361 omnia
1544 321 1736 363 exordii—

253 398 424 436 tantum
442 395 561 434 vices
583 394 817 441 sustinent,
839 393 1078 444 statimque
1110 390 1437 441 cognoscimus,
1466 388 1645 442 poetam
1673 391 1718 430 in

253 462 400 502 animo
422 461 596 510 habere,
629 462 733 500 nihil
769 461 1115 513 praetermittcm,
1146 457 1269 510 quod
1302 458 1554 497 memoriam
1590 457 1718 498 istius

250 530 441 570 hominis
472 530 618 582 aliqua
654 529 819 569 ratione
863 529 1006 581 possit
1043 526 1285 566 diffamare.
1347 525 1513 578 Incipit
1548 525 1665 565 enim
1691 538 1719 566 a

252 598 397 650 prima
419 598 623 650 pueritia,
646 609 784 649 eaque
815 596 964 644 etiam,
999 608 1100 648 quae
1123 594 1307 634 fortunae
1334 593 1518 642 fuerant,
1552 605 1718 648 suaque

251 668 410 704 natura
430 664 752 704 miserationem
775 663 922 716 potius
944 675 1074 715 quam
1106 662 1317 702 invidiam
1344 673 1519 701 movere
1553 660 1720 710 solent,

253 746 425 772 sumnia
460 732 780 772 iniunnanitate
810 732 883 771 vel
922 732 1071 784 potius
1109 730 1366 771 crudelitate
1405 729 1451 769 in
1477 729 1716 769 ludibrium

249 801 377 841 istius
413 801 603 849 adhibet,
644 800 834 853 dumque
871 813 924 840 ea
952 801 1022 841 vel
1058 806 1202 840 mente
1235 799 1395 839 recolit
1429 799 1498 839 vel
1534 797 1715 851 effingit,

248 870 365 909 velut
399 869 631 908 {cetissimo
672 869 929 921 spectaculo
981 868 1064 908 frui
1115 867 1304 910 videtur.
1365 867 1434 908 Ex
1474 867 1541 907 his
1582 867 1715 907 rebus

251 937 405 976 saeculi
446 949 592 976 mores
636 949 896 987 cognoscas,
931 937 1092 988 quibus
1125 935 1233 976 talia
1263 936 1438 988 placere
1474 933 1713 987 potuerint.

249 1003 623 1056 Insequentibus,
646 1004 723 1043 ubi
745 1003 881 1043 vitani
916 1003 1126 1054 spadonis
1158 1015 1295 1055 usque
1325 1002 1383 1042 ad
1417 1005 1595 1042 aetatem
1619 1001 1716 1055 ejus

249 1071 470 1110 exoletam
509 1070 805 1122 prosequitur,
845 1070 978 1109 talem
1014 1071 1263 1118 verborum,
1308 1069 1640 1118 sententiarum,
1671 1071 1718 1108 et

249 1137 582 1176 similitudinum
604 1136 822 1175 delectum
840 1135 982 1183 habet,
1005 1140 1057 1173 ut
1078 1148 1134 1174 ex
1169 1136 1308 1175 altera
1338 1140 1469 1187 parte
1493 1135 1715 1188 ingenium

247 1204 433 1252 mireris,
455 1216 512 1243 crs:
550 1203 690 1243 altera
722 1203 887 1251 doleas,
930 1202 1094 1243 donum
1126 1202 1236 1242 illud
1271 1206 1438 1243 naturae
1475 1203 1520 1242 in
1551 1215 1595 1242 re
1625 1207 1717 1243 tam

248 1271 366 1323 turpi
399 1283 495 1310 esse
539 1275 832 1310 consumtum.
894 1269 1137 1321 Imaginem
1178 1270 1298 1310 enim
1337 1270 1488 1311 miseri
1523 1270 1718 1311 hominis-

247 1337 449 1377 videmus
471 1338 675 1377 omnibus
697 1337 890 1377 numeris
927 1337 1187 1387 absolutam,
1230 1342 1277 1378 ut
1307 1338 1363 1378 ad
1396 1338 1642 1379 foeditatem
1673 1341 1716 1378 et

251 1403 591 1445 obscoenitatem
613 1404 718 1443 nihil
740 1405 884 1456 possit
905 1403 1025 1445 addi.
1089 1404 1398 1458 Quaecumque
1420 1405 1540 1446 mala
1561 1418 1717 1446 senec-

248 1475 319 1511 tus
342 1471 565 1524 decrepita
587 1477 631 1511 ct
652 1472 850 1523 neglecta
893 1471 1061 1521 afferat,
1094 1473 1139 1513 in
1171 1474 1303 1514 istam
1337 1477 1469 1513 ancta
1504 1474 1637 1513 etiam
1668 1477 1718 1513 et

246 1538 516 1590 amplificata
551 1543 764 1591 congesta
795 1544 910 1580 sunt.
975 1540 1062 1580 Sed
1096 1541 1216 1593 piget
1251 1541 1351 1581 istis
1379 1541 1516 1581 rebus
1548 1540 1715 1582 diutius

245 1606 483 1655 immorari,
506 1606 549 1646 in
566 1607 743 1659 quibus,
767 1612 979 1659 quantum
1004 1608 1084 1648 arti
1106 1609 1255 1650 tribuit
1275 1608 1423 1662 poeta,
1457 1612 1625 1650 tantum
1657 1609 1713 1649 ab

244 1673 515 1713 humanitate
538 1673 768 1724 discessit3
802 1677 845 1714 et
865 1689 967 1728 quae
991 1676 1112 1717 dicta
1142 1679 1255 1727 sunt,
1287 1680 1479 1729 possunt
1505 1675 1710 1717 sufficere

247 1739 303 1779 ad
326 1740 659 1791 ostendendum,
683 1743 847 1795 quibus
876 1744 1154 1785 lineamentis
1188 1749 1231 1786 et
1256 1746 1482 1786 coloribus
1515 1757 1625 1785 usus
1655 1743 1714 1784 sit

244 1808 288 1846 in
316 1808 581 1849 adversariis
604 1809 924 1861 describendis,
947 1825 1034 1866 qua
1064 1813 1111 1852 in
1135 1826 1183 1854 re
1212 1826 1300 1854 non
1321 1812 1506 1863 dubitat,
1539 1825 1712 1853 omnem

244 1875 573 1926 probabilitatis
593 1877 733 1929 legem
755 1880 957 1932 migrare,
980 1881 1217 1922 dummodo
1246 1887 1386 1931 curet,
1403 1894 1457 1922 ne
1480 1879 1712 1934 turpitudi-

244 1954 297 1981 ne
319 1943 468 1995 aliqua
489 1945 659 1997 wilgar-i
681 1947 876 1999 insignes
899 1950 1246 2002 conspiciantur.

300 2009 640 2062 Progrediamur
661 2014 718 2053 ad
740 2015 916 2055 tertium
944 2029 1096 2068 genus,
1127 2029 1214 2070 quo
1234 2017 1398 2057 bellum
1422 2015 1710 2057 Gildonicum

241 2081 286 2116 et
304 2075 508 2118 Geticum
533 2081 796 2123 continetur.
860 2083 911 2123 In
934 2097 1020 2136 quo
1044 2098 1143 2125 cum
1173 2097 1365 2138 persona
1385 2084 1455 2125 vel
1484 2082 1711 2123 laudanda

240 2144 310 2184 vel
332 2144 619 2196 vituperanda
639 2161 729 2187 non
743 2150 802 2189 sit
822 2151 1067 2202 proposita,
1087 2151 1165 2191 sed
1187 2164 1256 2191 res
1276 2156 1404 2203 gesta
1423 2148 1707 2201 exponenda,

234 2210 334 2263 jure
382 2213 611 2263 potuisses
657 2218 916 2266 expectare,
956 2216 1173 2256 rationem
1213 2216 1388 2268 epicam
1423 2214 1706 2267 potissimum

239 2276 379 2318 fuisse
402 2278 659 2319 adhibitam.
720 2280 889 2321 Verum
910 2283 1098 2322 multum
1120 2283 1313 2334 falleris;
1334 2295 1434 2322 nam
1467 2283 1511 2322 in
1531 2282 1705 2323 duobus

240 2344 328 2385 illis
348 2347 617 2387 carminibus
647 2349 834 2389 actionis
872 2354 937 2391 est
971 2351 1143 2403 paruin,
1177 2350 1455 2404 nimiumque
1484 2349 1707 2390 declama-

239 2412 396 2454 tionis.
459 2414 535 2455 Dii
550 2415 739 2468 quidem
755 2421 799 2457 et
816 2417 1020 2458 homines
1039 2419 1291 2471 complures
1323 2419 1366 2458 in
1401 2430 1578 2458 scenam
1602 2430 1706 2470 pro-

241 2480 393 2530 deunt,
435 2481 512 2522 sed
548 2482 811 2536 plerumque
847 2489 898 2525 ut
940 2487 1083 2539 pueri,
1107 2486 1184 2539 qui
1221 2486 1444 2526 orationes
1478 2485 1704 2534 memoriae

239 2549 476 2590 mandatas
499 2555 601 2590 ante
622 2551 825 2604 magistri
848 2553 1099 2594 cathedram
1112 2554 1314 2594 recitant.
1349 2552 1453 2593 Hoc
1473 2552 1704 2605 praecipue

240 2614 388 2656 locum
403 2617 536 2658 habet
551 2617 597 2658 in
615 2620 805 2661 carmine
824 2631 925 2671 XV„
939 2622 1046 2675 quia
1058 2621 1136 2662 illa
1150 2634 1269 2675 pars,
1285 2634 1384 2674 quae
1405 2619 1703 2660 narrationem

239 2684 539 2738 expeditionis
581 2686 851 2738 continebat,
892 2688 988 2730 sato
1031 2689 1271 2730 intercidit.
1333 2687 1489 2728 Mirari
1525 2698 1704 2740 quoque

239 2748 324 2791 hoc
363 2753 529 2805 possis,
561 2753 681 2807 quod
706 2755 754 2796 in
781 2756 972 2797 carmine
1010 2766 1160 2798 xxvi.
1180 2755 1454 2798 Claudianus
1494 2754 1604 2797 illud
1644 2753 1721 2797 ad·
