1852 3193
254 247 336 288 130

255 352 464 406 Cognatis
487 349 656 405 aptavit
676 349 823 402 equis:
858 346 1070 388 acerrima
1087 343 1207 384 nullo

732 251 807 283 ch.
839 249 1123 283 CLAUDIANI
1160 249 1233 279 ΙΙΙ.

255 419 418 461 Ordine
439 417 675 465 mobilitas,
697 414 996 467 insperatique
1018 421 1234 452 recursus.

256 487 385 538 Quos
405 490 546 528 tamen
569 482 820 536 impavidus
843 483 996 521 contra
1013 476 1257 532 spumantis
1279 476 1336 517 ad
1360 474 1498 516 Hebri

254 554 421 596 Tendis
443 566 599 606 aquas,
624 551 689 590 sic
709 554 806 591 ante
825 549 954 590 tubas
976 547 1220 599 ferrumque
1239 547 1467 598 precatus:

257 622 456 670 Mavors,
478 619 674 660 nubifero
693 631 771 658 seu
789 621 838 658 tu
859 615 1117 670 procumbis
1137 615 1181 654 in
1202 612 1381 661 Haemo,

257 689 346 730 Seu
369 692 410 730 tc
426 701 538 729 cana
559 687 658 739 gelu
680 685 912 738 Rhodope,
935 697 1015 725 seu
1034 683 1195 735 remige
1218 679 1353 721 Medo

1629 676 1715 718 335

256 756 506 797 Solicitatus
528 754 688 804 Athos,
716 766 795 793 seu
816 751 1052 805 caligantia
1067 750 1200 803 nigris

255 823 441 865 Ilicibus
464 823 661 874 Paugaea
678 825 838 870 tenent,
861 820 1087 872 accingere
1107 830 1292 868 mecum,

259 890 316 932 Et
331 891 525 932 Thracas
544 889 724 929 defende
743 891 842 928 tuos
861 901 869 928 :
902 887 939 927 si
959 886 1102 928 laetior
1121 885 1235 926 adsit

259 1022 327 1052 bres
342 1021 427 1061 equis
436 1019 590 1051 similibus
601 1030 611 1049 .·
634 1018 776 1049 celeritas
787 1017 998 1057 promtissima
1012 1020 1066 1047 est
1078 1016 1157 1047 huic
1174 1014 1315 1052 nationi,
1338 1017 1369 1045 et
1384 1013 1504 1045 reditus
1517 1011 1719 1053 inexpectati.

258 1064 418 1095 Adversus
445 1072 518 1103 quos
548 1061 691 1092 Hunnos
717 1060 919 1090 nihilominus
944 1059 1151 1099 progrederis,
1184 1068 1203 1088 ο
1227 1058 1382 1095 Stilicho,
1413 1056 1597 1096 intrepidus,
1622 1063 1719 1103 prope

257 1107 356 1136 undas
379 1104 480 1135 Hebri
495 1103 641 1143 spumosi,
665 1103 712 1132 ita
727 1112 820 1132 orans
840 1102 955 1132 Deum
970 1104 1042 1131 ante
1058 1102 1233 1139 clangorem
1252 1103 1282 1130 et
1307 1109 1464 1139 pugnam:
1488 1109 1507 1129 υ
1522 1098 1625 1136 Mars,
1651 1106 1716 1128 stre

258 1151 294 1178 tu
309 1147 432 1178 habitas
456 1146 490 1176 in
507 1146 619 1175 Hcemo
635 1145 710 1180 alto,
732 1144 796 1173 sice
822 1143 969 1182 Rhodope
983 1143 1053 1173 alba
1069 1143 1139 1173 nive
1156 1143 1308 1182 possidet
1327 1145 1368 1179 te,
1390 1141 1453 1171 sive
1470 1141 1572 1171 Athos
1585 1143 1718 1171 vexatus

260 1200 279 1220 a
297 1190 401 1220 Medis
415 1187 654 1226 remigantibus,
675 1187 739 1217 sice
755 1186 897 1224 Puugoea
912 1186 1071 1215 obscurata
1091 1185 1261 1224 quercubus
1274 1185 1377 1224 opacis
1402 1183 1514 1214 habent
1529 1187 1572 1221 te,
1591 1192 1673 1223 para
1687 1185 1719 1213 te

258 1242 388 1270 mecum,
405 1234 435 1262 et
450 1234 554 1262 tutare
568 1230 700 1262 Thraces
714 1232 800 1260 tuos.-
815 1230 844 1259 si
857 1237 1011 1259 successus
1023 1228 1177 1267 gloriosus
1190 1227 1303 1268 veniat,
1317 1226 1468 1258 ditaberis
1482 1234 1596 1266 quercu
1612 1227 1723 1256 ornata

875 1321 1111 1333 eeeeeeeeeeee

261 1390 348 1421 Exc.
369 1389 513 1420 Gevart.
549 1387 692 1425 biformis
715 1380 829 1418 Vice‘t.
858 1391 894 1418 et
917 1388 1030 1419 Parm.
1063 1387 1244 1418 bimembres
1260 1387 1411 1418 aL—-330
1423 1388 1551 1425 aptarat
1577 1386 1724 1417 Fam.-

261 1435 323 1464 331
348 1432 492 1463 nobilitas
508 1430 562 1462 ed.
578 1432 693 1461 Vicet.
726 1430 931 1471 inspiratique
947 1430 1066 1461 Ambr.
1085 1435 1166 1461 tert.
1186 1429 1283 1460 Leid.
1302 1439 1352 1469 pr.
1371 1439 1390 1459 a
1406 1439 1450 1459 m.
1470 1438 1520 1469 pr.
1554 1427 1723 1466 infrenati-

261 1485 319 1515 que
336 1473 453 1506 Ambr.
470 1483 538 1504 sec.
572 1483 706 1504 recessus
721 1473 871 1504 Florent.
897 1473 1106 1513 insperatique
1122 1473 1207 1513 legit
1224 1472 1396 1503 Heinsius.
1414 1471 1484 1502 vid.
1500 1471 1523 1502 l.
1537 1480 1578 1502 11.
1595 1471 1629 1502 in
1649 1470 1724 1502 Rus.

262 1519 446 1549 372.—-332
470 1517 644 1556 impavidus
659 1516 707 1546 ita
723 1521 793 1546 vet.
811 1516 894 1556 Gyr.
909 1516 990 1547 Vat.
1019 1516 1127 1547 Livin.
1155 1517 1238 1546 Exc.
1258 1515 1404 1545 Lucens.
1435 1514 1607 1554 impavidos
1621 1512 1724 1545 Amb.

264 1564 344 1591 tert.
358 1559 438 1590 ΑΜ.
454 1564 489 1589 et
506 1559 559 1590 ed.
572 1559 685 1589 Vicet.
711 1558 792 1588 Ebri
807 1559 1017 1590 Fam—333
1032 1560 1131 1589 tendit
1147 1558 1223 1589 Pal.
1239 1557 1335 1588 Leid.
1353 1567 1420 1588 sec.
1436 1557 1521 1588 Exc.
1541 1556 1630 1588 Laeti
1646 1566 1665 1587 a
1679 1565 1725 1588 m.

263 1613 316 1643 pr.
340 1602 427 1634 Edd.
443 1601 522 1632 Ald.
552 1602 673 1642 [singr.
691 1601 800 1632 Colin.
821 1601 954 1642 Gryph.
973 1607 1009 1632 et
1024 1602 1068 1632 al.
1103 1602 1204 1632 tendis
1226 1601 1359 1641 reliqui.
1399 1601 1555 1639 aciemque
1570 1599 1650 1630 Vat.
1673 1607 1724 1639 pr.

263 1650 335 1676 vet.
357 1645 442 1685 Gyr.
461 1644 580 1675 Heius.
595 1645 675 1674 Vat.
693 1644 802 1675 Livin.
827 1645 912 1675 Exc.
937 1645 1083 1675 Lucens.
1100 1654 1167 1674 sec.
1195 1643 1379 1683 ferrumque
1396 1643 1450 1673 vel
1473 1642 1629 1682 aciemque
1644 1641 1726 1673 Pur.

259 1687 405 1728 profatus
421 1687 516 1717 Med.
533 1691 644 1727 quart.
662 1687 746 1717 Exc.
764 1687 908 1718 Lucens.
927 1690 1087 1727 pin—334
1110 1686 1253 1724 nubifero
1270 1687 1347 1717 Vat.
1365 1695 1432 1716 sec.
1453 1685 1590 1725 pinifero
1606 1684 1726 1716 Ambr.

265 1740 335 1761 sec.
361 1730 462 1760 Hemo
478 1730 561 1760 Var.
577 1730 644 1760 LL.
660 1729 714 1759 ed.
728 1728 833 1759 Antv.
857 1731 950 1760 AEmo
967 1730 1220 1760 Gesner.--335
1239 1728 1302 1759 Seu
1318 1731 1348 1758 te
1363 1729 1446 1759 Var.
1465 1728 1534 1759 LL.
1552 1727 1604 1758 ed.
1620 1727 1727 1758 Antv.

265 1773 329 1804 Seu
344 1775 379 1803 tu
396 1772 491 1803 Med.
522 1781 589 1803 sec.
607 1771 674 1802 duo
691 1771 814 1803 Petav.
861 1772 955 1802 Medo
974 1772 1055 1802 Put.
1079 1773 1205 1802 Mazar.
1233 1771 1300 1802 duo
1323 1769 1539 1801 VatsAmbr.
1566 1779 1619 1811 pr.
1639 1770 1727 1800 Exc.

265 1815 366 1846 Laeti.
403 1816 535 1846 nondum
551 1815 626 1846 Pal.
647 1814 743 1844 Med.
770 1824 822 1854 pr.
848 1815 953 1845 Moedo
970 1814 1052 1845 Ald.
1091 1816 1171 1845 nudo
1196 1814 1249 1843 vel
1277 1814 1370 1844 Medo
1388 1813 1471 1843 Lov.
1486 1813 1614 1843 Thnan.
1630 1812 1726 1844 Med.

265 1866 334 1889 sec.
349 1857 428 1887 Vat.
446 1862 556 1898 quart.
590 1858 671 1887 nudo
690 1857 810 1897 reliqui
830 1857 913 1887 Mss.
933 1857 1016 1887 Exc.
1035 1857 1122 1888 Laeti
1145 1862 1178 1887 et
1202 1856 1255 1887 ed.
1272 1856 1385 1887 Vicet.
1403 1856 1624 1886 Pium—336
1646 1863 1727 1895 apex

265 1909 328 1942 pro
356 1899 456 1931 Athos
482 1899 685 1931 Pria—338
709 1898 770 1930 Sed
796 1899 925 1930 Incert.
953 1899 1074 1931 Heius.
1115 1899 1271 1930 Thi-achas
1298 1899 1411 1930 Oxon.
1452 1898 1607 1929 Thrachos
1625 1898 1726 1928 Farn-

928 1983 1068 2016 NOTAE

266 2058 401 2097 Ixione,
417 2061 452 2088 et
468 2057 558 2088 nube
575 2059 756 2099 supposita
771 2067 791 2089 a
806 2058 906 2091 Jove.
1070 2062 1132 2090 334
1179 2059 1349 2100 Nubifero]
1416 2060 1538 2091 Haemo
1572 2058 1729 2091 Tliraciae

310 2109 485 2148 Biformes]
532 2111 686 2141 Formam
719 2110 810 2141 euim
847 2110 972 2150 partim

266 2160 454 2198 hominum,
491 2161 616 2198 partim
646 2171 810 2201 equorum
845 2161 972 2192 habere

270 2210 433 2242 Centauri
451 2209 665 2240 dicebantur.

312 2262 376 2291 330
398 2258 576 2298 Acer-rima]
601 2260 735 2290 Hunnis
767 2265 837 2291 tam
864 2271 974 2301 proni-

270 2314 307 2342 ta
323 2314 398 2341 erat
423 2309 595 2348 celeritas,
625 2310 726 2340 etiam
750 2310 821 2340 sine
841 2310 973 2351 ordine,

271 2366 310 2392 ut
336 2361 370 2392 in
397 2370 512 2401 pugna
540 2371 615 2391 cuni
646 2360 771 2401 fugisse
802 2362 974 2401 crederes,

272 2411 390 2442 statim
408 2414 536 2451 praeter
551 2410 745 2450 opinionem
760 2410 922 2442 redirent.

315 2463 379 2492 332
419 2460 538 2500 Hebri]
575 2460 712 2491 Fluvius
743 2465 797 2491 est
821 2461 973 2493 Thraciae

275 2509 437 2542 turbidus
476 2515 512 2541 et
559 2510 711 2551 rapidus,
759 2511 802 2541 ab
854 2512 974 2543 Hebro

275 2560 457 2592 Cassandri
512 2561 617 2601 Regis
670 2560 739 2591 filio
794 2572 975 2593 novercam

274 2609 441 2651 fugiente,
466 2610 580 2652 ibique
600 2621 731 2642 merso:
758 2613 837 2644 olim
865 2614 976 2644 Rhom-

276 2661 342 2693 bus.

319 2714 381 2742 333
411 2712 495 2743 Ante
520 2711 623 2752 tubas]
659 2711 753 2745 Ante
784 2714 977 2756 clangorem

277 2762 447 2795 tubarum.

1027 2114 1154 2150 monte,
1183 2110 1232 2142 ita
1257 2111 1408 2150 excelso,
1437 2114 1476 2142 ut
1501 2109 1608 2141 nubes
1635 2109 1728 2141 ferre

1027 2160 1195 2192 videatur.

1071 2214 1132 2242 335
1149 2211 1312 2251 Rhodope]
1325 2211 1426 2242 Mons
1441 2210 1562 2242 itidem
1576 2210 1729 2242 Thraciae

1027 2265 1138 2291 tectus
1154 2260 1299 2291 nivibus.

1072 2311 1183 2350 Medo]
1208 2311 1301 2342 Medi
1328 2312 1445 2352 populi
1474 2311 1579 2353 Asiae,
1606 2313 1730 2345 Xerxis

1029 2362 1171 2401 imperio
1189 2362 1332 2393 subditi.

1073 2414 1135 2442 336
1158 2412 1274 2452 Athos]
1297 2413 1397 2443 Mons
1412 2414 1578 2453 Thraciae‚
1601 2414 1660 2456 qui
1687 2425 1732 2447 ae-

1030 2467 1149 2503 quatus
1166 2473 1186 2493 a
1207 2463 1339 2501 Xerxe,
1355 2467 1390 2495 et
1406 2463 1597 2496 velificatus
1620 2465 1732 2497 credi-

1029 2516 1083 2542 tus
1110 2517 1184 2550 est3
1208 2512 1271 2543 hoc
1298 2517 1353 2544 est
1379 2512 1582 2553 perforatus,
1607 2520 1644 2546 ut
1670 2516 1732 2547 hac

1029 2561 1177 2592 immisso
1215 2561 1300 2593 mari
1337 2562 1452 2594 classis
1481 2563 1517 2594 in
1557 2564 1732 2596 Graeciam

1032 2612 1204 2643 transiret.

1074 2665 1136 2693 337
1159 2664 1315 2705 Pangaea]
1337 2665 1505 2704 Pangaeus
1522 2675 1617 2696 mons
1639 2665 1732 2697 inter

1030 2713 1206 2743 Thraciam
1222 2719 1257 2744 et
1275 2714 1526 2746 Macedoniam.

1075 2766 1137 2794 338
1161 2764 1309 2804 Thracas]
1340 2765 1488 2798 Thracia
1514 2764 1610 2798 ferax
1625 2765 1731 2797 homi-
