1852 3193
237 210 321 252 124
716 218 791 248 ct„
825 216 1105 247 anuniANi
1143 213 1216 245 ιιι.

239 317 344 358 Una
366 315 623 356 Cleonaeum
645 315 863 368 pascebat
881 313 1008 366 sylva
1029 312 1228 351 leonem:

239 384 451 426 Arcadiae
476 383 641 422 saltum
662 382 872 422 vastabat
894 380 1102 422 dentibus
1123 390 1259 417 unum

242 452 398 493 Saevus
421 465 550 504 aper:
585 455 718 501 tuque
741 461 783 496 o,
808 458 1064 499 compressa
1083 449 1223 484 matre
1246 443 1443 491 rebellis,

242 519 345 560 Non
364 519 477 559 ultra,
500 518 654 570 Libyae
677 517 802 563 fines,
826 513 1002 561 Antaee,
1024 512 1221 552 noccbas
1241 526 1250 552 ε

245 587 442 639 Solaque
465 585 671 625 fulmineo
692 581 929 623 resonabat
951 580 1084 620 Creta
1099 580 1307 633 juvenco,

246 654 562 705 Lernaeamque
586 652 734 691 virens
757 648 996 689 obsederat
1017 648 1177 700 Hydra
1198 646 1423 701 paludem.

247 720 353 761 Hoc
374 724 614 760 monstrum
635 732 720 758 non
741 730 827 758 una
847 717 992 770 palus,
1008 729 1095 756 non
1115 729 1201 755 una
1214 714 1427 755 tremebat

247 787 427 829 Insula:
461 787 539 827 sed
563 787 696 826 Latia
717 784 926 838 quicquid
950 784 1116 824 ditione
1140 784 1376 823 subactum

248 853 390 904 Vivit,
416 858 461 894 et
484 867 510 893 a
531 853 686 907 primis
710 852 893 904 Ganges
912 851 1119 891 horrebat
1143 850 1341 890 Hiberis.

1611 305 1697 348 285

1623 644 1709 686 290

249 975 379 1006 Leonem
399 976 592 1005 Cleonoenms
616 983 689 1012 aper
715 973 846 1003 crudelis
868 973 999 1004 rea-(ibat
1021 973 1164 1004 dentibus
1186 973 1303 1013 sylvam
1326 981 1415 1001 uuam
1439 969 1598 1008 Arcudioe,
1623 971 1650 999 et
1669 971 1718 1007 tu,

250 1028 270 1049 o
290 1020 400 1048 Antoee
414 1016 635 1053 intractabilis,
661 1017 892 1054 complectens
918 1021 1042 1046 terram
1067 1018 1229 1055 parentem
1252 1015 1333 1044 haud
1360 1013 1605 1043 incommodubns
1628 1015 1717 1042 trans

250 1060 404 1099 regionem
417 1059 535 1098 Libya».
585 1058 679 1087 Creta
697 1059 787 1087 urtica
803 1059 996 1097 remugiebat
1009 1060 1080 1088 hove
1096 1057 1243 1096 ignifero,
1266 1059 1295 1085 et
1314 1065 1439 1095 serpens
1462 1056 1608 1085 coeruleus
1630 1064 1717 1084 occu-

250 1105 379 1143 paverat
393 1103 490 1131 solum
504 1101 602 1130 lucum
619 1100 740 1130 Lernoe.
786 1100 884 1129 Haud
907 1101 994 1130 lacus
1020 1110 1098 1130 unns
1121 1098 1249 1129 timebat
1270 1099 1325 1128 hoc
1338 1101 1528 1138 portentum,
1548 1096 1719 1132 Rufinum,

252 1145 333 1174 haud
349 1154 410 1174 una
427 1143 544 1172 insula.-
566 1146 599 1172 at
617 1142 763 1181 quicquid
779 1145 958 1181 superatum
975 1143 1103 1181 imperio
1120 1142 1258 1171 Romano
1273 1141 1364 1179 citit,
1380 1143 1409 1171 et
1429 1141 1543 1171 Oriens
1557 1139 1594 1170 ab
1609 1139 1720 1170 ultima

870 1247 1105 1258 eeeeeeeeeeee

255 1305 335 1336 Vat.
353 1304 419 1335 duo
435 1305 531 1335 Leid.
547 1305 650 1335 Farn.
668 1304 774 1335 Oisel.
805 1305 883 1334 actis
899 1303 952 1333 vel
973 1306 1062 1333 artus
1076 1304 1157 1334 Vat.
1183 1305 1403 1343 quarn—286
1427 1302 1515 1333 uncis
1540 1311 1603 1342 pro
1628 1311 1723 1332 unum

256 1347 376 1378 Ambr.
393 1350 569 1378 sem—287
594 1351 628 1377 tu
652 1347 703 1387 qui
727 1347 853 1378 Morct.
879 1356 929 1386 pr.
958 1356 976 1376 a
1004 1356 1048 1376 ιιι.
1075 1356 1143 1377 sec.
1167 1349 1201 1376 tu
1217 1355 1331 1385 qnoque
1350 1346 1447 1375 Farn.
1469 1354 1610 1385 oppressu
1630 1343 1725 1375 Med.

256 1394 367 1431 quart.
380 1400 553 1430 comprensa
563 1390 706 1429 Raphel.
722 1399 740 1419 e
750 1389 838 1420 Scal.
852 1389 943 1428 conj.
956 1388 1083 1419 rebellas
1091 1390 1171 1419 Vat.
1186 1398 1237 1428 pr.
1253 1399 1271 1418 a
1281 1398 1324 1418 m.
1337 1390 1496 1428 pin—288
1507 1387 1622 1428 Libyes
1632 1386 1725 1417 Prie.

251 1433 333 1476 fines
344 1433 451 1473 Libya>
468 1433 561 1463 nott.
571 1432 700 1470 jacebas
711 1433 950 1462 'rimam—289
962 1435 1051 1471 capta
1066 1432 1162 1462 Med.
1174 1431 1396 1471 svc.flumz'neo
1407 1430 1502 1461 Leid.
1517 1429 1725 1470 pr.flamineo

259 1475 377 1507 Ambr.
393 1477 552 1515 pia—290
565 1477 741 1506 consederat
757 1475 880 1505 incert.
891 1474 1115 1506 Heins.—291
1132 1474 1283 1505 tremebat
1301 1473 1394 1504 Med.
1409 1474 1486 1504 duo.
1504 1472 1632 1504 timebat
1644 1472 1725 1503 Vat.

260 1527 328 1549 sec.
344 1517 437 1549 Med.
454 1526 521 1548 sec.
540 1518 634 1548 Rott.
654 1518 760 1550 Oisel.
778 1518 930 1548 Floreut.
945 1517 1057 1547 Oxon.
1075 1518 1197 1548 tenebat
1213 1517 1314 1547 Farn.
1330 1516 1448 1547 Ambr.
1465 1525 1517 1556 pr.
1534 1516 1657 1546 Petav.
1675 1524 1726 1555 pr.

260 1561 356 1591 Med.
374 1565 483 1602 quart.
501 1560 597 1591 Leid.
613 1564 647 1590 et
664 1561 748 1591 Exn.
764 1560 907 1590 Lucens.
925 1559 1073 1590 tremebat
1090 1561 1144 1590 vel
1160 1559 1288 1590 timebat
1308 1559 1390 1590 Put.
1406 1559 1528 1589 tenebat
1547 1557 1599 1588 vel
1615 1561 1728 1588 treme-

261 1603 314 1634 bat
330 1604 413 1644 Reg.
432 1603 543 1634 Oxon.
566 1613 616 1642 pr.
642 1603 801 1633 Heinsius
829 1613 871 1633 ex
886 1602 967 1632 Vat.
993 1606 1105 1642 quart.
1120 1603 1268 1633 tremebas
1288 1603 1340 1632 vel
1357 1601 1527 1632 tremebant
1543 1600 1666 1640 legisse
1681 1600 1728 1630 vi-

263 1645 486 1677 detum—292
509 1647 635 1684 regione
651 1645 704 1677 ed.
722 1646 835 1676 Vicet.
850 1645 967 1676 ditione
984 1646 1035 1675 vel
1051 1646 1176 1685 regione
1193 1646 1277 1676 Exc.
1295 1645 1374 1677 Pat.
1392 1654 1462 1675 rec.
1491 1644 1567 1674 Jam
1581 1643 1729 1683 quidquid

932 1741 1072 1772 NOTAE

264 1816 318 1855 lis,
334 1816 390 1857 qui
408 1815 495 1847 filius
513 1816 577 1847 fuit
603 1816 701 1848 Jovis
724 1821 760 1847 et
784 1816 973 1856 Alcmenae,

266 1867 391 1907 quique
409 1866 525 1897 orbern
544 1867 700 1897 monstris
717 1867 888 1907 purgavit.

311 1919 372 1947 285
415 1916 606 1956 Cleonoeum]
643 1917 780 1948 Cleonae
810 1917 890 1947 urbs
922 1921 976 1948 est

269 1968 361 1997 inter
391 1965 500 2006 Argos
537 1972 570 1997 et
609 1967 831 2005 Corinthum;
869 1977 976 2008 prope

269 2026 369 2057 quain
401 2017 496 2057 sylva
527 2021 615 2055 erat,
645 2017 678 2047 in
711 2028 776 2058 qua
810 2018 977 2049 Hercules

271 2067 419 2099 confecit
449 2072 684 2108 portentosum
712 2069 872 2109 Leonem,
899 2068 977 2099 inde

271 2118 400 2148 dictum
419 2118 625 2149 Cleonoeum.

315 2171 378 2198 286
408 2168 569 2207 Arcadiae]
607 2169 759 2199 Arcadia
795 2174 847 2200 est
885 2169 979 2210 regio

276 2217 420 2249 Graeciae
445 2217 479 2247 in
495 2218 747 2259 Peloponneso,
762 2219 809 2250 sic
827 2220 921 2250 dicta
938 2220 979 2250 ab

275 2268 415 2301 Arcade
428 2268 497 2299 filio
515 2269 674 2300 Calistus.

319 2321 380 2349 287
398 2318 498 2358 Aper]
523 2318 648 2349 Dictus
663 2319 925 2359 Erymantlieus,
939 2320 980 2351 ab

278 2369 487 2407 Erymantho
516 2367 677 2399 Arcadiae
704 2374 830 2410 monte,
856 2371 889 2401 in
915 2381 981 2412 quo

280 2420 487 2452 stabulabat.

322 2472 388 2502 288
412 2471 535 2511 Libya]
570 2471 678 2511 Regio
711 2476 761 2502 est
788 2471 916 2503 Africae
941 2472 981 2503 ad

279 2532 374 2553 mare
390 2521 694 2562 Mediterraneum,
706 2522 737 2552 in
753 2532 817 2564 qua
830 2528 905 2553 erat
915 2522 983 2553 An-

282 2579 382 2604 taeus.

326 2622 452 2662 Antoee]
485 2622 627 2654 Antaeus
660 2622 725 2653 fuit
754 2623 860 2662 Gigas
885 2629 986 2655 terrae

283 2672 382 2710 filius,
406 2673 463 2713 qui
481 2673 614 2714 quoties
643 2674 825 2714 complecti
851 2679 988 2714 poterat

285 2727 410 2753 terram
446 2727 602 2761 matrem,
626 2724 831 2763 exsurgebat
861 2724 988 2755 viribus

289 2771 485 2812 duplicatis:
526 2773 558 2803 id
590 2774 779 2805 colluctans
819 2774 988 2806 Hercules

1027 1816 1165 1848 tandem
1200 1815 1456 1855 animadvertit,
1486 1810 1631 1856 ideoque
1663 1814 1731 1845 alte

1029 1876 1105 1896 eum
1122 1867 1259 1904 extulit,
1275 1872 1311 1897 et
1327 1867 1360 1897 in
1375 1866 1453 1897 a'ere
1469 1864 1661 1897 suffocavit.

1073 1921 1136 1949 289
1161 1917 1272 1957 Creta]
1304 1918 1417 1949 Insula
1443 1917 1542 1948 maris
1566 1916 1733 1948 Mediter-

1032 1968 1127 1998 ranei
1144 1967 1379 1998 celeberrima.

1075 2019 1229 2058 Jurenco]
1270 2018 1373 2048 Bovis
1398 2016 1566 2055 fulminei,
1592 2017 1655 2048 hoc
1682 2021 1737 2048 est

1032 2068 1183 2100 flammas
1204 2068 1384 2108 vomentis,
1410 2067 1542 2108 mugitu
1567 2068 1671 2099 Creta
1686 2077 1738 2098 re-

1035 2119 1192 2151 sonabat.

1078 2172 1140 2200 290
1172 2169 1349 2208 Lerna’am]
1384 2166 1415 2197 A
1444 2167 1555 2202 Lerna
1586 2176 1660 2207 quae
1686 2172 1740 2198 est

1034 2221 1128 2250 lacus
1154 2219 1186 2249 iu
1210 2228 1292 2258 agro
1308 2217 1450 2257 Argivo,
1470 2216 1592 2257 Hydra
1609 2217 1740 2248 notissi-

1035 2278 1120 2299 mus.

1083 2318 1196 2349 Virens
1213 2317 1342 2358 Hydra]
1365 2317 1485 2357 Nigra,
1508 2317 1657 2348 coerulea
1671 2317 1740 2349 bel·

1035 2369 1188 2409 lua‚quae
1204 2368 1349 2398 habebat
1360 2368 1473 2408 capita
1483 2367 1742 2409 quinquaginta,

1038 2428 1178 2459 quorum
1197 2428 1297 2448 unuin
1316 2417 1344 2448 si
1361 2418 1434 2459 quis
1453 2423 1658 2459 amputaret,
1672 2419 1741 2459 duo

1039 2468 1261 2509 pullulabant.
1317 2468 1486 2499 Hercules
1514 2473 1617 2509 prout
1639 2479 1742 2500 unum

1041 2519 1253 2560 amputabat,
1270 2519 1381 2560 ignem
1405 2518 1620 2559 admovebat,
1642 2523 1677 2549 et
1694 2519 1744 2550 sie

1040 2571 1151 2601 onmia
1170 2570 1285 2610 capita
1301 2568 1448 2600 sustulit.

1084 2624 1145 2651 293
1170 2623 1198 2651 A
1224 2620 1336 2661 primis
1359 2618 1506 2658 Hiberis]
1546 2617 1577 2649 A
1627 2618 1746 2650 ultima

1043 2671 1223 2710 Hispania,
1250 2671 1302 2700 vel
1326 2679 1345 2699 a
1370 2668 1539 2710 principio
1564 2668 1743 2709 Hispaniae

1044 2731 1158 2751 versus
1198 2722 1385 2762 Oceanum,
1413 2719 1477 2752 hoc
1504 2724 1558 2751 est
1589 2729 1609 2751 a
1635 2719 1744 2761 primo

1045 2772 1250 2804 Occidente.
