1857 3177
496 221 556 251 nn
592 220 770 251 MALLu
805 221 986 252 THEOD.
1019 221 1159 251 cous.
1469 210 1553 250 429

96 315 400 370 Accenditque
419 315 534 356 diem
555 317 767 369 praerupti
789 316 959 356 turbine
982 315 1098 356 saxi.

96 383 174 425 Ille
195 383 334 434 ferox,
354 395 527 437 unoque
548 384 638 436 tegi
660 396 744 424 non
765 395 926 436 passus
948 381 1154 436 Olympo,

94 450 360 492 Immensum
381 463 457 504 per
476 451 602 491 inane
624 451 756 498 volat,
779 448 995 502 finemque
1017 462 1203 503 perosus

95 516 294 559 Parturit
314 518 556 558 innumeros
577 521 759 569 angusto
778 520 954 569 pectore
975 516 1177 557 mundos.

95 582 160 624 Hi
182 596 293 636 vaga
315 584 522 625 collidunt
542 584 679 625 caecis
702 580 937 636 primordia
957 583 1114 635 plagis.

94 649 288 690 Numina
309 652 577 692 constituunt
598 651 689 700 alii,
711 661 930 701 casusque
951 650 1153 702 relegant.

94 715 330 758 Graiorum
351 719 563 758 obscuras
588 717 803 758 Romanis
826 715 1008 756 fioribus
1031 721 1144 757 artes

94 782 304 833 Irradias,
327 784 501 824 vicibus
524 784 658 835 gratis·
678 784 866 824 formare
885 782 1115 836 loquentes

1498 447 1552 488 80

1498 784 1554 824 85

89 891 150 923 Ille
165 892 331 930 violentus,
346 895 375 921 et
391 902 449 922 non
469 890 579 928 ferens
604 901 638 922 se
662 892 776 932 operiri
792 901 850 921 uno
868 891 963 929 Coelo,
986 890 1094 921 volitat
1106 900 1164 930 per
1193 888 1294 920 ae'rem
1325 889 1494 930 irfinitmn,
1523 893 1554 920 et

90 934 255 965 abhorrens
271 943 324 964 res
330 933 457 975 finitas,
470 937 612 973 procreat
627 934 662 965 in
683 934 785 965 animo
806 937 892 964 arcto
916 935 1044 964 vitandos
1059 932 1305 963 innumerabiles.
1351 932 1399 962 1Ιί
1413 931 1553 962 commit-

90 979 163 1007 tunt
174 976 332 1017 principia
347 985 460 1007 rerum
476 977 616 1007 errantia
638 976 772 1007 hamulis
793 976 932 1006 occultis.
979 975 1033 1005 Illi
1046 978 1188 1006 statuunt
1209 974 1459 1015 providentiam
1475 974 1556 1011 Dei,

90 1022 120 1049 et
144 1019 303 1059 expellunt
327 1029 440 1050 casum.
486 1019 539 1049 Tu
566 1028 585 1049 ο
615 1018 791 1049 Theodoro
823 1019 960 1048 illustras
990 1018 1163 1048 doctrinam
1188 1017 1345 1047 obscuram
1374 1016 1555 1046 Graecorum

91 1061 246 1102 elegantia
260 1061 388 1102 Latina,
401 1062 510 1092 solitus
524 1061 678 1092 instruere
690 1061 825 1092 dicentes
841 1060 974 1100 dialogis
980 1058 1120 1100 festivi-³,
1136 1063 1166 1090 et
1179 1059 1361 1090 concinnare
1375 1058 1556 1089 alternatim

703 1153 939 1165 eeeeeeeeeeee

92 1218 174 1250 vat.
201 1228 251 1258 pr.
277 1228 322 1250 m.
353 1228 404 1259 pr.
429 1218 523 1249 Med.
551 1227 619 1249 sec.
643 1216 777 1248 turbinis
802 1226 894 1248 axem
921 1217 1088 1248 Pat.—7o
1112 1217 1229 1256 imoque
1254 1215 1337 1246 Vat.
1353 1218 1431 1245 tert.
1457 1213 1553 1244 Rott.

92 1261 176 1292 Exc.
212 1260 357 1292 Gevart.
392 1261 461 1299 regi
486 1261 586 1291 farn.
628 1260 795 1291 Pan—80
831 1259 895 1290 ruit
923 1259 1017 1290 Med.
1048 1268 1117 1290 sec.
1163 1267 1285 1298 perosos
1310 1257 1391 1288 Vat.
1429 1265 1480 1296 pr.
1509 1266 1553 1286 m.

91 1306 230 1343 p1·.—Sl
257 1304 371 1334 Paruit
387 1303 467 1334 Put.
503 1303 646 1342 Concipit
661 1302 728 1333 duo
751 1302 847 1333 Vatt.
866 1302 986 1333 Petav.
1004 1311 1054 1342 pr.
1076 1304 1206 1340 augusto
1223 1300 1335 1331 Oxou.
1351 1299 1418 1329 duo
1435 1297 1554 1329 Leidd.

92 1350 128 1376 et
145 1345 188 1376 al.
221 1350 342 1385 pectore
358 1346 412 1376 vel
424 1346 563 1385 principe
589 1345 714 1376 Moret.
741 1353 810 1376 sec.
842 1345 930 1375 coelos
955 1344 1034 1375 Pat.
1065 1343 1226 1374 Heinsius
1254 1344 1434 1372 notaverat
1460 1349 1554 1380 seqq.

92 1388 243 1419 Parturit
257 1388 443 1428 innumeros]
461 1398 502 1419 ex
519 1387 710 1419 Democriti
727 1387 908 1418 sententia.
935 1386 1012 1417 vide
1029 1385 1258 1424 Lindenbrog.
1284 1385 1316 1415 in
1337 1383 1502 1414 Ammian.
1520 1391 1556 1421 p.

92 1433 145 1462 30.
162 1431 240 1462 Val.
255 1432 350 1463 Max.
367 1431 441 1462 Lib.
459 1439 539 1461 vm.
558 1431 596 1461 E.
613 1438 687 1461 xw.
704 1440 737 1460 n.
754 1432 786 1461 2.
811 1430 954 1460 Exteru.
988 1431 1119 1468 angusto
1141 1431 1272 1468 pectore.
1303 1427 1431 1457 Minue.
1458 1424 1555 1455 Felix

93 1473 219 1504 Octav.
237 1483 269 1514 p.
296 1477 347 1504 18.
375 1473 417 1504 de
448 1474 538 1511 Deo,
564 1473 686 1504 ‘nobis
709 1482 788 1503 vero
817 1471 859 1503 ad
885 1472 1099 1504 intellectum
1127 1476 1246 1510 pectus
1274 1472 1454 1509 angustum
1480 1465 1557 1497 est!

92 1518 178 1547 —82
199 1518 278 1547 vada
294 1516 390 1547 Rott.
406 1516 488 1546 Put.
504 1516 586 1546 Var.
603 1515 672 1547 LL.
688 1515 743 1546 ed.
769 1514 873 1546 Antv.
907 1515 1087 1545 concludunt
1106 1512 1202 1543 Leid.
1220 1522 1273 1553 pr.
1296 1510 1450 1542 conlidunt
1474 1509 1555 1539 Vat.

93 1567 147 1598 pr.
180 1568 268 1589 coecae
284 1559 363 1599 leg-is
377 1559 429 1589 vel
445 1559 534 1589 coecis
555 1558 661 1598 plagis
688 1557 782 1589 Med.
800 1561 879 1588 tert.
911 1557 1027 1587 caussis
1043 1557 1109 1586 duo
1124 1555 1220 1586 Vatt.
1251 1553 1354 1594 plagis
1370 1552 1423 1582 vel
1440 1551 1557 1581 caussis

93 1600 216 1632 Petav.
243 1603 381 1641 plu—84
404 1610 490 1632 arces
514 1601 594 1632 Vat.
620 1605 701 1632 tert.
726 1600 819 1630 Prie.
857 1599 936 1629 artis
952 1600 1132 1631 Rom—85
1156 1597 1291 1628 irradiat
1308 1596 1388 1625 Put.
1404 1594 1484 1626 Jun.
1502 1601 1554 1634 pr.

754 1688 897 1720 NOTAE

92 1775 152 1797 suo
168 1770 289 1798 centro
313 1764 356 1797 ob
378 1774 513 1797 cursum
529 1765 614 1797 Coeli
631 1764 800 1805 rapidissi-

92 1826 197 1849 mum.
240 1816 460 1856 Aristoteles,
483 1813 801 1854 φησὶνἘμπεδοκλὴς

91 1867 151 1905 τὴν
165 1867 227 1906 γῆν
243 1865 301 1896 ὑπὸ
315 1866 372 1902 τῆς
398 1864 481 1902 δίνης
502 1865 638 1905 ἠρεμεῖν,
662 1864 708 1895 ait
726 1865 800 1894 Em-

88 1917 229 1958 pedocles
243 1919 359 1947 terram
374 1916 527 1957 quiescere
542 1914 578 1946 ob
598 1914 800 1955 rapiditatem

98 1968 186 2000 Coeli.

136 2020 178 2049 78
187 2016 285 2056 Saxi]
299 2015 536 2056 Anaxagoras,
549 2015 659 2046 Solem
668 2024 798 2052 saxum,

94 2072 130 2100 et
144 2068 274 2108 glebam
293 2075 429 2098 auream
454 2075 525 2097 esse
549 2065 699 2097 dicebat.
744 2065 797 2095 De

92 2120 157 2150 hoc
174 2118 315 2157 Plinius,
330 2118 339 2134 ‘
355 2116 538 2148 Celebrant
553 2115 670 2146 Graeci
684 2114 798 2146 Anax-

94 2178 233 2210 agoram
252 2167 503 2200 Clazomenium
518 2165 730 2207 Olympiadis
745 2167 798 2196 78.

94 2230 182 2252 anno
208 2219 359 2252 secundo
385 2218 583 2260 praedixisse
610 2216 798 2248 coelestium

91 2272 272 2303 literarum
288 2268 574 2310 scientia‚quibus
590 2268 708 2298 diebus
723 2276 798 2298 sax-

95 2331 151 2353 um
168 2331 319 2353 casurum
334 2326 424 2352 esset
441 2331 460 2351 a
476 2320 568 2350 Sole.
607 2318 715 2359 quue
732 2317 807 2349 fac*

93 2376 166 2403 tum
182 2371 332 2404 interdiu
350 2373 384 2402 in
398 2369 555 2402 Thraciae
572 2373 670 2410 parte
685 2367 727 2399 ad
744 2368 799 2399 ,ΙΕ-

93 2432 153 2464 gos
168 2421 316 2462 flumeu,’
329 2426 394 2453 dcc.

135 2477 180 2506 79
203 2473 323 2513 Ferox]
347 2473 538 2512 Violentus,
552 2469 712 2501 furiosus.

136 2526 177 2556 81
203 2523 369 2563 Parturit]
402 2522 509 2555 Quasi
532 2521 564 2552 hi
590 2518 707 2551 mundi
732 2517 800 2549 sint

94 2578 228 2606 tantum
244 2574 318 2615 ejus
335 2573 450 2605 stultae
474 2568 723 2611 imaginationis
739 2566 799 2599 foe·

96 2630 166 2656 tus.

140 2673 322 2705 Innumeros
345 2671 490 2712 mundos]
540 2670 705 2703 Nonnulli
746 2673 798 2700 tot

96 2723 239 2757 mundos
252 2733 324 2755 esse
339 2723 513 2762 volebant,
526 2726 610 2764 quot
626 2724 706 2752 sunt
718 2719 798 2750 stel-

94 2775 152 2808 loe.
198 2773 430 2816 Democritus,
452 2772 634 2814 Epicurus,
658 2774 695 2804 et
724 2770 800 2802 Me-

851 1762 1010 1795 trodorus
1041 1760 1270 1793 admittebant
1305 1758 1465 1790 infinitos.
1510 1758 1556 1789 Et

851 1813 1075 1844 Anaxarchus
1091 1812 1161 1850 ille,
1180 1810 1237 1851 qui
1254 1810 1420 1849 lacrymas
1436 1817 1555 1840 excus-

851 1865 895 1896 sit
910 1863 1108 1895 Alexandro
1121 1872 1128 1892 :
1152 1859 1350 1900 Ἀλέξανδρος
1362 1858 1561 1899 Ἀναξάρχου·

851 1912 922 1955 περὶ
952 1912 1073 1952 κόσμων
1094 1911 1230 1952 ἀπειρίας
1259 1908 1387 1948 ἀκούων,
1404 1908 1552 1948 ἔδακρυε;

851 1962 1271 1996 Alexander-Anaxarchum
1298 1961 1334 1990 de
1364 1959 1555 1989 Mundorum

849 2014 1006 2056 infinitate
1021 2012 1160 2048 audiens,
1184 2012 1372 2050 lacrymatae
1387 2011 1445 2038 est.

895 2066 936 2095 82
966 2063 1053 2102 Vaga
1075 2060 1261 2102 primordia]
1286 2059 1502 2090 Democritus
1518 2062 1555 2090 et

853 2114 1020 2154 Epicurus
1038 2112 1199 2144 dicebant
1226 2110 1392 2141 Mundum
1420 2117 1459 2138 ex
1485 2112 1554 2139 tur-

852 2164 991 2195 bulenta
1007 2169 1043 2194 et
1060 2161 1241 2194 temeraria
1264 2159 1408 2200 quadam
1425 2163 1555 2189 atomo-

852 2223 925 2244 rum
950 2213 1144 2245 incursione
1161 2221 1234 2242 esse
1252 2208 1457 2241 conflatum:
1484 2213 1556 2240 ato-

851 2275 922 2296 mos
948 2270 1060 2296 autem
1084 2264 1170 2302 illas,
1186 2272 1243 2294 seu
1270 2271 1350 2300 vaga
1367 2260 1554 2300 primordia,

851 2315 915 2345 sibi
943 2315 1088 2346 invicem
1115 2314 1246 2344 haerere
1273 2321 1335 2351 per
1362 2311 1477 2351 plagas
1493 2319 1554 2341 seu

850 2365 1000 2396 hamulos
1018 2364 1190 2405 quosdam.

894 2419 935 2447 83
961 2416 1099 2446 Numina
1128 2411 1335 2451 constituunt]

851 2471 971 2498 contra
985 2465 1181 2506 Epicurum.

895 2520 934 2548 85
960 2514 1117 2554 Irradias]
1152 2513 1307 2544 Illustras
1326 2510 1435 2542 nitida
1449 2509 1552 2541 orati-

1380 2409 1552 2441 Platonici

852 2568 924 2599 onis
945 2568 1020 2599 luce
1049 2574 1080 2596 ei
1099 2564 1296 2596 amwnitate,
1326 2559 1552 2600 philosophos

851 2619 1009 2655 Graecos,
1026 2617 1080 2657 qui
1096 2615 1138 2646 de
1156 2614 1275 2645 Ennea
1287 2614 1443 2651 egerunt.

900 2667 1024 2699 Vicibus
1032 2664 1150 2706 gratis]
1164 2662 1328 2701 Dialogis,
1341 2669 1422 2701 quos
1435 2659 1444 2676 ‘
1457 2657 1553 2690 Prin-

853 2728 934 2759 ceps
958 2712 1254 2756 Philosophorum’
1277 2713 1438 2744 Socrates
1461 2709 1553 2740 inve-

852 2768 942 2801 nisse
966 2767 1106 2807 dicitur,
1120 2769 1156 2797 et
1185 2764 1195 2782 ‘
1216 2759 1466 2803 Philosophiam
1482 2767 1553 2791 mo-
