1857 3177
570 201 629 229 nu
665 201 728 229 iv.
763 200 900 230 cons,
937 201 1118 232 [timon.
1482 197 1565 236 ‘247

109 292 194 332 Sed
216 306 334 341 mox,
359 307 457 334 cum
482 294 608 334 solita
632 294 756 335 miles
779 297 818 335 te
841 307 949 336 voce
971 295 1177 343 levasset,

111 360 275 401 Nubila
296 361 498 401 dissolvit
521 361 746 411 Plioebus;
779 363 1024 415 pariterque
1047 361 1262 402 dabantur
1484 367 1566 404 '175

107 426 289 481 Sceptra
309 429 402 476 tibi,
425 428 670 482 mundoque
693 430 801 470 dics.
862 429 1057 480 Caligine
1078 430 1186 470 liber

108 495 334 547 Bosporus
356 495 581 536 adversam
604 497 767 549 patitur
789 496 1067 537 Chalcedona
1089 497 1221 537 cerni.

108 561 205 601 Nec
228 565 392 602 tantum
414 563 562 603 vicina
583 565 742 604 nitent:
777 563 856 603 sed
877 567 970 603 tota
992 565 1181 617 repulsis

106 627 313 669 Nubibus
335 631 512 670 exuitur
532 631 717 672 Thrace.
778 631 973 682 Pangaea
994 632 1208 682 renident,

105 695 396 749 Insuetosquc
419 699 544 750 palus
565 699 714 740 radios
739 698 924 739 Maeotia
944 699 1102 740 vibrat.
1487 700 1568 738 180

105 763 201 804 Nec
227 764 392 805 Boreas
414 766 604 814 nimbos,
628 771 703 806 aut
723 765 801 805 Sol
823 765 1038 805 ardentior
1061 767 1171 817 ogit:

104 830 282 883 Imperii
303 831 379 871 lux
400 831 476 872 illa
496 832 591 873 fuit.
652 833 889 885 Praesagus
917 833 1073 874 obibat

104 896 272 937 Cuncta
293 898 431 938 nitor:
464 899 650 953 risitque
669 903 742 940 tuo
764 899 935 940 Natura
956 913 1127 941 sereno.

100 993 175 1014 cum
187 985 295 1024 plausu
307 989 460 1025 cons-new,
471 988 526 1018 Sol
538 988 701 1028 dissipat-it
716 988 826 1019 nubes:
842 991 870 1019 et
884 989 976 1018 simul
990 991 1140 1028 sceptrum
1153 987 1257 1026 tibi,et
1270 988 1323 1018 lux
1337 986 1402 1018 orbi
1418 988 1568 1018 donaban-

99 1029 162 1057 tur.
208 1027 367 1068 Bosporus
379 1029 525 1060 liberatus
544 1032 691 1069 tenebris,
705 1032 780 1062 sinit
793 1032 985 1061 Chalcedona
1012 1031 1181 1070 oppositum
1194 1031 1302 1060 rideri.
1348 1031 1455 1070 Neque
1471 1032 1566 1061 solum

100 1073 228 1100 tractus
234 1070 371 1111 finitimi
387 1073 598 1111 resplendent:
624 1076 657 1104 at
672 1074 770 1103 omnis
785 1074 926 1111 Thracia,
941 1075 1068 1112 expulsu
1083 1073 1228 1111 caligine,
1242 1077 1447 1111 ‹ur-purgatur.
1483 1074 1567 1103 Pun-

97 1121 184 1150 gaeus
201 1122 295 1143 mons
312 1113 456 1153 refulget,
471 1118 501 1145 et
514 1116 603 1154 palus
620 1116 747 1146 Mceolis
770 1116 887 1146 emittit
903 1116 1091 1155 splendorem
1115 1115 1283 1145 insolitum.
1332 1115 1438 1154 Neque
1454 1116 1566 1154 Aquilo

99 1154 235 1193 agitarit
262 1155 378 1189 nubes:
401 1166 496 1196 neque
521 1156 573 1187 Sol
594 1158 724 1188 calidior
741 1158 800 1188 lias
825 1158 1003 1189 excitavit.
1055 1158 1116 1188 Ver
1135 1157 1209 1187 illud
1229 1157 1297 1194 suit
1314 1158 1485 1187 nascentis
1503 1158 1566 1188 Im-

96 1197 189 1236 perii.
234 1198 385 1239 Splendor
407 1200 601 1238 prcenunlius
629 1200 801 1231 felicitatis
832 1200 982 1231 lustrabat
1010 1201 1122 1240 omnia,
1149 1203 1177 1230 et
1206 1203 1317 1230 natura
1343 1200 1493 1230 ‹tela-tae«
1519 1203 1564 1230 est

713 1272 949 1283 aeaeaeaeaeaeaeaeaeaeaeae

97 1313 260 1352 densosque
273 1314 370 1344 Farn.
384 1317 489 1345 —174
503 1326 569 1345 cum
587 1326 658 1346 moa·
676 1316 753 1346 Aul.
765 1316 867 1346 subita
882 1316 1000 1347 Ambr.
1018 1326 1068 1355 pr.
1091 1319 1122 1345 te
1137 1315 1224 1345 mites
1240 1315 1332 1346 Med.
1343 1318 1562 1355 quart—175

97 1356 234 1394 deposui!
251 1365 310 1395 pro
322 1357 459 1387 dissolvit
475 1357 569 1388 Med.
583 1367 650 1388 sec.
667 1358 774 1389 Phoehi
787 1359 880 1389 Med.
892 1360 1114 1399 quart.——17(5
1128 1358 1293 1397 mundique
1306 1358 1382 1387 Vat.
1400 1367 1451 1397 pr.
1465 1358 1563 1388 Farn.

97 1400 203 1428 —178
218 1399 284 1428 Nec
299 1401 403 1429 tamen
421 1399 515 1430 Med.
531 1405 642 1440 quart.
664 1400 733 1431 Non
750 1403 870 1431 tuntum
883 1401 964 1432 Jun.
981 1403 1138 1441 piu—179
1150 1400 1342 1430 Extrahitur
1358 1400 1484 1431 Moret.
1497 1409 1566 1431 sec.

97 1442 180 1470 terre
197 1450 256 1480 pro
274 1441 392 1471 Thrace
408 1442 487 1473 Vat.
515 1448 596 1474 tert.
626 1443 747 1484 Hylace
765 1443 860 1474 Med.
889 1447 968 1474 tert.
993 1444 1126 1473 relucent
1145 1443 1223 1473 Vat.
1240 1447 1349 1483 quart.
1368 1443 1443 1472 Pal.
1470 1443 1563 1473 Med.

98 1491 149 1520 pr.
166 1483 305 1514 renident
323 1484 375 1514 vel
389 1485 524 1515 renitent
541 1486 670 1517 Moret.
686 1496 736 1526 pr.
751 1488 918 1517 retundunt
935 1487 1014 1516 Vat.
1033 1495 1086 1525 pr.
1102 1486 1310 1516 Fara—180
1321 1485 1451 1516 Maeotia
1469 1485 1563 1517 Med.

98 1530 177 1555 tert.
196 1526 277 1556 Exc.
297 1526 440 1557 Lucens.
465 1537 532 1559 sec.
550 1529 699 1559 ssloeoticu
717 1534 862 1570 quatuor
879 1530 958 1559 X'at.
977 1529 1052 1560 Pal.
1072 1529 1169 1558 Farn.
1189 1528 1340 1558 Moeotida
1357 1528 1450 1558 Prie.
1466 1529 1563 1559 Rott.

100 1567 206 1597 Oisel.
226 1568 312 1608 Reg.
333 1569 412 1600 Put.
433 1570 563 1602 Borion.
579 1572 714 1602 Tbolos.
732 1573 813 1603 Lov.
832 1572 982 1603 Florent.
1002 1581 1042 1602 m.
1061 1581 1112 1610 pr.
1131 1570 1196 1601 duo
1215 1570 1331 1601 Petav.
1350 1571 1478 1600 Moret.
1495 1580 1562 1600 sec.

99 1609 165 1639 duo
179 1610 292 1641 Oxou.
305 1617 339 1642 et
352 1612 535 1643 Leianr.
550 1614 617 1645 LL.
633 1614 686 1644 ed.
703 1614 807 1646 Antv.
819 1619 855 1645 et
867 1614 1038 1645 edNicet.
1054 1613 1191 1644 Nilotica
1203 1613 1255 1643 vel
1270 1613 1421 1643 Moeotida
1435 1613 1563 1643 Moret.

96 1655 254 1692 ,ιιι-181
284 1654 350 1684 Nec
374 1655 414 1685 B.
438 1665 467 1685 n.
493 1659 546 1686 aut
572 1656 667 1688 Pric.
695 1657 772 1688 Pal.
797 1658 898 1688 Farn.
913 1658 1008 1688 Rott.
1027 1656 1135 1687 Oisel.
1154 1660 1188 1686 et
1206 1659 1275 1686 tres
1289 1656 1367 1685 Vat.
1387 1655 1459 1685 Non
1474 1655 1515 1685 B.
1532 1665 1563 1685 n.

101 1705 159 1725 non
171 1695 251 1727 Jun.
271 1706 321 1735 pr.
338 1697 432 1728 Leid.
452 1708 521 1729 sec.
539 1698 646 1730 Gesn.
664 1703 699 1730 et
712 1700 765 1731 ed.
785 1700 926 1740 Bipont.
946 1700 1109 1730 Nec—nec
1118 1699 1198 1729 Vat.
1213 1701 1322 1739 quart.
1340 1703 1376 1728 et
1390 1698 1497 1738 quint.
1512 1707 1564 1728 nec

95 1738 140 1767 soc
156 1737 235 1769 Put.
253 1738 375 1771 Petav.
402 1750 452 1780 pr.
468 1741 550 1772 item
575 1741 694 1774 Ambr.
708 1743 832 1774 Sclied.
847 1742 1049 1774 Glak—182
1069 1743 1123 1772 lux
1146 1742 1207 1771 ista
1225 1742 1319 1771 Rott.
1332 1741 1388 1771 vix
1405 1740 1467 1771 ista
1479 1740 1561 1770 Var.

97 1779 165 1810 LL.
191 1781 243 1811 ed.
263 1781 367 1813 Antv.
386 1793 429 1813 m.
456 1793 506 1822 pr.
533 1785 639 1815 adibat
658 1786 897 1817 Borion.——IS3
925 1786 1018 1816 Certa
1035 1786 1119 1815 Var.
1146 1785 1214 1814 LL.
1232 1783 1287 1814 ed.
1304 1783 1408 1814 Antv.
1427 1784 1563 1822 arsitque

96 1821 192 1853 Med.
212 1829 322 1864 quart.
341 1826 423 1856 Exc.
442 1826 585 1857 Gevart.
598 1838 651 1858 suo
670 1829 747 1858 Pat.
771 1832 822 1859 tuo
846 1828 898 1858 vel
925 1838 979 1857 sno
1000 1828 1080 1857 Vat.
1100 1832 1177 1857 tert.
1195 1830 1257 1856 tuoe
1273 1825 1397 1856 Serenoe
1413 1826 1492 1857 Jun.
1510 1834 1561 1865 pr.

95 1864 129 1895 in
143 1866 272 1897 duobus
290 1868 416 1900 Mon-et.
443 1869 525 1900 Lov.
551 1870 734 1911 Excerptis
762 1871 957 1901 Gevart.et
985 1869 1039 1900 ed.
1057 1869 1135 1899 ΑΜ.
1153 1869 1206 1899 hic
1234 1868 1316 1899 ordo
1342 1872 1498 1898 servatur
1524 1872 1562 1897 ut

142 1985 201 2013 171
226 1984 385 2024 Lei-asset]
432 1986 516 2016 Cum
535 1986 658 2016 milites
681 1985 802 2016 faustis
855 1985 999 2015 Thracia
1024 1983 1196 2014 nebulosa
1233 1986 1307 2021 est3
1343 1992 1382 2012 ac
1417 1981 1560 2022 proinde

96 2033 392 2064 acclamationibus
411 2035 596 2066 Honorium
614 2036 801 2075 Imperato-
855 2035 974 2065 mirum
993 2035 1040 2065 sic
1062 2033 1176 2064 subito
1193 2033 1320 2063 claram
1338 2032 1494 2062 evasisse.

97 2091 166 2111 rem
185 2083 402 2122 salutassent,
417 2090 452 2115 et
482 2085 514 2115 in
530 2086 648 2117 solium
665 2087 800 2117 extulis-
912 2088 971 2116 180
997 2085 1094 2115 Palus
1123 2083 1268 2122 Maeotia]
1314 2083 1382 2113 Seu
1413 2083 1561 2113 Moeocim

95 2138 181 2163 svnt.
229 2134 305 2164 Mos
333 2135 387 2163 ille
415 2136 597 2175 antiquus:
623 2137 670 2167 sic
700 2137 798 2167 Clau-
858 2145 960 2176 supra
978 2136 1123 2166 Pontum
1147 2134 1323 2164 Euxinum.

95 2182 183 2220 dius,
201 2184 208 2199 ‘
227 2183 390 2213 militibus
407 2185 554 2215 vicissim
581 2187 798 2218 succollanti-
898 2189 956 2216 181
998 2183 1132 2222 Boreas]
1178 2185 1242 2213 Seu
1283 2182 1405 2222 Aquilo,
1437 2187 1560 2213 ventus

96 2233 213 2269 bus,in
230 2239 343 2265 castr-<1
361 2235 492 2266 delatus
507 2236 583 2266 est.'
618 2237 798 2268 Suetonius
852 2234 935 2266 flans
966 2245 986 2265 a
1014 2233 1281 2274 septemtrione,
1311 2242 1378 2262 nou
1410 2232 1576 2263 turbavit'

96 2284 129 2314 in
147 2284 301 2315 Claudio.
850 2286 1070 2317 serenitatem
1109 2283 1187 2315 diei.
1258 2283 1417 2323 Alioquin
1460 2281 1556 2323 fugat

139 2336 199 2365 177
216 2334 389 2374 Bosporus]
404 2335 565 2366 Thracius
581 2336 726 2376 scilicet,
740 2337 795 2368 ubi
850 2337 953 2367 nubes
982 2335 1116 2377 Aquilo.
1152 2334 1253 2365 Ovid.
1269 2334 1277 2349 ‘
1296 2332 1457 2363 Protinus
1481 2333 1558 2363 AEo-

93 2385 193 2416 situm
211 2391 285 2416 erat
301 2385 503 2425 Byzantium
520 2396 577 2417 seu
603 2386 797 2419 Constanti·
849 2387 902 2418 liis
930 2386 1134 2428 Aquilonem
1163 2384 1291 2415 claudit
1313 2383 1345 2413 iu
1371 2383 1488 2422 antris,
1511 2383 1557 2414 Et

93 2435 236 2474 nopolis.
282 2436 337 2466 De
356 2435 509 2476 Bosporo
533 2446 632 2477 supra
663 2438 685 2468 l.
711 2447 735 2468 1.
763 2438 796 2468 in
851 2448 1074 2481 quaecumque
1100 2437 1218 2477 fugant
1242 2435 1398 2466 inductas
1422 2433 1559 2466 flamina

95 2485 174 2517 Ruf.
195 2497 229 2518 v.
249 2489 322 2517 175.
579 2514 586 2522 ,
851 2489 982 2520 nubes.’

139 2538 347 2578 Chalcedona]
373 2538 498 2569 Urbem
511 2539 696 2580 Bithyniae,
714 2549 731 2570 e
749 2550 799 2571 re-
895 2540 961 2571 Aut
985 2538 1039 2569 Sol
1060 2537 1219 2569 ardentior
1235 2533 1315 2574 egit]
1338 2535 1396 2566 Sol
1412 2533 1554 2565 calidior

95 2586 192 2625 gione
223 2588 392 2628 Byzantii,
417 2599 492 2630 quae
518 2594 597 2621 ante
618 2600 686 2622 non
703 2590 797 2622 vide-
853 2599 920 2620 non
938 2589 1104 2620 excitavit
1122 2586 1238 2616 nubes.

96 2635 194 2667 batur
206 2638 250 2669 ob
266 2639 422 2670 tenebras
437 2640 623 2681 nubesque.
896 2643 956 2671 183
985 2640 1047 2671 Tuo
1060 2637 1179 2676 sereno]
1202 2637 1250 2667 Ea
1264 2635 1462 2674 serenitate,
1478 2643 1554 2675 quae

141 2687 201 2715 179
227 2687 381 2727 Pungaea]
409 2688 589 2729 Paugaeus,
605 2694 639 2721 et
668 2690 700 2721 in
725 2690 796 2730 plu·
852 2691 920 2723 diei
936 2690 1080 2733 Imperii
1096 2688 1144 2720 tui
1161 2687 1331 2729 praeluxit·

98 2735 157 2765 rali
194 2735 342 2776 Pungoeu,
378 2747 471 2770 mons
501 2739 678 2772 Thraciae:
720 2750 795 2782 quae
