1857 3177
514 232 576 261 m}
610 232 754 261 mrr.
789 231 974 261 moxon-
1009 231 1067 260 ET
1103 232 1222 261 man.
1507 222 1592 262 309

140 326 328 368 Fraudis
350 326 489 366 adhuc.
511 340 700 378 expers:
734 327 1069 379 bellatriccsque
1094 325 1284 366 docebat

139 394 315 435 Ducere
338 393 411 433 sila
429 406 597 440 munus,
617 398 673 441 ct,
697 406 802 433 mox
821 406 933 445 quos
954 393 1118 433 horruit
1138 393 1231 441 Ide,

138 461 425 501 Thessalicos
444 474 566 500 rusco
585 461 781 513 pectebat
804 459 963 512 pollice
984 461 1137 501 crines.

138 527 255 567 Haec
278 529 411 568 etiam
433 528 624 580 queritur
647 540 824 567 secum:
859 525 1062 575 Quonam
1085 540 1226 579 usque
1246 525 1460 567 verendus
1540 528 1595 566 20

138 594 384 635 Cunctatur
405 608 499 634 lucu
522 600 627 635 vota
648 594 804 635 socer?
839 593 943 646 quid
961 595 1142 646 jungere
1165 594 1319 643 differt,

138 661 285 711 Quam
309 662 487 714 pepigit,
511 666 741 713 castasque
760 673 910 713 preces
930 660 1111 713 imploro
1133 664 1305 701 recusat
1322 662 1339 700 ‘l

137 727 243 768 Non
266 740 358 779 ego,
382 728 591 767 luxuriem
613 727 785 778 Regum
805 738 1055 779 moremque
1079 732 1273 777 secutus,

138 792 342 843 Quaesivi
364 794 530 833 vultum
551 782 713 833 tabulis
732 806 740 832 ε
773 795 822 832 ut
841 792 998 832 nuntia
1019 792 1166 833 formae

131 912 242 942 licosas
255 910 394 941 Achillis
411 910 521 951 adjila
537 911 635 941 nenda
649 920 658 945 ;
681 913 710 941 et
724 912 833 951 pollio-e
843 920 994 952 purpureo
1006 911 1147 951 pectebat
1160 911 1287 952 capillos
1304 911 1505 951 Thessalicos,
1521 923 1593 953 quos·

134 963 207 984 moa:
226 953 521 991 Trojasormidavit.
569 953 740 984 Honorius
765 955 811 984 sic
833 964 946 994 quoque
972 955 1172 994 conqueritur
1186 964 1307 985 secum:
1333 954 1495 994 Quousque
1513 966 1597 987 socer

134 998 325 1027 venerandus
341 996 480 1027 Stilicho
494 995 603 1036 differt
620 1006 685 1026 mea
700 994 878 1028 desideria?
904 998 1010 1032 Quare
1021 997 1229 1036 procrastinat
1241 997 1427 1036 conjungere
1437 998 1515 1028 milii
1533 999 1595 1028 vir-

136 1039 262 1079 ginem,
275 1049 367 1078 quam
376 1039 532 1078 promisit,
543 1043 571 1069 et
583 1038 700 1077 refugit
708 1040 864 1069 cumulare
873 1048 977 1080 preces
991 1048 1081 1069 meas
1089 1038 1239 1079 pudicas?
1273 1039 1370 1070 Haud
1385 1049 1440 1078 ego
1457 1040 1597 1071 imitatus

130 1090 274 1121 pompam
288 1085 318 1112 et
331 1081 578 1111 consuetudinem
596 1090 712 1119 regum,
734 1082 888 1120 exquisivi
897 1081 1156 1121 pulchritudinem
1171 1091 1233 1122 pei·
1246 1081 1411 1112 simulacra
1428 1082 1549 1123 aliqua,
1564 1087 1595 1113 ut

745 1165 977 1176 eeeeeeeeeeee

137 1239 187 1270 pr.
206 1229 419 1270 inflammabat
434 1230 559 1261 Morot.
577 1233 714 1271 pin—IS
728 1230 782 1260 Ide
794 1228 927 1270 plurimi
945 1229 1052 1261 Codd.
1069 1230 1151 1261 Exc.
1168 1229 1464 1261 Gevar1.Lucens.
1481 1240 1548 1262 sec.
1562 1236 1599 1263 et

140 1272 224 1303 Cod.
246 1273 362 1304 Rheni.
377 1273 499 1304 Sclied.
516 1272 606 1304 Gud.
620 1274 701 1303 item
720 1272 797 1302 Ala.
821 1272 880 1302 Ida
893 1272 985 1302 Med.
997 1277 1108 1313 quart.
1124 1273 1206 1302 Exc.
1224 1273 1353 1303 Scliott.
1379 1274 1465 1303 Idem
1484 1273 1594 1304 Parni.

134 1315 217 1345 idem
227 1316 280 1345 vel
292 1315 347 1345 Ide
358 1316 527 1355 Reg.—19
541 1316 726 1346 Thessalicos
735 1324 820 1345 roseo
830 1315 928 1344 Farn.
941 1314 1005 1344 inc.
1021 1314 1140 1345 Heius.
1155 1314 1268 1345 Ursin.
1283 1315 1365 1345 Cod.
1381 1316 1508 1346 Mazar.
1524 1316 1597 1346 Μο-

135 1362 201 1387 ret.
216 1366 284 1388 sec.
298 1358 377 1388 vat.
397 1358 501 1388 Livin.
515 1358 591 1389 edd.
609 1359 712 1389 Gesn.
729 1363 764 1387 et
778 1357 917 1396 Bipont.
938 1356 1109 1387 Thessalico
1124 1365 1222 1386 roseos
1240 1361 1310 1387 tres
1325 1357 1403 1387 Vat.
1420 1357 1493 1388 Pal.
1507 1358 1596 1389 Pric.

135 1398 232 1430 Rott.
260 1400 447 1431 Thessalicos
460 1410 542 1430 roseo
570 1401 623 1431 vel
655 1399 827 1431 Thessalico
839 1408 938 1428 roseos
955 1399 1033 1430 Vat.
1052 1409 1101 1439 pr.
1126 1404 1162 1429 et
1179 1408 1246 1430 sec.
1260 1409 1302 1429 m.
1330 1409 1381 1440 pr.
1408 1399 1598 1431 Thessalicos

133 1451 219 1473 roseo
235 1443 375 1473 nectebat
387 1444 495 1484 pollice
512 1443 587 1474 Pat.
606 1443 688 1474 Cod.
708 1442 825 1482 Epigr.
840 1440 958 1472 Ambr.
974 1442 1057 1473 Exc.
1086 1442 1230 1472 Lucens.
1244 1451 1311 1472 sec.
1332 1441 1474 1481 pectebat
1485 1443 1597 1482 pollice

135 1484 287 1516 Florem.
307 1485 387 1516 Put.
406 1491 471 1516 vet.
496 1486 581 1525 Gyr.
596 1486 680 1516 Exc.
696 1486 827 1515 Seliott.
851 1484 989 1514 nectebat
1004 1485 1081 1515 Vut.
1109 1494 1159 1524 pr.
1191 1488 1227 1514 et
1249 1493 1317 1514 sec.
1345 1494 1386 1515 m.
1410 1494 1477 1515 sec.
1505 1485 1595 1516 Prie.

136 1526 245 1557 Oisel.
265 1528 406 1567 pectebat
424 1529 508 1566 Reg.
521 1529 648 1558 Tliuan.
667 1528 793 1558 Mazar.
810 1527 932 1556 Petav.
950 1536 999 1566 pr.
1029 1526 1146 1557 Ambr.
1173 1532 1209 1557 et
1231 1526 1311 1557 Jun.
1336 1535 1385 1565 pr.
1405 1527 1485 1557 Lov.
1499 1527 1596 1558 ambo

136 1568 275 1600 Moreti.
299 1571 438 1601 nectebat
450 1571 573 1610 pectine
588 1571 668 1601 Vat.
685 1575 763 1601 tert.
781 1569 855 1599 cod.
871 1569 980 1599 Ursin.
1004 1569 1097 1599 Med.
1123 1577 1191 1599 sce.
1213 1568 1346 1599 Tholos.
1377 1568 1445 1599 duo
1475 1569 1596 1600 Petav.

128 1612 271 1650 pectebat
286 1613 407 1651 pectine
423 1613 490 1643 duo
508 1614 601 1642 Vatt.
621 1613 694 1643 Pal.
713 1613 813 1642 Farn.
848 1611 940 1641 Rott.
962 1611 1055 1642 Med.
1084 1615 1163 1641 tert.
1180 1611 1244 1641 inc.
1263 1610 1382 1641 Heius.
1404 1610 1543 1649 pectebat
1561 1617 1597 1642 ct

135 1655 353 1684 emendatum
366 1655 507 1684 nectebat
524 1654 616 1685 Med.
633 1664 682 1693 pr.
707 1653 849 1693 pectebat
865 1653 918 1683 vel
936 1653 1075 1682 nectebat
1092 1653 1176 1692 Reg.
1200 1653 1312 1683 Oxou.
1327 1662 1375 1692 pr.
1391 1652 1507 1683 Ambr.
1531 1663 1597 1684 sec.

124 1695 288 1735 flectebat,
304 1697 356 1726 vel
374 1696 526 1734 nectebat,
543 1697 594 1726 vel
609 1696 749 1736 pectebat
767 1696 878 1726 Oxon.
891 1697 1047 1725 sec.——-20
1074 1694 1142 1724 Hoc
1169 1695 1248 1725 Vat.
1273 1704 1340 1725 sec.
1368 1695 1461 1725 Med.
1488 1700 1598 1735 quart.

134 1738 200 1768 inc.
219 1739 337 1769 Heins.
352 1739 472 1770 Petav.
491 1748 556 1770 sec.
575 1738 641 1769 duo
659 1739 770 1769 Oxon.
787 1737 869 1769 Exc.
895 1738 1039 1768 Lucens.
1056 1747 1106 1777 pr.
1130 1737 1213 1768 Var.
1241 1737 1307 1767 LL.
1325 1747 1343 1767 e.
1361 1747 1466 1777 marg.
1483 1738 1597 1769 Parm.

135 1780 191 1811 Sic
210 1781 303 1812 Rott.
308 1784 388 1812 —21
414 1791 507 1812 senex
523 1781 599 1812 Pat.
614 1791 710 1811 senex
725 1781 779 1811 vel
794 1789 878 1810 socer
892 1780 970 1810 Put.
987 1780 1063 1819 quid
1077 1779 1213 1817 jungere
1227 1780 1305 1810 Vat.
1322 1779 1430 1810 Livin.
1453 1780 1506 1819 qui
1523 1781 1600 1818 jun-

131 1832 207 1861 gere
238 1823 317 1854 Ald.
320 1826 404 1854 -22
431 1824 520 1859 Quod
541 1824 661 1863 pepigit
690 1823 816 1853 Moret.
845 1831 894 1862 pr.
917 1821 1026 1862 pepigi
1043 1821 1127 1860 legit
1144 1821 1264 1852 Heius,
1266 1824 1349 1851 —23
1374 1822 1406 1851 bi
1430 1821 1496 1852 duo
1525 1832 1597 1862 veij-

133 1874 190 1896 sus
203 1875 304 1896 manu
321 1867 450 1897 recenti
465 1866 605 1905 ascripti
622 1865 749 1895 suntin
762 1866 793 1895 V
797 1869 842 1895 at
859 1873 908 1903 pr.
931 1863 1087 1894 luxuriam
1117 1863 1182 1893 duo
1196 1864 1275 1894 Vat.
1292 1863 1382 1893 Prie.
1412 1864 1436 1892 F
1431 1873 1491 1894 xc.
1519 1864 1597 1894 l'at.

134 1916 203 1939 rec.
222 1909 366 1940 Lucens.
383 1918 452 1939 sec.
469 1908 552 1938 Cod.
570 1908 678 1947 epigr.
696 1906 814 1938 Ambr.
827 1906 880 1937 ed.
896 1906 1010 1936 Vicet.
1033 1906 1189 1936 luxuriem
1204 1905 1324 1945 viginti
1349 1910 1417 1935 nes
1430 1906 1500 1943 alii,
1519 1906 1596 1937 edd.

134 1949 249 1980 Parni.
268 1951 387 1981 Heius.
403 1951 509 1982 Gesn.
533 1955 570 1980 et
592 1950 731 1988 Bipont.
747 1950 828 1980 item
853 1949 932 1978 Var.
949 1948 1015 1978 LL.
1036 1957 1053 1977 e
1070 1957 1174 1988 marg.
1192 1947 1356 1987 ejusdem.
1378 1948 1503 1977 quuria
1519 1948 1548 1978 V
1553 1953 1596 1978 at.

134 1997 243 2032 quart.
267 2003 420 2032 moresque
437 1993 502 2022 duo
519 1993 613 2022 vait.
632 1992 753 2022 l’etav.
769 2001 819 2030 pr.
843 2000 994 2020 morcmvc
1009 1989 1089 2020 Jun.
1107 1999 1156 2028 pr.
1181 1999 1356 2029 moremque
1379 1990 1459 2020 Vat.
1483 2000 1534 2029 pr.
1560 1995 1596 2021 et

136 2039 216 2065 tert.
233 2034 306 2065 Pal.
327 2035 417 2065 Prie.
437 2035 532 2065 Rott.
550 2034 656 2064 Oisel.
680 2043 849 2072 moremque
875 2033 926 2062 vel
947 2035 1133 2072 patr-umque
1161 2032 1252 2063 Med.
1276 2034 1431 2062 seo—21
1458 2032 1595 2067 Quoesie·

134 2077 195 2106 rim
212 2077 304 2107 Med.
318 2086 383 2107 sec.
401 2078 532 2107 multum
547 2077 599 2106 vel
616 2076 732 2106 vultum
755 2076 881 2106 Petav.
899 2084 968 2105 sec.
991 2074 1106 2104 tabulis
1131 2074 1208 2105 Var.
1239 2075 1304 2105 LL.
1322 2075 1375 2104 ed.
1401 2073 1504 2104 Antv.
1528 2075 1596 2105 lha-

135 2119 229 2149 lamis
245 2128 359 2149 omnes
379 2119 473 2150 Vatt.
489 2119 563 2149 Pal.
589 2120 687 2149 Farn.
706 2118 799 2148 Prie.
818 2118 913 2147 Rott.
931 2117 1039 2147 Oisel.
1064 2116 1144 2148 Jun.
1162 2126 1210 2155 pr.
1229 2117 1323 2147 Leid.
1340 2126 1389 2156 pr.
1407 2116 1472 2147 duo
1486 2117 1596 2148 Oxou.

133 2161 248 2193 tubulis
267 2163 317 2191 vel
332 2162 477 2192 thalamis
504 2162 628 2193 Moret.
657 2170 710 2201 pr.
726 2164 760 2191 ut
777 2164 885 2191 mutua
904 2158 997 2190 Med.
1023 2164 1103 2190 tert.
1134 2159 1229 2189 noxia
1256 2159 1373 2190 Ambr.
1397 2168 1447 2198 pr.
1470 2159 1596 2191 Sebed.

795 2244 939 2276 NOTAE

179 2312 217 2340 17
244 2310 379 2341 Fraudis
395 2310 509 2349 adhuc]
549 2309 710 2340 Nondum
733 2318 838 2349 gnara
892 2317 951 2338 nes
985 2307 1128 2338 Achillis
1172 2305 1345 2337 Thessali:
1384 2305 1472 2337 hunc
1508 2306 1596 2338 enim

134 2358 276 2399 fraudis,
294 2369 361 2400 qua
385 2359 539 2390 Achilles
573 2365 669 2390 veste
695 2359 838 2400 puellari
893 2358 1020 2389 Phthia
1038 2357 1116 2387 urbs
1131 2356 1316 2387 Thessaliae
1336 2359 1515 2393 genuerat.

135 2410 275 2441 indutus
293 2410 439 2450 seipsam
459 2410 610 2449 decepit.
935 2411 976 2438 20
1003 2407 1173 2448 Queritur]
1197 2406 1253 2437 Ob
1270 2405 1393 2435 amoris
1412 2405 1591 2445 impatien-

179 2463 219 2491 18
245 2460 382 2491 Horruit
400 2459 470 2500 Ide]
505 2459 566 2490 ida
589 2469 684 2490 mons
711 2454 838 2499 Trojae,
895 2458 987 2488 tiam.

135 2519 195 2541 seu
212 2510 326 2550 potius
342 2510 414 2550 ipsa
429 2510 529 2550 Troja
546 2511 698 2550 tremuit,
716 2510 838 2541 adven·
937 2510 978 2538 23
1006 2507 1077 2537 Non
1093 2505 1165 2546 ego]
1200 2504 1277 2535 Non
1304 2503 1424 2543 petivi,
1452 2508 1490 2535 ut
1521 2504 1594 2544 pul-

137 2562 175 2590 tu
187 2559 329 2590 Achillis
345 2559 486 2600 pulchre
501 2560 669 2600 capillati.
717 2560 838 2591 Lucia·
895 2557 1138 2588 cheri-imarum
1191 2554 1389 2594 Principum
1429 2554 1596 2594 imagines

137 2617 227 2640 nus:
275 2611 285 2626 ‘
314 2611 424 2643 Quam
469 2610 624 2650 speciosa
662 2610 836 2641 caesaries!
894 2607 998 2647 pictae
1021 2606 1063 2637 ad
1092 2615 1145 2636 me
1175 2605 1415 2642 mitterentur;
1438 2603 1470 2634 id
1504 2603 1594 2645 quod

138 2668 236 2699 quam
253 2659 414 2690 terribilis
426 2660 459 2690 in
477 2659 718 2691 bellatoribus!
738 2669 839 2700 quam
894 2656 1026 2689 faciunt
1042 2656 1154 2697 Reges
1171 2655 1213 2686 ad
1230 2663 1390 2696 pompam
1420 2657 1457 2686 et
1482 2657 1595 2685 osteu-

138 2707 265 2739 decora
280 2709 313 2738 in
327 2709 603 2740 adolescentibus
617 2710 634 2739 l'
658 2711 723 2740 ὅτε.
894 2707 1069 2739 tationem.

183 2759 224 2789 19
249 2757 437 2790 Thessalicos
447 2758 564 2799 crines]
587 2759 762 2792 Peetebat
774 2758 840 2791 cri-
