1852 3193
237 197 321 238 178
738 206 812 236 cr..
844 202 1128 235 GLAnmAM
1163 202 1206 232 v.
1238 212 1242 221 ι

240 303 530 357 Fenatosque
549 302 696 343 levant
715 301 850 342 securi
874 299 1063 340 vulneris
1085 308 1244 337 armos.

239 371 400 412 Diviso
421 376 505 411 stat
526 372 712 424 quisque
732 369 847 407 loeo.
912 363 1148 405 Metuenda
1168 363 1375 416 voluptas

241 439 461 488 Cernenti,
481 439 738 492 pulcherque
761 435 914 484 timor;
947 433 1165 485 spirisque
1189 431 1380 471 remissis

238 505 552 548 Mansuesennt
571 504 679 545 varii
701 507 826 542 vento
848 504 1043 540 cessante
1065 499 1291 538 dracones.
1607 495 1693 537 365

239 573 464 626 Augustus
486 572 728 613 veneranda
750 571 866 623 prior
886 568 1048 608 vexilla
1071 567 1248 607 salutat.

242 640 432 682 Rufinus
452 642 654 694 seqnitur,
678 652 766 691 quo
789 638 936 678 fallere
958 640 1114 676 cuncta
1136 635 1307 674 solebat

241 708 440 749 Callidus
462 708 609 756 affatu,
632 707 875 758 devotaque
897 703 1077 743 brachia
1096 703 1248 742 lauda-t

242 775 432 817 Nomine
453 788 668 830 quemque
690 786 876 815 vocans:
909 777 1122 824 natosque
1142 775 1376 824 patresque
1396 767 1582 810 reversis

240 843 425 885 Nuntiat
443 844 700 884 incolumes.
764 842 848 889 Illi,
867 841 968 880 dum
990 840 1175 892 plurima
1195 839 1297 879 ficto
1612 834 1698 876 370

243 910 451 952 Certatim
472 924 666 950 sermone
685 913 848 962 petunt,
871 907 1102 948 extendere
1123 907 1279 958 longos

234 1028 371 1067 ferrato,
397 1032 427 1058 et
451 1029 588 1057 ridentes
607 1028 743 1065 plagam,
765 1027 911 1056 attollunt
928 1026 1224 1062 humerosferratos.
1275 1024 1489 1064 Unusquisque
1507 1028 1571 1056 stut
1586 1025 1618 1055 z'n
1629 1025 1692 1055 loco

240 1074 400 1111 separato.-
424 1070 585 1099 delectatio
598 1068 850 1105 estsormiduriclu
867 1069 1034 1105 1·identi,et
1049 1068 1329 1105 jucundusmetuffi
1352 1077 1387 1096 uc
1401 1067 1542 1105 flexibus
1566 1068 1696 1106 luxatis,

240 1116 395 1152 serpentes
411 1112 525 1141 diversi
543 1111 715 1146 mitescunt,
739 1111 838 1139 ventis
859 1110 1091 1148 quiescentibus,
1139 1110 1311 1148 Imperator
1335 1109 1452 1148 primus
1473 1111 1588 1140 salutat
1608 1110 1700 1149 signu

240 1155 446 1185 venerabilia:
487 1153 619 1193 Rufinus
642 1152 793 1190 sequitur,
821 1162 880 1191 qno
909 1152 1040 1190 alloquio
1073 1152 1145 1190 ipse
1173 1154 1313 1181 versutus
1337 1155 1534 1181 consueverat
1561 1153 1698 1192 decipere

240 1207 354 1233 omnes,
379 1199 408 1227 et
434 1198 624 1226 commendat
643 1204 749 1224 numus
764 1194 909 1224 militum
924 1204 954 1223 se
970 1194 1193 1229 devoventium,
1211 1194 1368 1233 appellans
1384 1203 1623 1233 unumquemque
1638 1204 1699 1228 suo

241 1239 382 1269 nomine.-
404 1242 495 1278 otque
509 1238 675 1267 annuntiat
699 1236 861 1266 militibus
877 1236 1038 1266 reclucibus
1062 1246 1175 1266 eorum
1200 1240 1306 1276 patres
1334 1240 1362 1266 et
1381 1236 1471 1277 filios
1495 1246 1566 1266 esse
1589 1237 1699 1267 sulcos.

242 1282 296 1312 Illi
310 1281 435 1320 milites,
450 1282 520 1311 ‹Ium
536 1283 664 1320 poscunt
681 1279 823 1309 certatim
836 1279 931 1309 multu
946 1279 1153 1320 vei-bisfictz's,
1169 1280 1335 1317 accingunt
1355 1280 1519 1319 porrigere
1543 1289 1622 1318 pone
1636 1280 1699 1310 cir-

854 1363 1086 1374 eeeeeeeeeeee

243 1420 352 1451 Oisel.
375 1421 477 1450 levant
494 1419 560 1450 dno
576 1419 654 1450 Vat.
681 1420 777 1450 Rott.
794 1419 888 1450 Med.
907 1429 973 1451 sec.
989 1420 1067 1450 Pat.
1085 1419 1163 1449 Vat.
1182 1418 1291 1449 Livin.
1305 1419 1387 1449 Exe.
1405 1418 1547 1448 Lucens.
1564 1426 1633 1448 sec.
1657 1417 1700 1448 le-

241 1466 317 1493 vent
333 1463 386 1494 vel
401 1465 518 1492 moi-ent
539 1463 685 1493 Florent.
699 1462 857 1492 Heinsius
875 1463 1078 1502 ascripserat
1096 1463 1205 1492 locum
1222 1471 1264 1491 ex
1282 1462 1355 1492 Bel.
1379 1461 1460 1491 Get.
1476 1470 1525 1491 vs.
1542 1463 1595 1490 51.
1617 1461 1626 1476 ‘
1645 1459 1703 1490 Se-

243 1515 342 1535 curus
360 1505 431 1545 jam
446 1505 555 1535 Roma
571 1506 664 1535 levat
680 1505 894 1545 tranquillior
908 1504 1027 1536 aree&5
1051 1508 1137 1535 (ntus
1154 1504 1280 1534 Moret.
1294 1514 1346 1544 pr.
1364 1503 1456 1533 Prie.
1469 1513 1514 1533 m.
1531 1512 1582 1542 pr.
1605 1512 1702 1532 annos

241 1548 484 1579 'stiuam-363
510 1547 648 1585 Etjusso
664 1548 742 1577 Par.
758 1549 852 1578 Rott.
870 1552 905 1578 et
924 1549 1009 1578 Exe.
1027 1548 1104 1578 Pat.
1120 1557 1188 1577 ree.
1204 1557 1247 1577 m.
1269 1556 1337 1577 sec.
1362 1546 1475 1576 Vieet.
1494 1546 1605 1576 Parm.
1620 1543 1701 1576 Ald.

242 1590 366 1630 Isingr.
385 1589 494 1620 Colin.
511 1590 600 1619 unde
617 1590 779 1620 Heinsius
798 1590 935 1629 legebat
966 1591 1009 1620 Ut
1031 1591 1129 1627 jzcsw.
1158 1590 1199 1619 Et
1221 1590 1302 1629 jusso
1321 1590 1372 1619 vel
1390 1588 1500 1619 Divisa
1522 1588 1604 1618 Vat.
1620 1591 1700 1618 tert.

242 1631 373 1663 Thuan.
391 1632 541 1663 Florent.
568 1633 678 1662 Divisa
695 1633 747 1663 vel
768 1633 918 1664 Dimenso
935 1633 1015 1663 Vat.
1033 1642 1085 1672 pr.
1110 1632 1220 1663 Dii-iso
1238 1632 1358 1670 reliqui
1376 1630 1448 1661 fere
1465 1640 1592 1661 omnes.
1615 1630 1701 1661 Exe.

243 1675 387 1706 Gevart.
404 1675 547 1706 anens.
564 1684 632 1706 sec.
650 1676 731 1706 vav.
749 1675 818 1707 LL.
835 1676 887 1706 ed.
907 1674 1010 1705 Antv.
1028 1680 1063 1705 et
1079 1675 1203 1705 Sclied.
1232 1674 1322 1705 Gud.
1348 1677 1430 1704 melu
1447 1683 1507 1714 pro
1525 1674 1588 1703 loco
1605 1672 1702 1704 Med.

243 1720 433 1749 tere—364
460 1718 760 1748 Cernenfcli'rholos.
780 1719 861 1749 Lov.
878 1719 977 1749 Farn.
1004 1718 1095 1748 Prie.
1121 1717 1241 1748 Petav.
1269 1726 1318 1756 pr.
1338 1727 1380 1746 m.
1398 1727 1448 1755 pr.
1475 1715 1630 1746 Cernendz'
1649 1715 1703 1745 vel

246 1761 397 1791 Ceruenti
431 1759 498 1790 duo
522 1761 601 1790 Vat.
626 1760 721 1790 Med.
760 1766 869 1800 quart.
914 1761 1040 1791 revulsis
1080 1759 1197 1790 Ambr.
1230 1769 1283 1799 pr.
1319 1759 1429 1789 revisis
1462 1758 1557 1795 Med.
1590 1762 1702 1799 quart.

244 1802 373 1833 revulsis
410 1803 464 1832 vel
505 1803 639 1832 remissis
676 1803 803 1833 Movet.
846 1806 1019 1833 seo—365
1059 1803 1157 1833 leones
1190 1812 1250 1841 pro
1296 1803 1442 1832 ‹Irni-ones
1478 1801 1557 1831 Vat.
1593 1810 1706 1832 sec.—

243 1848 307 1875 366
329 1844 487 1876 Arcadius
517 1854 623 1884 marg.
653 1844 774 1880 Isinar.
810 1845 862 1876 etl.
895 1846 1029 1876 Claver.
1062 1847 1150 1885 prius
1178 1845 1303 1875 Moret.
1337 1845 1514 1874 see—367
1550 1842 1602 1883 qui
1628 1852 1706 1883 qua-

244 1891 323 1917 tuor
360 1887 438 1917 Vat.
474 1887 547 1917 Pal.
586 1888 687 1918 Fax-n.
719 1888 812 1918 Prie.
853 1887 962 1918 Oisel.
995 1898 1050 1928 quo
1083 1888 1161 1917 Vat.
1201 1887 1313 1917 Livin.
1345 1887 1467 1917 Petav.
1501 1895 1569 1916 see.
1599 1895 1642 1915 m.
1675 1895 1702 1916 s.

242 1929 362 1959 Barth.
397 1939 455 1968 quo
477 1929 529 1959 vel
561 1931 614 1969 qui
650 1930 729 1960 Vat.
766 1933 927 1969 lin—369
961 1934 1049 1961 vocat
1078 1930 1157 1960 Vat.
1187 1939 1236 1969 pr.
1273 1933 1340 1959 vet.
1373 1929 1456 1968 Gyr.
1488 1929 1567 1958 Vat.
1595 1926 1704 1959 Livin.

243 1972 329 2002 Exc.
347 1972 490 2002 Lucens.
519 1981 586 2002 see.
607 1975 695 2001 natos
719 1975 883 2012 patresque
908 1973 1035 2003 Moret.
1061 1982 1131 2003 see.
1163 1972 1229 2002 duo
1254 1973 1333 2002 Vnt.
1358 1974 1503 2010 natosque
1527 1971 1611 2000 Exc.
1641 1970 1706 2000 Lu-

243 2023 336 2044 cens.
365 2023 432 2044 sec.
466 2017 608 2053 notosque
630 2015 708 2046 Vat.
738 2019 817 2045 tert.
850 2025 893 2045 m.
923 2025 974 2055 pr.
1008 2016 1159 2046 Florent.
1185 2013 1264 2045 Ald.
1287 2014 1341 2044 ed.
1379 2014 1494 2043 Parui.
1523 2017 1558 2043 et
1587 2012 1704 2044 Vicet-

243 2059 409 2096 natumque
428 2059 609 2096 putremque
634 2056 708 2086 Pal.
737 2057 833 2087 Med.
859 2067 910 2097 pr.
935 2067 1074 2088 reversus
1088 2057 1321 2088 Thuan.-371
1348 2057 1513 2087 attendere
1529 2058 1598 2086 vet.
1617 2054 1705 2094 Gyr.

244 2099 330 2129 Exc.
356 2099 503 2130 Lucens.
532 2107 599 2130 sec.
623 2098 782 2130 intendere
809 2099 927 2131 decem
956 2100 1023 2132 alii.
1047 2101 1136 2140 longo
1163 2100 1244 2131 Vat.
1269 2103 1348 2130 tert.
1374 2099 1441 2129 duo
1464 2098 1559 2130 Med.
1584 2097 1705 2129 Petav.

910 2185 1049 2216 NOTAE

241 2244 389 2285 scilicet,
417 2248 453 2276 et
474 2248 654 2276 contextus
672 2254 714 2276 ex
730 2245 863 2277 laminis
881 2245 947 2277 fer-
1045 2252 1108 2280 369
1133 2249 1266 2280 Nomine
1280 2258 1425 2289 quemque
1440 2247 1566 2288 vocans]
1605 2247 1703 2278 More

245 2296 326 2326 reis.
1004 2308 1206 2329 summorum
1224 2299 1497 2338 Imperatorum:
1516 2298 1563 2328 sic
1580 2298 1706 2339 Cyrus,

286 2349 348 2377 363
374 2347 543 2377 Metuenda
559 2346 716 2387 voluptas]
740 2347 854 2377 Dulce
872 2351 947 2378 erat
1004 2349 1051 2379 sic
1070 2348 1267 2379 Alexander
1291 2354 1326 2380 et
1353 2349 1409 2378 alii
1427 2358 1501 2379 sese
1526 2347 1703 2389 gerebant,

244 2396 293 2427 sic
312 2396 429 2427 videre
459 2400 495 2427 et
521 2397 647 2427 milites
664 2400 698 2426 et
724 2405 829 2437 equos
856 2401 947 2427 cata-
1004 2398 1045 2429 ad
1060 2400 1183 2430 milites
1200 2399 1262 2429 sibi
1277 2399 1519 2431 conciliandos.
1615 2398 1623 2405 ‘

242 2446 417 2487 phractos‚
445 2456 504 2476 seu
528 2446 660 2476 laminis
676 2445 795 2476 ferreis
822 2451 947 2485 tectos,
1045 2451 1101 2478 371
1134 2450 1309 2479 Emtendere
1324 2448 1557 2489 longosflexus]
1574 2437 1705 2479 Milites

243 2495 301 2526 sed
319 2500 354 2525 et
372 2495 469 2525 simul
486 2495 600 2526 nescio
615 2496 696 2536 quid
712 2496 743 2526 in
768 2495 826 2526 illo
844 2506 947 2536 appa·
1004 2507 1181 2539 coeperunt
1199 2501 1300 2539 longo
1325 2498 1415 2530 flexu
1444 2509 1516 2529 sese
1535 2508 1566 2529 in
1584 2498 1703 2529 orbem

244 2550 324 2578 ratu
340 2545 590 2577 formidandum
607 2546 807 2586 apparebat.
970 2563 973 2567 ·
1004 2558 1158 2587 curvare,
1188 2558 1334 2589 moxque
1363 2550 1431 2578 alas
1455 2549 1645 2587 explicatas
1670 2547 1705 2578 in

287 2601 348 2629 365
373 2598 548 2638 Dracones]
571 2598 611 2629 In
628 2598 761 2628 vexillis
778 2597 873 2638 picti.
1003 2609 1105 2629 unuin
1122 2600 1340 2639 conjungere,
1364 2609 1402 2630 ac
1419 2599 1467 2630 sic
1483 2597 1642 2629 Rufinum
1660 2597 1705 2628 de

288 2651 351 2679 366
387 2648 566 2689 Augustus]
614 2648 810 2688 Imperator
841 2647 948 2678 Arca·
1004 2655 1155 2690 sceptro,
1171 2659 1238 2680 non
1256 2649 1298 2680 de
1315 2649 1467 2690 periculo
1483 2647 1704 2690 cogitantem,

245 2698 320 2730 dius
337 2699 463 2731 salutat
480 2699 627 2740 vexilla3
652 2697 778 2731 deinde
806 2697 949 2730 Rufinus
1004 2699 1264 2731 circumvenire.

246 2747 337 2781 idem
355 2748 451 2782 facit.
