1857 3177
528 235 589 263 DE
623 234 800 264 MALLn
834 234 1015 267 THEOD.
1048 237 1184 268 CONS.

1492 230 1576 270 421

124 326 372 358 Venationum:
396 327 552 359 hortatur
568 328 610 359 ad
627 329 737 368 Risus,
755 330 921 370 Facetias,
937 331 1158 370 Comoediam,
1171 331 1397 374 Tragoediam,
1415 338 1450 364 et
1465 335 1577 366 omnia

123 385 284 411 cantuum
300 380 497 423 laetitiaeque
514 391 648 423 genera.

123 437 240 464 tantur
256 438 410 474 nepotes.

704 384 760 415 Sic
777 384 899 416 colitur
915 385 1036 418 doctus
1052 386 1264 430 Theodorus,
1289 387 1342 420 cui
1368 387 1492 418 similes
1518 397 1577 428 op-

122 639 246 697 IPSA
269 656 446 709 quidem
468 657 604 699 virtus
625 659 811 711 pretium
831 658 932 707 sibi,
954 660 1135 713 solaque
1158 662 1244 703 late

122 721 327 765 Fortunae
349 737 506 765 secura
526 725 660 766 nitet:
692 738 771 766 nec
791 725 989 766 fascibus
1011 726 1109 766 ullis

119 789 324 843 Erigitur,
346 792 558 844 plausuve
580 792 689 843 petit
710 792 947 832 clarescere
968 793 1090 846 vulgi
1109 810 1119 836 z

119 857 198 898 Nil
218 858 317 910 opis
338 861 528 897 externae
552 858 752 910 cupiens,
768 859 829 898 nil
850 859 999 912 indiga
1019 859 1179 910 laudis,

119 923 302 965 Divitiis
324 925 524 965 animosa
543 925 650 973 suis,
668 925 939 978 immotaque
961 928 1133 967 cunctis

1547 931 1574 969 0'!

118 988 326 1040 Casibus,
345 1003 402 1031 ex
424 991 512 1031 alta
531 991 733 1031 mortalia
752 991 941 1044 despicit
962 1005 1075 1033 arce.

117 1055 323 1099 Attamen
344 1058 527 1098 invitam
547 1057 704 1098 blande
724 1058 930 1110 vestigat,
954 1064 999 1099 et
1019 1060 1136 1100 ultro

115 1123 270 1167 Ambit
292 1124 467 1165 Honos.

532 1125 700 1166 Docuit
716 1126 847 1166 toties
870 1138 897 1166 a
916 1139 1012 1167 rure
1032 1127 1254 1181 profectus

162 1233 270 1264 Virtus
293 1237 374 1264 certe
396 1234 464 1273 ipsa
489 1243 601 1264 merces
615 1240 666 1265 est
684 1234 755 1275 sibi,
770 1238 799 1266 et
826 1245 886 1265 una
910 1235 1002 1266 micat
1026 1236 1153 1275 passim,
1177 1247 1236 1267 non
1260 1246 1370 1267 curans
1386 1237 1549 1275 fortunam
1563 1250 1574 1270 .-

114 1285 208 1316 neque
233 1276 390 1307 attollitur
415 1277 484 1306 ullis
506 1276 680 1314 honoribus,
704 1281 756 1307 aut
779 1279 876 1316 poscit
902 1278 1048 1308 celebrari
1074 1279 1293 1309 acclamatione
1314 1281 1476 1319 populari:
1512 1291 1573 1311 non

112 1319 205 1349 avida
219 1322 466 1349 ornamentorum
479 1319 660 1358 alienorum,
683 1320 819 1358 gloriosa
834 1321 1023 1351 ornamentis
1043 1321 1193 1360 propriis,
1213 1324 1242 1351 et
1267 1322 1443 1352 inconcussa
1458 1324 1572 1353 eventi-

113 1360 168 1391 bus
183 1360 334 1399 omnibus,
348 1362 501 1401 despectat
520 1371 572 1392 res
589 1363 719 1393 caducas
733 1372 772 1392 ex
788 1366 874 1393 tur-re
888 1364 1016 1393 excelsa.

1064 1363 1171 1394 Honos
1193 1366 1295 1393 tamen
1319 1365 1430 1403 quoerit
1460 1365 1572 1395 leniter

114 1402 200 1435 banc
214 1402 429 1444 refugientem,
443 1408 473 1434 et
488 1407 594 1445 sponte
608 1405 684 1436 huic
700 1404 857 1436 blanditur
869 1417 880 1438 .-
912 1406 1003 1436 Iictor
1017 1406 1109 1437 toties
1124 1406 1246 1437 veniens
1258 1416 1298 1437 ex
1312 1407 1399 1447 agris
1414 1406 1449 1437 id
1462 1406 1572 1448 proba-

721 1501 836 1512 eeeeee

840 1499 955 1512 eeeeee

157 1565 172 1593 1
208 1563 263 1594 De
288 1564 390 1595 variis
415 1565 693 1606 Philosophorum
718 1565 936 1606 opinionibus
963 1565 1031 1596 vid.
1057 1566 1245 1597 Minucium
1271 1566 1431 1603 Felicem,
1455 1565 1571 1606 ibique

112 1606 423 1646 Commentatores,
445 1613 479 1638 et
505 1608 670 1649 imprimis
685 1608 1048 1639 Elmeuliorstium.—2
1071 1609 1150 1639 ciret
1166 1609 1317 1648 florent.
1344 1608 1483 1645 fastibus
1506 1607 1573 1638 duo

113 1647 231 1679 Leidd.
244 1658 320 1679 cum
338 1649 459 1689 viginti
476 1651 558 1681 aliis.
582 1651 668 1681 Exc.
686 1651 829 1682 Gevart.
843 1650 974 1680 Schott.
986 1655 1021 1681 et
1034 1650 1374 1681 Cod.Rlicm.Scl1ed.
1386 1650 1478 1682 Gud.
1492 1649 1573 1680 item

111 1690 218 1722 Gesn.
236 1695 272 1721 et
287 1691 341 1721 ed.
359 1692 498 1731 Bipont.
535 1692 676 1730 fascibus
698 1697 767 1723 tres
791 1693 886 1722 Vatt.
913 1692 986 1722 Pal.
1003 1692 1070 1723 duo
1086 1693 1208 1723 Petav.
1225 1693 1357 1723 Tholos.
1373 1693 1501 1723 Moret.
1519 1702 1570 1732 pr.

103 1733 243 1772 fastibus
267 1733 321 1764 vel
337 1733 478 1770 fascibus
500 1735 719 1765 Florem—3
742 1735 890 1774 plausuve
905 1734 1006 1766 Fan-n.

1047 1736 1214 1776 plausuque
1227 1735 1307 1766 Vat.
1325 1745 1375 1775 pr.
1393 1736 1476 1776 Reg.
1492 1736 1571 1766 vat.

110 1777 223 1807 Livin.
247 1779 343 1806 tumet
359 1776 451 1807 Pric.
483 1778 552 1816 tagi
569 1786 630 1816 pro
644 1777 731 1815 vulgi
747 1776 822 1807 Pal.
837 1777 893 1807 lib.
909 1777 1093 1808 Banu—4
1116 1778 1267 1807 hesternas
1282 1778 1347 1808 duo
1363 1778 1458 1809 Vatt.
1476 1778 1570 1808 Leid.

110 1819 191 1850 exile
206 1819 288 1849 Var.
306 1819 373 1849 LL.
395 1819 450 1849 ed.
469 1819 573 1849 Antv.
607 1818 685 1848 nihil
700 1818 794 1849 Med.
812 1822 892 1849 tert.
918 1828 976 1848 non
991 1818 1147 1849 Pric.-5
1172 1820 1348 1858 inmotaque
1362 1828 1482 1859 semper
1498 1820 1571 1850 Mo-

109 1867 175 1892 ret.
191 1870 259 1891 sec.
304 1862 483 1900 inmotaque
497 1860 603 1890 mundi
619 1859 738 1890 Ambr.
755 1863 874 1899 [ηπ-6
898 1860 1041 1890 cassibus
1063 1860 1141 1890 Pat.
1191 1861 1321 1890 Casibus
1345 1861 1398 1891 vel
1425 1862 1569 1892 Cassibus

109 1903 208 1934 Med.
236 1906 379 1934 tert.—-7
405 1903 498 1933 Hanc
513 1906 616 1933 tamen
632 1902 733 1933 Farn.
762 1902 846 1933 Exc.
864 1902 1006 1932 Lucens.
1025 1911 1076 1942 pr.
1101 1902 1155 1933 ed.
1183 1902 1293 1933 Vicet.
1319 1903 1399 1934 Var.
1417 1903 1484 1933 LL.
1511 1903 1567 1933 ed.

110 1945 215 1977 Antv.
262 1945 306 1975 Et
321 1948 424 1975 tamen
440 1945 521 1976 Vat.
537 1954 588 1985 pr.
632 1944 677 1976 At
693 1947 795 1974 tamen
810 1944 890 1975 Vat.
914 1953 983 1975 sec.
999 1943 1080 1975 Jun.
1109 1954 1159 1984 pr.
1175 1944 1253 1975 -duo
1278 1943 1399 1975 Lcidd.
1425 1945 1567 1976 totidem

111 1988 225 2019 Oxou.
251 1987 344 2018 Hanc
357 1991 459 2018 tamen
474 1987 525 2018 vel
540 1988 585 2018 At
597 1990 699 2018 tamen
715 1986 808 2017 Pric.
823 1986 947 2017 Petav.
967 1990 1048 2017 tert.
1064 1987 1144 2017 Vat.
1162 1991 1274 2027 quart.
1296 1986 1328 2017 in
1341 1986 1438 2017 citam
1453 1987 1568 2018 divisis

110 2030 250 2062 vocibus
274 2031 372 2062 Junt.
395 2029 476 2060 ΑΜ.
521 2030 650 2060 incitam
667 2030 719 2059 vel
736 2030 890 2060 inventam
910 2028 1026 2059 Ambr.
1053 2032 1170 2068 pr.—-—S
1193 2030 1286 2059 honos
1303 2029 1430 2061 Mazar.
1473 2029 1568 2060 honor

110 2073 229 2104 decem
246 2073 315 2104 alii.
351 2073 455 2103 docuit
472 2072 526 2102 ed.
544 2071 657 2103 Parm.
674 2072 732 2102 sed
757 2071 790 2102 iu
815 2081 855 2102 ea
882 2072 983 2102 decuit
1000 2071 1214 2102 emendatum
1232 2076 1306 2102 erat
1322 2081 1421 2103 manu
1435 2071 1569 2103 diversa

108 2116 150 2147 ab
167 2116 236 2155 illa,
259 2125 325 2156 qua
348 2121 474 2146 ceterae
493 2115 605 2145 Variae
623 2114 802 2145 Lectiones
819 2119 945 2145 notatae
963 2119 1070 2144 erant.
1114 2114 1162 2144 Ut
1186 2114 1351 2145 incertum
1368 2115 1424 2153 sit,
1437 2124 1478 2145 an
1494 2115 1568 2145 haec

110 2168 153 2189 ex
168 2159 248 2190 Vet.
266 2158 350 2189 Cod.
367 2159 412 2189 sit
428 2158 607 2198 depromta
624 2157 737 2188 lectio.
771 2157 843 2187 haec
862 2156 1024 2187 Heinsius
1042 2156 1083 2187 ad
1101 2156 1210 2196 Lugd.
1227 2156 1281 2187 ed.
1299 2159 1393 2196 1551,

1416 2157 1473 2198 qui
1498 2157 1568 2187 vul-

111 2206 226 2242 gatam
244 2206 357 2232 tamen
374 2210 440 2232 non
457 2200 623 2232 mutabat.
664 2199 782 2240 quoties
799 2199 892 2230 Med.
910 2203 992 2230 tert.
1034 2209 1052 2229 a
1067 2208 1138 2230 rure
1154 2199 1284 2230 Bonon.
1301 2198 1436 2231 Tholos.
1451 2198 1569 2231 Ambr.

768 2296 909 2339 NOTAE

153 2377 169 2406 1
200 2373 321 2414 Virtus]
358 2374 367 2391 ‘
384 2374 559 2405 Virtutum
576 2373 723 2405 omnium
736 2382 811 2414 pre-

110 2426 193 2457 tium
210 2426 242 2456 in
258 2426 339 2466 ipsis
356 2425 432 2457 est.’
455 2426 597 2457 Seneca.

151 2478 172 2507 2
196 2476 360 2517 Fascibus]
393 2475 504 2507 Nullis
519 2475 694 2507 extollitur
709 2474 812 2506 hono-

108 2525 211 2566 ribus,
227 2535 368 2567 qnorum
385 2526 532 2566 insignia
546 2530 625 2556 sunt
640 2524 761 2556 fasces.

150 2580 169 2606 5
192 2576 358 2618 Animosa]
384 2577 500 2615 Freta,
516 2576 638 2615 audax,
653 2576 811 2616 gloriosa.

107 2624 164 2656 Sic
187 2625 239 2655 vir
259 2630 432 2665 constans,
453 2626 462 2642 ‘
479 2635 540 2656 sua
555 2635 591 2657 se
615 2626 742 2657 virtute
766 2625 813 2656 in-

108 2673 237 2706 volvit!
260 2675 394 2707 Cicero.

152 2727 172 2755 6
197 2725 349 2765 Exarce]
394 2725 514 2756 Virtus
529 2735 633 2766 supra
655 2735 708 2758 res
728 2736 812 2757 mor·

109 2774 196 2806 tales
226 2774 426 2813 constituta,
453 2775 547 2806 velut
573 2784 618 2806 ex
646 2784 725 2807 arce
754 2775 811 2807 de-

865 2374 1001 2412 spectat
1025 2370 1184 2411 peritura.
1229 2370 1310 2410 Ipsa
1330 2368 1393 2401 sibi
1419 2379 1480 2401 arx
1501 2375 1567 2407 est,

866 2423 940 2463 ipsa
964 2421 1029 2453 sibi
1053 2421 1154 2452 turris
1180 2421 1473 2461 inexpugnabilis:
1510 2431 1567 2452 ve-

866 2478 958 2504 teres
973 2472 1159 2513 Sapientiae
1176 2480 1289 2503 arcem
1305 2472 1567 2509 constituerunt,

866 2533 942 2565 quae
970 2523 1051 2553 nihil
1075 2521 1164 2552 aliud
1191 2527 1257 2561 est,
1274 2531 1374 2564 quam
1402 2522 1566 2554 securitas

867 2580 903 2605 et
927 2573 1133 2612 constantia,
1149 2571 1269 2614 quibus
1295 2573 1459 2604 munitum
1487 2582 1567 2612 pec·

867 2629 921 2656 tus
950 2624 1062 2655 omnia
1090 2623 1246 2664 despicit,
1275 2627 1434 2665 tanquam
1468 2632 1565 2654 mons

867 2675 1048 2716 Olympus.

909 2730 929 2758 8
952 2725 1059 2758 Ambit
1073 2724 1177 2765 honos]
1210 2725 1330 2757 Honor
1345 2730 1380 2757 et
1394 2724 1500 2766 gloria
1515 2734 1565 2756 se·

865 2781 1016 2818 quantur
1031 2775 1213 2817 fugientes.
