1857 3177
363 241 424 270 un
457 240 602 270 NUPT.
637 238 820 268 nosen.
857 237 914 266 m*
950 237 1071 266 MAR.
1109 236 1328 266 PRAEFAT.
1488 224 1575 266 305

117 337 231 379 Tum
253 336 465 383 Phoebus,
488 348 576 388 quo
598 348 709 374 saxa
726 334 889 382 domat,
923 346 1009 387 quo
1031 332 1242 387 pertrahit
1258 344 1401 381 ornos,

176 404 359 444 Pectine
381 403 566 442 tentavit
587 401 798 441 nobiliore
821 400 975 452 lyram.

118 470 445 522 Venturumque
463 469 598 508 sacris
621 467 780 506 fidibus
796 466 891 518 jam
911 465 1096 518 spondet
1118 464 1335 505 Achillem
1354 478 1366 505 2

174 537 279 578 Jam
302 536 518 590 Phrygias
539 535 702 584 caedes,
728 535 821 587 jam
842 533 1063 573 Simoenta
1085 534 1213 573 cauit.

120 603 349 645 Frondoso
370 603 557 655 strepuit
573 603 680 642 felix
705 601 976 654 Hymenaeus
994 600 1185 653 Olympo
1205 616 1214 640 ε

178 671 394 724 Reginam
417 673 620 710 resonant
641 667 804 720 Othrys
821 670 863 706 et
885 664 1004 706 Ossa
1024 666 1195 707 Thetin.

1519 531 1576 572 20

121 821 174 843 nes
188 811 352 851 perfectus.
402 811 487 842 Tunc
505 810 615 849 Apollo
636 810 760 849 impulit
785 808 938 838 citharam
962 807 1078 847 plectro
1103 806 1268 846 firmiore,
1295 817 1352 846 quo
1367 806 1467 837 mollit
1480 815 1583 845 rupes,

121 865 178 894 quo
194 854 292 884 trahit
316 853 440 883 arbores
449 863 459 888 ;
483 856 513 883 et
521 853 603 890 J'am,
619 852 705 892 Lyra
720 854 855 888 sacrata,
875 850 1034 890 promittit
1050 849 1201 879 Achillem
1214 850 1406 880 nasciturum
1422 857 1505 886 esse,
1512 849 1582 886 jam

117 896 263 936 proedt'cit
276 896 376 926 clades
395 895 551 932 ijanas,
569 895 639 932 jam
654 893 853 924 Sinzoe'ntem.
902 893 1025 932 Hymen
1035 892 1219 929 fortunatus
1229 891 1386 931 personuit
1398 901 1458 931 per
1476 891 1583 931 Olym—

117 948 192 979 pum
200 937 416 975 frondentem:
443 937 562 976 Othrys
577 940 607 966 et
623 937 701 966 Ossa
716 938 858 975 repetunt
875 944 997 965 nomen
1016 935 1145 973 Reginoe
1162 934 1314 965 Thetidis.

123 1116 214 1139 cens.
233 1116 288 1148 pr.
302 1105 386 1136 Var.
401 1105 468 1136 LL.
499 1103 554 1133 cd.
580 1102 685 1134 Antv.
708 1108 835 1134 rcnatus
863 1103 939 1133 edd.
956 1103 1068 1133 Vicet.
1085 1101 1189 1132 Gesn.
1207 1101 1346 1140 Bipont.
1370 1104 1493 1131 renatos
1517 1100 1582 1131 duo

121 1151 217 1182 Vatt.
236 1148 329 1180 Med.
348 1152 426 1178 tert.
441 1146 575 1176 'tholos
592 1146 718 1176 Mazar.
743 1146 823 1176 item
843 1151 912 1176 tres
943 1146 1061 1175 Petav.
1083 1147 1214 1174 remotos
1240 1144 1371 1174 Bonon.
1392 1152 1434 1173 m.
1463 1151 1512 1182 pr.
1535 1152 1584 1173 re-

121 1194 214 1223 ducto
233 1191 351 1222 Ambr.
375 1200 425 1230 pr.
455 1191 560 1218 renato
577 1188 629 1217 vel
646 1191 771 1218 renatus
787 1189 839 1218 vel
861 1191 982 1218 rcnatos
1008 1186 1093 1226 Reg.
1124 1187 1235 1216 Oxou.
1260 1187 1396 1225 pin—16
1419 1185 1585 1215 exhaustos

124 1236 274 1266 Florent.
290 1234 369 1263 Yar.
391 1232 455 1262 LL.
474 1240 491 1260 e
509 1239 615 1269 marg.
634 1231 745 1261 Parni.
769 1236 805 1261 et
833 1230 885 1260 ed.
913 1230 1016 1260 Antv.
1040 1233 1122 1258 toros
1148 1229 1231 1258 Exc.
1246 1228 1471 1257 Gevart.—l‘l
1500 1227 1585 1257 Tune

122 1278 258 1308 Phoehus
271 1277 349 1306 Vat.
367 1275 474 1314 quint.
492 1273 584 1302 Pric.
603 1273 696 1303 Rott.
714 1273 865 1303 Florent.
881 1272 1020 1302 Tliolos.
1036 1272 1157 1301 Petav.
1186 1280 1236 1310 pr.
1264 1270 1330 1299 duo
1359 1270 1483 1299 Moret.
1512 1273 1582 1298 tres

124 1319 218 1350 Med.
244 1320 321 1349 Cum
341 1317 472 1347 Plnoebus
490 1314 606 1344 Arubr.
626 1325 675 1354 pr.
690 1316 772 1345 Exc.
789 1314 933 1344 Gevart.
957 1313 1044 1343 Sasu
1070 1316 1170 1342 motet
1198 1312 1291 1341 Med.
1322 1316 1399 1341 tert.
1428 1310 1585 1349 protralnt

124 1362 202 1393 Vat.
219 1370 287 1391 sec.
303 1360 402 1389 Farn.
423 1359 572 1388 Florent.
589 1357 668 1388 Jun.
685 1367 734 1396 pr.
752 1355 868 1386 Ambr.
885 1365 935 1394 pr.
960 1361 994 1385 et
1012 1355 1136 1384 Mox-et.
1154 1354 1236 1384 Cod.
1254 1353 1381 1389 Ursini,
1401 1352 1481 1381 item
1499 1352 1581 1382 Exc.

124 1405 265 1435 Luceus.
283 1411 351 1432 sec.
368 1400 527 1441 apposito
556 1402 592 1436 -l-
619 1399 728 1439 signo,
745 1403 783 1428 ut
800 1396 1022 1437 significetur,
1037 1406 1167 1426 erasani
1185 1396 1237 1425 vel
1255 1395 1491 1434 interpolatam
1509 1403 1583 1423 csse

124 1451 274 1477 veterem
294 1444 488 1474 lectionem.
511 1443 596 1473 alnos
613 1442 728 1472 Ambr.
758 1451 807 1481 pr.
830 1442 915 1471 alnos
940 1440 994 1470 vel
1020 1448 1110 1469 ornos
1134 1437 1226 1468 Med.
1252 1439 1405 1467 see—18
1428 1435 1585 1466 mobiliore

124 1489 341 1520 Mamm—19
362 1486 471 1526 pandit
487 1485 653 1516 Pan—20
677 1485 761 1515 scdes
782 1484 859 1514 Put.
879 1482 973 1513 Med.
997 1485 1108 1522 quart.
1132 1481 1216 1511 Exc.
1232 1480 1330 1510 Voss.
1353 1480 1438 1509 sedes
1459 1478 1510 1508 vel
1527 1488 1585 1507 ca>-

123 1533 175 1562 ‹Ies
192 1529 286 1561 Med.
304 1539 353 1569 pr.
368 1528 530 1559 Simoonla
548 1529 632 1567 Reg.
650 1527 716 1557 (luo
735 1527 855 1556 l’etav.
873 1525 971 1555 ambo
991 1524 1115 1554 Moret.
1133 1524 1214 1554 Exc.
1231 1522 1372 1553 Ges-art.
1387 1521 1484 1551 Voss.
1501 1519 1585 1551 Cod.

124 1575 284 1605 Simeonta
297 1572 376 1602 Var.
395 1571 459 1602 LL.
475 1570 527 1602 ed.
546 1570 732 1601 Anum—21
758 1569 859 1608 tepuit
877 1568 982 1598 Oisel.
999 1567 1077 1597 Pur.
1101 1566 1176 1596 Pat.
1194 1566 1345 1595 Florent.
1363 1564 1443 1594 Lov.
1460 1563 1579 1593 Petav.

125 1625 193 1647 sec.
208 1625 250 1646 m.
268 1624 334 1645 sec.
352 1615 433 1644 Var.
453 1614 519 1644 LL.
537 1614 589 1643 ed.
610 1612 712 1643 Antv.
736 1611 869 1650 strepuit
896 1610 948 1639 vel
973 1609 1091 1648 crepuit
1119 1607 1277 1638 Ambros.
1305 1611 1381 1636 tert.
1405 1606 1484 1636 item
1501 1604 1587 1635 cod.

125 1658 239 1698 Epigr.
257 1657 376 1687 Ambr.
389 1657 471 1686 Exc.
490 1656 632 1686 Gevart.
656 1654 787 1693 strepuit
808 1654 860 1683 vel
877 1652 994 1691 crepuit
1015 1652 1095 1682 Exc.
1114 1651 1190 1681 Par.
1215 1651 1246 1680 ιἰι
1262 1653 1352 1680 antro
1370 1658 1431 1688 pro
1451 1648 1582 1686 Olympo

126 1702 204 1732 Put.
232 1700 398 1730 Pan—22
422 1702 544 1728 resonat
573 1697 668 1728 Med.
693 1701 769 1726 tert.
800 1705 944 1725 resonans
976 1693 1094 1724 Ambr.
1122 1698 1198 1723 tert.
1223 1701 1342 1723 resones
1366 1692 1448 1727 ch.
1474 1689 1586 1720 'Thetin

127 1743 229 1774 Oisel.
245 1742 326 1772 eod.
344 1740 474 1780 Ursini,
497 1740 575 1771 Ald.
603 1740 727 1771 Tlntim
756 1738 848 1768 Vatt⁴
872 1742 1032 1778 quatuor,
1056 1736 1129 1767 Pal.
1159 1736 1255 1766 Fam.
1280 1735 1368 1767 Prie.
1396 1733 1508 1765 Thetin
1532 1731 1585 1762 vel

127 1786 249 1817 Thetim
264 1784 391 1816 Moret.
407 1792 474 1814 sec.

791 1873 929 1905 NOTAE

126 1966 316 1999 quanquam
333 1960 446 1986 tamen
474 1951 689 1984 hebdomada
704 1950 758 1981 hic
775 1959 831 1980 an-

128 2016 245 2037 norum
276 2011 328 2035 est
350 2014 418 2035 non
445 2004 590 2040 dierum,
619 2006 655 2031 ut
681 2005 715 2030 et
743 1998 831 2038 apud

128 2056 339 2087 Ausonium:
373 2056 382 2071 ‘
403 2053 566 2085 Claudius
595 2049 831 2081 hebdomaden

129 2108 298 2149 duplicem
313 2104 442 2137 trahit!
486 2103 586 2134 Unde
617 2111 682 2131 non
709 2101 831 2130 mirum

128 2164 182 2190 est
203 2158 292 2188 hunc
309 2156 398 2187 diem
426 2153 592 2193 usurpari,
607 2156 641 2182 et
660 2151 831 2191 praecipue

129 2217 206 2240 cum
223 2211 346 2247 agatur
363 2205 404 2236 de
422 2204 529 2234 Peleo
547 2206 582 2233 et
596 2200 755 2239 Thetide,
773 2209 832 2230 nu-

135 2258 179 2289 de
196 2257 388 2289 nasciturus
413 2254 562 2286 Achilles
591 2257 689 2293 patre
713 2250 832 2290 major.

130 2308 235 2339 Forte
251 2311 285 2337 et
302 2304 497 2346 conjugium
520 2312 582 2344 per
604 2311 663 2333 sex
692 2301 764 2332 dies
781 2308 836 2336 ces

130 2359 312 2397 lebratum,
338 2361 374 2387 et
390 2356 444 2386 die
461 2354 606 2394 septimo
623 2359 834 2383 consumma-

131 2413 215 2440 tum.
261 2406 302 2438 Id
320 2405 410 2447 quod
435 2403 616 2443 conjicitur
648 2411 691 2431 ex
720 2399 833 2431 verbis

131 2456 367 2500 sequentibus,
406 2455 415 2472 ‘
445 2452 620 2484 Frondoso
661 2449 834 2490 strepuit,’

131 2511 197 2541 &c.
242 2508 330 2540 Haec
344 2505 554 2547 perbenigne
582 2502 660 2533 mihi
676 2501 835 2542 suppedi-

132 2559 220 2591 tavit
271 2556 500 2589 nobilissimus
553 2552 833 2593 doctissimusque

135 2607 301 2646 Huetius;
326 2607 367 2638 ad
388 2615 500 2647 quem,
518 2604 546 2634 si
563 2603 637 2644 quis
650 2603 683 2634 in
702 2602 835 2634 Claudi-

136 2666 200 2688 ano
213 2663 329 2688 nostro
345 2657 437 2688 locus
451 2659 502 2686 est
517 2653 680 2693 difficilis,
708 2658 765 2684 ant
788 2653 835 2682 in-

137 2706 346 2747 terpretibus
367 2706 528 2744 intactus,
553 2705 649 2736 velut
673 2704 715 2734 ad
741 2703 834 2734 inex-

222 2759 341 2800 Delplz.
355 2761 384 2789 et
404 2758 479 2790 Vor.
494 2758 578 2790 Clas.

886 1949 1039 1978 haustum
1071 1944 1272 1977 eruditionis
1299 1948 1335 1974 et
1368 1940 1586 1973 humanitatis

886 1997 1028 2034 fontem,
1040 1994 1227 2035 confugere
1245 1994 1350 2024 soleo.

930 2050 970 2077 16
986 2046 1160 2086 Hesperus]
1174 2045 1241 2075 Seu
1259 2044 1408 2083 Vesper,
1419 2045 1471 2072 est
1487 2039 1588 2073 stella

886 2097 1045 2135 serotina,
1067 2105 1141 2136 quae
1158 2093 1333 2124 matutinis
1349 2092 1438 2122 horis
1462 2090 1588 2121 dicitnr

887 2148 1023 2180 Lucifer
1035 2154 1068 2178 et
1088 2146 1319 2186 Phosphorus.

931 2202 969 2230 17
996 2197 1115 2237 Ornos]
1139 2195 1319 2229 Quaslibet
1331 2192 1487 2224 arbores:
1512 2200 1588 2232 spe-

887 2247 956 2279 cies
973 2257 1034 2288 pro
1049 2255 1185 2286 genere.

933 2300 972 2328 18
997 2294 1172 2335 Nobiliore]
1198 2293 1321 2335 Apollo
1338 2292 1429 2324 canit
1444 2290 1589 2322 nobilius

889 2347 1105 2387 diviniusque
1121 2355 1220 2386 quam
1235 2342 1474 2382 Terpsichore.

932 2399 973 2429 19
997 2396 1133 2437 Spondet
1158 2391 1327 2431 Achillem]
1364 2389 1487 2430 Apollo
1510 2387 1587 2420 fati-

889 2448 983 2481 dicus
997 2446 1156 2489 praecinit
1168 2444 1373 2476 nasciturum
1387 2450 1461 2472 esse
1474 2439 1588 2472 Achil-

890 2500 968 2538 lem,
994 2508 1038 2529 ex
1061 2496 1126 2527 hoc
1143 2493 1239 2526 Pelei
1257 2499 1291 2523 et
1306 2490 1461 2522 Thetidis
1477 2490 1589 2530 conju·

891 2549 968 2589 gio:
993 2548 1171 2587 ipsumque
1196 2543 1366 2573 editurum
1389 2549 1461 2571 esse
1477 2539 1590 2579 TroJa-

890 2608 1007 2631 norum
1033 2595 1146 2628 caedes
1171 2593 1211 2624 ad
1228 2591 1365 2623 fluvium
1380 2588 1588 2620 Simoentem

890 2651 924 2681 in
938 2647 1082 2680 Troade.

932 2702 973 2731 21
1022 2697 1178 2730 Frondoso
1212 2692 1358 2733 Olympo]
1421 2689 1590 2729 Olympus

815 2754 926 2784 Claud.
1474 2741 1502 2772 U
