1857 3177
640 200 687 230 lN
725 199 956 229 RUFINUM
993 199 1089 229 LlB.
1123 201 1154 229 l.

163 294 363 343 AEthera,
384 307 464 335 nec
487 295 562 335 vili
585 295 771 334 moriens
795 292 1005 334 condetur
1025 305 1172 333 arena.

164 360 356 414 Jamque
377 362 512 402 aderit
533 362 636 401 laeto
659 362 901 414 promissus
926 361 1153 401 Honorius
1175 373 1271 401 aevo
1289 374 1299 411 3

169 427 269 469 Nec
288 429 384 468 sorti
409 430 603 480 genitore
627 429 779 477 minor,
803 441 881 469 nec
904 428 1033 469 fratre
1054 440 1266 468 corusco:

168 493 259 545 Qui
282 496 456 547 subigat
477 495 653 543 Medos,
676 497 750 549 qui
771 496 952 549 cuspide
975 498 1169 549 proterat
1190 494 1342 535 Indos.

168 562 381 614 Subjuga
404 563 568 602 venturi
590 575 732 614 reges:
766 564 1005 602 calcabitur
1028 576 1159 615 asper

168 628 330 669 Phasis
351 642 478 681 equo,
509 633 770 683 pontemque
792 629 882 682 pati
905 633 1081 682 cogetur
1102 629 1290 670 Araxes.

167 695 321 749 Tuque
343 696 470 735 simul
493 697 700 747 gravibus
723 697 821 736 ferri
843 695 1026 747 religata
1049 697 1219 736 catenis

167 763 402 817 Expellere
425 763 509 812 die,
533 763 865 816 debellatasque
889 763 1126 803 draconum

166 831 318 872 Tonsa
338 844 490 871 comas
511 832 598 871 imo
619 822 810 871 barathri
834 831 1024 871 condere
1046 844 1238 872 recessu.

1543 563 1599 604 37
1602 564 1629 604 ὅ

164 973 229 1004 iste
244 975 296 1014 qui
313 985 390 1005 minc
405 978 497 1005 vexat
513 979 630 1005 terram
644 979 673 1005 et
689 977 795 1006 coelum
808 976 923 1016 ipsum,
940 986 999 1006 uon
1014 975 1178 1015 sepelietur
1193 978 1328 1004 mortuus
1341 975 1444 1005 etiam
1462 975 1491 1005 in
1507 977 1629 1015 pult-ere

163 1016 288 1054 abjecto.
337 1018 414 1048 Mox
438 1018 598 1048 Honorius
622 1019 790 1057 prtmzissus
810 1020 921 1049 saeculo
938 1019 1014 1049 huic
1031 1018 1196 1055 fortunato
1214 1018 1334 1052 i·‹¹11iet;
1359 1018 1532 1048 Honorius
1549 1019 1630 1049 leand

164 1058 291 1097 inferior
319 1063 408 1100 patre
431 1070 580 1099 generoso
595 1061 798 1099 Theodosio,
813 1072 907 1101 neque
924 1060 1074 1091 Arcadio
1094 1059 1202 1097 fratre
1227 1060 1365 1094 illusam
1387 1060 1439 1099 qai
1458 1060 1629 1091 Honorius

166 1102 267 1132 vincat
285 1103 406 1141 Medos,
423 1103 475 1142 qui
490 1103 586 1133 elidat
601 1103 691 1133 hasla
710 1104 814 1134 Indos,
861 1105 963 1141 Reges
978 1104 1009 1133 in
1026 1103 1207 1133 servitutem
1223 1102 1382 1140 redigendi
1399 1107 1487 1133 sunt.
1517 1103 1631 1134 Phasis

164 1145 321 1183 glaciatus
341 1145 571 1185 proculcabitur
589 1155 661 1185 equo
679 1146 762 1185 ejus,
778 1149 807 1175 et
826 1146 950 1176 Araxes
965 1145 1111 1183 adigetur
1135 1144 1274 1184 perferre
1295 1148 1430 1184 pontem.
1481 1146 1521 1175 Et
1545 1149 1593 1184 tu,
1610 1155 1629 1175 0

166 1187 483 1227 Megaera,rcv:incta
509 1188 618 1218 vinclis
642 1188 756 1226 rigidis
774 1188 860 1226 ferri
886 1198 947 1218 una
972 1187 1105 1224 ejicieris
1128 1196 1170 1217 ex
1196 1192 1288 1217 terra
1313 1187 1434 1222 luci‹la,·
1457 1191 1484 1217 ct
1503 1187 1630 1218 habens

165 1238 249 1260 rasos
260 1230 360 1261 crines
374 1234 547 1271 serpentum
564 1230 776 1270 cdomitorum,
791 1231 967 1260 detruderis
984 1230 1016 1260 in
1032 1230 1166 1260 latebras
1178 1228 1348 1269 profundas
1365 1230 1504 1261 Tartari.
1547 1230 1630 1261 Tunc

797 1334 1015 1346 eeeeeeeeeee

163 1422 215 1451 net
227 1419 308 1451 vat.
321 1424 430 1460 quart.
455 1430 522 1460 qua·
539 1420 722 1451 Par—371
748 1419 882 1450 moriens
896 1419 950 1450 rili
964 1420 1093 1450 Tliuan.
1115 1420 1244 1450 nonulli
1259 1420 1358 1450 Farn.
1382 1420 1516 1450 nonulla
1535 1420 1629 1451 Med.

164 1467 275 1504 quart.
291 1463 376 1493 Exc..
393 1463 540 1494 Lucens.
558 1473 608 1503 pr.
641 1474 695 1493 uec
718 1463 772 1494 vili
788 1463 841 1492 vel
857 1472 937 1493 nunc
951 1463 1032 1493 sicca
1045 1463 1236 1493 Put.—37·.›
1262 1463 1404 1502 Namque
1430 1463 1522 1493 Med.
1549 1467 1631 1495 tort.

163 1507 270 1536 -373
286 1504 374 1543 sorte
401 1505 495 1536 Med.
526 1511 636 1546 quart.
665 1516 722 1537 non
743 1505 851 1544 fratre
882 1506 1094 1536 Fam—:374
1118 1505 1237 1544 subigit
1254 1506 1334 1535 Vat.
1352 1515 1402 1545 pr.
1421 1516 1440 1535 a
1455 1515 1499 1536 m.
1519 1515 1569 1545 pr.
1600 1510 1631 1536 et

162 1547 288 1588 cuspide
310 1548 388 1579 Vat.
416 1548 577 1589 quinque,
594 1549 667 1580 Pal.
686 1549 776 1581 Prie.
807 1548 874 1579 duo
900 1548 1013 1579 Oxon.
1043 1549 1110 1579 duo
1139 1549 1234 1578 Leid.
1262 1548 1347 1578 Exc.
1379 1548 1476 1579 Laeti.
1497 1549 1632 1588 proterit

163 1591 242 1621 Vat.
270 1595 380 1631 quart.
404 1595 542 1631 proteret
560 1592 638 1622 Vat.
663 1592 773 1632 quint.
801 1591 877 1622 Pal.
904 1589 1003 1622 Farn.
1032 1591 1123 1622 Prie.
1152 1591 1249 1621 Rott.
1281 1590 1390 1621 Oisel.
1421 1591 1505 1621 Exc.
1531 1591 1631 1629 Laeti,

164 1633 292 1664 Moret.
321 1643 372 1674 pr.
406 1634 519 1666 Oxou.
559 1638 703 1674 proteget
733 1639 768 1665 et
794 1637 933 1674 proteret
966 1640 1034 1664 tres
1058 1633 1136 1664 Vat.
1159 1633 1285 1673 subigat
1311 1638 1348 1664 et
1375 1636 1514 1674 proterat
1546 1634 1630 1664 Exe.

164 1676 311 1707 Lucens.
331 1679 508 1707 secu—376
528 1687 693 1717 pacemque
709 1678 789 1708 Vat.
806 1686 873 1708 sec.
902 1676 1024 1718 reliqui
1053 1680 1247 1716 pontemque.
1296 1676 1420 1707 Oraxcs
1437 1676 1490 1706 vel
1506 1677 1631 1706 Araxes

166 1719 292 1750 Moret.
318 1722 478 1760 pr.—-377
512 1720 604 1757 ferro
627 1720 725 1752 Med.
754 1722 976 1762 quarte-379
1009 1729 1111 1750 comas
1142 1726 1288 1760 quatuor
1316 1720 1396 1750 Vat.
1425 1718 1501 1750 Pal.
1530 1719 1632 1749 Faru.

832 1815 973 1848 NOTAE

165 1894 219 1921 tus
233 1888 305 1921 fato
320 1889 446 1922 vindex
460 1891 637 1922 criminum
654 1891 779 1923 Rufini.

206 1942 268 1971 371
293 1939 442 1979 AEthera]
480 1940 601 1972 AEther
629 1946 683 1973 est
713 1942 867 1982 superior

164 2000 242 2031 pars
257 1990 356 2028 ablris,
370 1990 430 2020 ἀπὸ
442 1992 498 2021 τοῦ
511 1991 617 2030 αἴθειν,
630 1993 752 2031 ardere,
770 1992 864 2033 quod

167 2049 186 2071 a
201 2040 369 2071 nonnullis
386 2040 472 2080 ignis
490 2040 537 2071 ibi
555 2045 752 2081 reponatur.
800 2041 869 2072 Hic

167 2090 309 2121 sumitur
325 2100 387 2130 pro
403 2091 500 2121 coelo.

210 2141 278 2171 Nec
291 2141 423 2171 moriens
439 2142 602 2182 condetur]
624 2141 761 2173 Jacebit
783 2143 871 2173 inse-

167 2191 298 2232 pultus,
327 2191 415 2232 quod
443 2191 563 2222 ultima
587 2191 770 2223 infelicitas
799 2202 873 2224 esse

171 2240 392 2281 credebatur,
421 2251 485 2272 nee
513 2241 615 2272 etiam
647 2242 705 2272 vili
737 2247 874 2284 tegetur

167 2292 320 2332 pulvere.
363 2291 485 2332 Virgil.
510 2293 519 2308 ²
538 2292 609 2323 Nos
640 2292 760 2323 animae
786 2293 872 2324 viles

165 2342 342 2375 inhumata
356 2342 540 2385 infletaque
558 2343 680 2374 turba.'
789 2379 791 2381 ,

210 2395 274 2424 372
296 2394 430 2434 Jamque
445 2394 562 2434 aderit]
587 2394 691 2427 Quasi
709 2394 871 2426 divinitus

167 2442 336 2474 immissus
371 2443 413 2475 ad
443 2443 636 2475 liberandos
665 2445 818 2476 homines
853 2455 874 2477 a

170 2492 230 2523 tali
248 2497 421 2533 portento.

212 2545 274 2575 373
299 2544 446 2584 Corusco]
492 2545 648 2577 Glorioso
679 2545 785 2578 fratre
807 2546 872 2578 Ar-

168 2592 278 2635 cadio,
300 2595 434 2636 illustri,
461 2599 498 2627 et
520 2596 669 2628 micante
695 2597 803 2629 instar
830 2598 873 2629 si-

171 2641 272 2674 deris.

214 2694 278 2724 374
294 2694 418 2734 Medos]
441 2696 487 2727 Hi
505 2697 623 2737 populi
638 2702 716 2729 sunt
731 2698 763 2728 iu
779 2697 872 2740 Asia,

172 2740 255 2772 alias
279 2744 517 2784 potentissimi.

966 1890 1075 1931 Indos]
1100 1891 1251 1931 Populos
1269 1890 1437 1922 Orientis.

965 1944 1026 1973 375
1044 1942 1146 1981 Asper
1160 1939 1289 1978 Phasis]
1312 1940 1432 1971 Glacie
1449 1942 1630 1970 concretus

919 1990 1060 2022 fluvius:
1086 2001 1129 2022 ex
1156 1991 1317 2021 Armenia
1346 1990 1509 2028 nascitur,
1534 1990 1631 2020 alluit

922 2042 1134 2080 Colchidem,
1164 2041 1333 2071 Euxinum
1361 2040 1470 2080 petit:
1497 2040 1538 2071 ab
1565 2040 1628 2071 hoc

869 2113 874 2120 .
919 2092 1082 2124 dicuntur
1100 2092 1272 2123 Phasiani.

965 2146 1028 2174 376
1039 2142 1178 2182 Araxes]
1200 2141 1338 2173 Fluvius
1355 2141 1493 2182 rapidus
1510 2141 1631 2173 Arme-

918 2194 1001 2225 niae:
1026 2193 1124 2224 hodie
1142 2193 1199 2223 illa
1229 2202 1308 2232 pars
1332 2202 1433 2233 quain
1458 2193 1568 2233 alluit,
1584 2193 1632 2224 di-

921 2244 1010 2275 citur
1031 2244 1136 2275 Persis
1151 2247 1186 2274 et
1205 2242 1351 2273 Parthia.

963 2297 1025 2326 377
1063 2294 1213 2333 Religata
1241 2293 1373 2333 catenis]
1420 2292 1557 2325 Alludit
1585 2293 1627 2324 ad

921 2356 1055 2388 pacem,
1073 2356 1175 2388 quam
1204 2344 1418 2376 Theodosius
1448 2350 1527 2375 aute
1559 2346 1631 2377 obi-

923 2403 993 2429 tum
1011 2397 1218 2438 composuit,
1245 2401 1279 2426 et
1296 2405 1362 2436 qua
1380 2394 1518 2435 vigente
1536 2397 1631 2427 velut

923 2449 1041 2481 vincta
1071 2447 1232 2479 remansit
1264 2446 1426 2486 Megaera.
1473 2446 1528 2477 Sic
1553 2447 1632 2478 Vir-

924 2500 1047 2541 gilius:
1073 2501 1082 2517 ‘
1109 2499 1217 2529 Furor
1247 2496 1369 2536 impius
1408 2496 1497 2527 intus
1532 2496 1631 2528 Saeva

923 2552 1045 2582 sedens
1063 2559 1165 2590 super
1180 2557 1284 2585 arina,
1297 2551 1332 2577 et
1345 2550 1482 2577 centum
1499 2546 1631 2578 vinctus

925 2599 1040 2632 ahenis
1061 2600 1143 2630 Post
1160 2602 1291 2639 tergum
1311 2595 1428 2635 nodis,'
1445 2597 1510 2627 Sto.

969 2652 1032 2681 378
1059 2650 1224 2690 Expellere
1256 2647 1321 2686 die]
1367 2647 1561 2687 Expellere,
1589 2656 1632 2678 ex

926 2700 1010 2732 orbe
1027 2700 1154 2739 lucido,
1170 2709 1214 2730 ex
1231 2698 1325 2738 locis,
1340 2697 1395 2728 ubi
1412 2697 1484 2729 dies
1502 2701 1566 2729 est.

969 2753 1034 2781 379
1058 2749 1171 2789 Tonsa]
1194 2749 1370 2780 Victarum
1387 2748 1537 2788 gentium
1552 2748 1632 2779 ima-
