1852 3193
227 201 314 243 262
688 215 765 246 cr..
798 214 1084 246 CLAUDIAM
1118 213 1229 246 vm.

226 308 462 352 Humanos
481 310 625 352 edicta
644 311 804 360 valent,
825 312 874 351 ut
894 309 988 351 vita
1010 310 1215 364 regentis.

226 377 397 419 Mobile
418 383 609 421 mutatur
627 392 806 432 semper
830 391 927 418 cum
951 380 1152 432 principe
1173 378 1348 432 vulgus.

223 445 316 487 His
339 450 483 487 tamen
506 447 684 496 effectis,
707 460 790 487 neu
810 446 1009 487 fastidire
1030 448 1232 498 minores,

223 514 326 555 Neu
347 519 446 568 pete
465 514 746 568 praescriptos
766 514 931 555 homini
955 514 1264 556 transcendere
1284 515 1394 556 fines
1413 527 1423 557 z

221 581 432 635 Inquinat
452 583 646 635 egregios
669 581 875 635 adjuncta
897 582 1108 636 superbia
1124 596 1284 624 mores.

221 648 327 689 Non
348 649 429 690 tibi
450 649 709 689 tradidimus
726 649 896 690 dociles
916 651 1078 691 servire
1102 650 1288 692 Sabaeos
1306 665 1317 703 ;

220 715 443 758 Armeniae
466 717 692 757 dominum
713 730 800 757 non
821 720 860 757 te
883 717 1161 771 praefecimus
1185 730 1304 771 orae3

220 784 326 825 Non
348 785 506 825 damus
528 783 772 839 Assyriam,
790 785 930 825 tenuit
950 798 1080 838 quam
1101 785 1299 838 foemina,
1323 788 1510 840 gentem.

219 851 428 903 Romani,
451 854 527 907 qui
547 857 701 894 cuncta
724 853 800 893 diu
820 866 984 902 rexere,
1008 853 1184 905 regendi
1203 868 1211 894 :

219 919 310 970 Qui
331 935 412 962 nec
433 921 669 974 Tarquinii
690 921 847 971 fastus,
870 934 951 961 nec
967 922 1070 975 jura
1091 922 1225 962 tulere

218 986 429 1030 Caesaris.
490 988 685 1028 Annales
706 991 901 1029 veterum
926 988 1086 1029 delicta
1105 990 1358 1042 loquuntur.

1610 583 1698 625 305

1607 920 1694 963 310

217 1087 321 1119 edicta
336 1088 379 1118 sic
392 1092 520 1128 possunt
546 1099 654 1127 regere
681 1089 800 1119 animos
824 1089 992 1125 hominum,
1007 1092 1042 1119 ut
1069 1088 1135 1119 rita
1159 1088 1298 1127 regentis
1322 1088 1414 1127 regit
1439 1097 1510 1118 eos.
1555 1089 1696 1129 Populus

213 1131 376 1161 mutabilis
388 1135 537 1170 perpetuo
552 1134 694 1161 mumtur
710 1142 778 1161 cum
798 1132 894 1170 Rege.
943 1132 1155 1162 Nihilominus
1181 1131 1231 1161 his
1255 1130 1402 1170 perfectis
1424 1130 1540 1169 rebuS‚
1556 1140 1592 1162 ne
1609 1131 1694 1163 velis

215 1177 407 1203 contemnere
420 1173 596 1212 inferiores,
613 1184 687 1205 uere
713 1175 789 1204 velis
809 1175 989 1213 transgredi
1005 1174 1155 1204 terminos
1167 1173 1314 1215 prafixos
1330 1172 1456 1203 homini.
1501 1173 1696 1213 Arrogantia

215 1216 360 1247 admixta
375 1218 540 1247 dedecorat
556 1218 688 1248 indolem
704 1217 864 1248 eximium.
911 1218 983 1248 Non
1009 1217 1149 1248 dedimus
1175 1216 1233 1247 tilii
1257 1216 1381 1246 Snbaeos
1395 1218 1533 1246 assuetos
1548 1216 1669 1247 obedire
1683 1227 1694 1253 ‚-

214 1268 275 1289 non
291 1260 509 1291 constituimus
530 1263 560 1290 te
577 1260 695 1298 Regem
711 1261 849 1299 regionis
871 1260 1054 1297 Amanum
1078 1271 1137 1291 nou
1164 1260 1317 1290 tradimus
1342 1259 1401 1289 tibi
1427 1260 1575 1298 poputum
1596 1258 1694 1300 Assy-

213 1303 310 1341 rium,
347 1312 435 1342 quem
457 1302 592 1340 faemina
623 1303 728 1334 rescit:
760 1303 955 1341 gubernandi
984 1308 1062 1334 sunt
1094 1303 1156 1334 tibi
1186 1303 1333 1340 Romani,
1364 1301 1416 1342 qui
1442 1302 1696 1341 gubernaverunt

215 1346 321 1375 omnia
336 1346 390 1376 diu
402 1357 412 1376 .·
435 1346 487 1385 qui
500 1356 553 1376 nec
571 1346 662 1385 passi
679 1351 756 1376 sunt
772 1346 946 1385 superbiora
966 1346 1141 1387 Tarquinii,
1156 1356 1252 1386 neque
1265 1345 1350 1385 passi
1364 1348 1435 1375 sunt
1451 1346 1532 1384 leges
1549 1345 1695 1377 Caesaris.

215 1387 373 1418 Historia?
388 1387 529 1426 referunt
541 1392 669 1429 peccata
682 1389 892 1429 antiquorum.
939 1391 1081 1420 Dedecus
1104 1389 1286 1420 remanebit.
1335 1388 1450 1429 Ecquis
1473 1387 1582 1419 nonin
1601 1391 1693 1419 ‹eter-

836 1463 1070 1475 eeeeeeeeeeee

213 1517 311 1550 Med.
327 1527 381 1559 pr.
416 1529 477 1549 non
492 1528 554 1559 pro
570 1529 625 1550 uec
648 1518 892 1549 'rhum—301
916 1521 952 1549 ut
968 1518 1034 1550 rita
1061 1519 1182 1551 Petav.
1205 1529 1256 1560 pr.
1275 1519 1404 1550 Moret.
1423 1528 1492 1550 sec.
1518 1527 1609 1558 quam
1624 1518 1691 1550 vita

214 1561 282 1592 duo
298 1561 379 1593 Vat.
395 1561 472 1592 Pal.
490 1563 592 1593 Fam.
617 1562 714 1593 Rott.
747 1562 855 1592 Oisel.
876 1561 957 1593 Jun.
977 1571 1029 1602 pr.
1053 1562 1120 1593 duo
1139 1563 1252 1594 Oxou.
1279 1562 1345 1593 duo
1362 1561 1458 1593 Leid.
1495 1563 1579 1592 ιῙιιν·α
1592 1561 1689 1594 Leid.

210 1613 267 1643 pr.
285 1603 381 1635 Med.
399 1609 511 1645 quart.
547 1605 614 1635 vita
630 1604 768 1642 veljura
786 1605 864 1635 vat.
884 1610 963 1635 tert.
1000 1605 1085 1635 dictu
1112 1605 1166 1636 cd.
1195 1606 1308 1636 Vicet.
1347 1606 1414 1635 vita
1440 1604 1580 1644 regentis
1603 1605 1688 1637 Exc.

211 1647 303 1678 Laeti
321 1651 356 1678 et
372 1647 518 1678 Lucens.
537 1658 605 1679 sec.
629 1651 663 1677 ut
680 1648 746 1678 vita
761 1647 900 1687 regentis
924 1648 977 1677 vel
994 1648 1166 1687 quamjura
1182 1648 1317 1678 tenentis
1330 1648 1411 1678 Vat.
1431 1657 1481 1687 pr.
1509 1648 1589 1685 jura
1604 1647 1688 1680 Jun-

209 1692 319 1721 —303
335 1700 394 1721 neu
411 1689 478 1721 duo
495 1691 574 1721 Vat.
591 1692 721 1722 Moret.
736 1700 803 1721 sec.
824 1691 906 1720 item
922 1690 1035 1720 Oxou.
1051 1691 1136 1721 ΕΠ.
1154 1691 1299 1721 Lucens.
1318 1700 1385 1721 sec.
1410 1700 1468 1720 non
1486 1690 1548 1720 inc.
1568 1689 1689 1722 Heius.

210 1732 340 1765 TMorct.
358 1743 409 1774 pr.
423 1734 561 1764 Tholos.
580 1733 698 1764 Ambr.
718 1743 785 1764 sec.
816 1743 870 1764 nec
888 1738 957 1764 tres
970 1733 1050 1764 Vat.
1068 1733 1144 1764 Pal.
1161 1734 1260 1764 Farn.
1275 1734 1371 1764 Rott.
1389 1732 1456 1763 duo
1471 1732 1586 1764 Ambr.
1604 1733 1689 1764 Exc.

212 1775 358 1807 Gevart.
386 1777 487 1808 Voss.
526 1787 564 1807 ne
588 1777 682 1807 Pric.
712 1776 807 1807 Leid.
836 1778 995 1816 pun->304
1021 1777 1087 1807 Nec
1113 1776 1180 1806 duo
1195 1777 1275 1807 Vat.
1299 1776 1375 1806 Pal.
1394 1776 1493 1806 Farn.
1511 1774 1577 1806 duo
1592 1776 1687 1808 Med.

209 1818 308 1850 Leid.
326 1829 395 1850 sec.
413 1819 494 1850 Put.
514 1820 647 1850 Mazar.
684 1820 752 1850 Nec
767 1823 798 1849 te
813 1819 867 1849 cd.
883 1819 999 1849 Parm.
1043 1820 1091 1849 Ne
1105 1823 1176 1859 pete
1192 1820 1319 1850 Timau.
1335 1819 1428 1849 Pric.
1459 1819 1592 1849 hominis
1607 1818 1687 1852 Pat.

209 1862 367 1893 hominum
385 1862 458 1892 Pal.
497 1863 696 1892 conscendere
711 1863 792 1892 Vat.
812 1866 891 1892 tert.
929 1865 1141 1892 transcurrere
1158 1862 1250 1892 Prie.
1288 1871 1386 1892 mores
1402 1861 1547 1902 velfines
1562 1861 1687 1892 Fut.—

210 1907 273 1935 305
299 1904 445 1944 Inquinct
462 1905 555 1936 Pric.
594 1906 719 1935 admota
735 1905 889 1935 Florent.
927 1904 1045 1942 adjecta
1074 1904 1137 1935 inc.
1165 1904 1395 1935 Heins.-306
1421 1905 1493 1935 Non
1517 1907 1548 1934 te
1573 1904 1687 1936 Oxon.

209 1947 277 1978 duo
295 1952 331 1978 et
347 1947 442 1979 Leid.
467 1947 545 1979 duo.
586 1948 651 1978 Nec
667 1948 727 1978 tibi
743 1948 824 1978 Vat.
841 1947 950 1988 quint.
965 1947 1093 1978 Thuan.
1136 1947 1231 1978 Hunc
1247 1947 1306 1978 tibi
1321 1948 1453 1978 Mazar.
1489 1947 1602 1978 dociles
1624 1957 1688 1978 ser-

208 2000 282 2021 vare
294 1991 422 2021 Moret.
440 2000 506 2021 sec.
523 1990 710 2021 dein-—307
734 2000 789 2021 uec
805 1994 837 2021 te
849 1989 1047 2031 prcefecimus
1074 1995 1221 2031 quatuor
1239 1991 1316 2022 Vat.
1345 1991 1422 2021 Pal.
1440 1991 1542 2021 Farn.
1580 1993 1610 2021 te
1626 2000 1685 2022 uon

208 2032 295 2065 Put.
333 2043 393 2064 non
409 2036 440 2064 te
456 2034 581 2074 reliqui
599 2043 715 2064 onmes
732 2032 820 2073 fere,
847 2034 932 2064 Exc.
951 2034 1096 2064 Lucens.
1112 2043 1182 2064 sec.
1209 2034 1293 2064 Lov.
1311 2033 1500 2064 Aut-308
1523 2032 1573 2064 sic
1589 2033 1684 2064 Med.

209 2079 320 2116 quart.
346 2076 428 2108 Put.
453 2077 583 2107 Mazar.
612 2077 678 2107 duo
702 2077 829 2108 Moret.
867 2078 933 2107 Nec
957 2077 1067 2107 doinus
1092 2081 1237 2117 quatuor
1263 2077 1345 2107 Vat.
1362 2077 1439 2107 Pal.
1459 2077 1560 2107 Farn.
1589 2076 1685 2107 Rott.

210 2119 429 2151 Oisel.-310
452 2130 513 2150 non
531 2120 684 2152 Florem.
720 2123 823 2151 tenere
839 2129 902 2161 pro
919 2119 1015 2151 tulere
1034 2119 1100 2150 duo
1118 2120 1305 2152 Vat.—3ll
1330 2120 1431 2151 edicta
1446 2120 1524 2151 Pal.
1561 2119 1685 2160 loquen-

871 2218 1014 2250 NOTAE

250 2284 311 2313 301
342 2282 385 2313 Ut
401 2281 481 2322 rita]
507 2281 680 2313 Pacatus:
704 2283 917 2314 ‘Blandissi-

205 2342 260 2365 me
272 2332 417 2374 jubetur
433 2331 618 2373 exemplo!
643 2333 807 2363 Ceterum
824 2343 916 2373 mag-

203 2384 241 2416 ni
258 2384 372 2415 Duces
388 2383 414 2414 si
431 2383 512 2424 quid
529 2382 704 2423 egregium
718 2382 915 2414 amilitibus

204 2433 328 2476 perfici
354 2433 527 2473 volebant,
551 2433 650 2474 primi
666 2443 797 2464 manum
815 2434 913 2474 operi

204 2484 447 2517 admovebant.
491 2484 548 2515 Sic
573 2483 797 2515 Germanicus
819 2484 912 2524 apud

204 2535 361 2568 Tacitum
388 2536 516 2576 primus
543 2535 710 2576 cespitem
738 2534 854 2576 posuit
877 2535 910 2566 in

203 2588 337 2619 tumulo
355 2586 513 2618 Varianis
530 2585 746 2618 exstruendo.

247 2641 310 2669 305
336 2637 508 2679 Superbia]
542 2638 594 2669 Ea
620 2638 710 2668 enim
736 2641 789 2669 est
817 2637 912 2669 ruina

203 2689 373 2722 virtutum
388 2689 548 2731 omnium,
559 2693 595 2720 et
611 2689 668 2730 qui
684 2689 784 2720 altius
800 2698 835 2720 se
849 2689 912 2720 tol-

202 2740 257 2781 nt,
274 2741 374 2773 citius
391 2740 459 2772 ruit
472 2740 629 2781 graviore
653 2750 744 2771 casu.
789 2739 912 2780 Super-

205 2789 264 2822 bia
294 2792 435 2833 dicstur,
475 2791 572 2833 quasi
601 2788 675 2831 ὑπὲρ
704 2789 790 2832 βίαν,
817 2799 912 2832 supra

970 2283 1045 2323 viin,
1060 2284 1149 2325 quod
1175 2283 1243 2314 vim
1270 2293 1404 2315 omnem
1428 2287 1465 2314 et
1479 2282 1680 2314 violentiam

970 2338 1122 2374 superet.
1182 2335 1229 2366 Et
1259 2334 1396 2374 gravior
1425 2337 1480 2365 est
1512 2333 1678 2365 servitute

971 2388 1176 2415 contemtus.

1014 2436 1078 2464 306
1095 2433 1236 2474 Suboeos]
1253 2434 1404 2475 Populos
1414 2432 1566 2473 Arabiae,
1578 2432 1676 2464 thure

966 2484 1103 2516 divites.

1009 2537 1072 2565 308
1105 2534 1284 2575 Assyriam]
1324 2533 1465 2575 Assyria
1496 2533 1592 2575 regio
1624 2538 1677 2566 est

965 2583 1070 2626 Asia}‚
1084 2596 1182 2628 quam
1201 2586 1394 2617 Semiramis
1411 2585 1551 2616 foemina
1573 2586 1675 2618 rexit.

1008 2640 1070 2668 310
1099 2636 1280 2678 Tarquinii]
1301 2636 1461 2677 Superbi,
1478 2645 1579 2677 quem
1596 2645 1673 2668 cum

964 2687 1041 2719 filiis
1058 2689 1232 2729 ejecerunt
1248 2688 1401 2718 Romani.

1007 2742 1067 2770 311
1097 2737 1248 2778 Coesm-is]
1272 2738 1358 2770 Julii
1385 2737 1543 2780 Caesarss,
1569 2746 1670 2780 quem

965 2790 1167 2822 occiderunt
1182 2789 1217 2820 in
1234 2789 1307 2830 ipso
1322 2788 1467 2820 Senatu.
