1857 3177
534 221 586 251 m
621 221 696 252 ct„
727 220 1081 252 CLAUDIANUM.
1462 210 1519 253 ⁴7

65 316 305 369 designata,
326 320 373 358 ut
393 316 537 357 statim
558 315 728 365 videas,
762 316 933 369 pulchri
964 319 1006 355 et
1034 314 1205 354 venusti
1226 326 1419 363 sensum,
1440 317 1517 368 qui

63 382 210 423 ordine
245 396 381 423 rerum
415 388 607 436 aptaque
645 384 814 423 illarum
836 383 1119 435 copulatione
1142 383 1338 429 cernitur,
1361 383 1516 434 ineptae

64 453 107 489 et
129 451 279 502 puerili
303 450 491 490 cessisse
513 451 865 502 magnificentiae‚
905 464 1006 503 quae
1036 451 1331 502 imperitorum
1354 452 1520 488 tantum

64 517 218 557 oculos
259 522 425 569 pascat,
462 530 670 557 nauseam
711 530 814 558 vero
845 522 1017 557 moveat
1046 517 1245 567 genuinae
1290 515 1517 562 elegantiae

65 585 339 625 assuefactis
405 584 474 623 Ne
510 589 655 624 tamen
687 585 883 637 iniquam
911 584 965 624 de
997 584 1240 624 Claudiano
1261 582 1520 622 sententiam

63 650 268 699 seramus,
305 652 386 691 hoc
429 652 657 692 tenendum
691 658 772 701 est,
807 653 849 691 iu
885 652 958 691 illo
992 653 1231 691 carminum
1264 662 1430 702 genere,
1463 648 1520 689 ad

64 717 180 770 quod
198 719 439 759 necessitas
465 720 601 770 magis
622 719 740 758 illum
762 718 990 770 compulit,
1010 731 1141 770 quam
1161 717 1293 757 animi
1317 716 1521 757 voluntas

62 783 260 833 adduxit,
283 789 326 824 et
364 787 406 825 in
435 798 537 838 quo,
574 785 692 837 quod
730 784 926 837 profecto
945 784 1178 824 dolendum
1199 788 1278 832 est,
1299 783 1521 835 ingenium

64 863 188 891 suum
227 851 346 892 haud
378 853 596 893 mediocre
632 854 886 901 consumsit,
910 852 1143 905 plurimum
1165 852 1335 891 illorum
1349 850 1520 904 judicio

62 922 152 958 erat
172 918 378 968 dandum,
399 932 577 972 quorum
599 920 751 960 laudes
768 925 915 960 essent
934 920 1018 959 sibi
1037 919 1321 959 celebrandae.
1382 916 1432 957 In
1452 917 1519 958 his

59 984 187 1034 enim,
216 998 300 1025 non
327 985 445 1038 quod
471 987 550 1026 tibi
572 987 850 1038 magnificum
874 990 916 1027 et
937 987 1199 1039 praeclarum
1218 986 1428 1034 videatur,
1452 984 1518 1024 di-

63 1051 248 1092 cendum
289 1057 368 1101 est,
404 1066 488 1092 non
528 1066 580 1094 eo
614 1053 758 1102 modo,
799 1054 874 1106 qui
908 1055 1029 1094 solus
1049 1058 1170 1094 recto
1192 1066 1327 1093 rerum
1345 1053 1521 1107 judicio

62 1119 205 1171 possit
224 1120 404 1171 probari
423 1133 432 1170 ;
456 1119 532 1159 sed
546 1133 613 1168 ea,
635 1133 818 1172 quorum
836 1133 972 1160 causa
986 1121 1173 1160 maxime
1188 1122 1274 1160 sibi
1290 1120 1518 1173 plaudant,

61 1197 200 1238 eaque
220 1188 397 1235 ratione,
435 1200 521 1239 qua
541 1188 726 1227 obtusus
747 1200 893 1227 eorum
926 1201 1079 1227 sensus
1097 1188 1381 1241 etjudicium,
1402 1187 1520 1228 nulla

62 1253 150 1293 fere
185 1254 376 1305 politiori
417 1255 680 1294 humanitate
707 1255 947 1303 excultum,
982 1255 1166 1294 laetetur.
1227 1255 1522 1294 Barbarorum

63 1323 205 1359 autem
228 1322 378 1360 oculos
400 1325 585 1360 venusta
606 1334 746 1360 rerum
768 1321 905 1360 forma
937 1333 1034 1360 raro
1054 1322 1095 1360 in
1130 1333 1176 1359 se
1207 1320 1319 1360 solet
1340 1332 1521 1360 conver—

62 1393 179 1436 tere3
213 1391 302 1436 aut,
336 1388 507 1427 etiamsi
537 1391 704 1428 naturae
738 1387 952 1428 beneficio
984 1388 1203 1427 molliores
1221 1399 1376 1426 sensus
1396 1386 1519 1426 nacti

62 1454 162 1503 sint,
195 1457 339 1494 tamen
369 1454 552 1494 materia
581 1456 683 1507 ipsa
709 1455 890 1495 formam
921 1454 1199 1495 commendet
1228 1466 1407 1495 necesse
1437 1457 1519 1503 est,

63 1534 196 1575 quam
228 1522 316 1562 sint
355 1522 622 1563 admiraturi.
683 1522 735 1562 In
765 1521 920 1562 iisdem
952 1522 1221 1562 carminibus
1250 1521 1384 1562 nimio
1415 1521 1520 1562 artis

62 1588 332 1631 ostentandae
354 1588 501 1630 studio
523 1589 724 1629 laborant
738 1589 874 1629 etiam
896 1602 1044 1630 omnes
1067 1589 1152 1630 fere
1168 1589 1520 1643 comparationes

61 1660 105 1697 et
121 1655 442 1706 similitudines,
475 1670 590 1710 quae,
616 1670 715 1698 cum
738 1657 793 1697 ad
814 1662 1030 1706 ornatum,
1053 1658 1125 1698 cui
1143 1657 1184 1697 in
1202 1657 1282 1698 illo
1303 1655 1522 1698 scribendi

62 1736 215 1776 genere
228 1725 418 1764 maxime
441 1724 688 1774 inservitur,
710 1725 971 1777 pertineant,
992 1723 1259 1777 frequentius
1276 1726 1520 1765 occurrunt.

63 1790 202 1831 Plane
227 1804 341 1832 nova
371 1792 563 1831 invenire
591 1792 635 1831 in
668 1795 788 1832 tanta
808 1791 1056 1845 poetarum,
1090 1791 1164 1844 qui
1186 1794 1520 1844 praecesserant,

61 1857 351 1907 multitudine,
375 1857 553 1899 difficile
571 1862 662 1900 erat
682 1862 725 1899 et
745 1859 922 1899 omnino
940 1859 1122 1899 arduum
1141 1859 1198 1909 ei,
1231 1859 1305 1912 qui
1326 1871 1352 1899 a
1370 1857 1520 1912 pueris

63 1925 119 1966 ad
155 1926 441 1967 imitationem
475 1927 655 1967 aliorum
681 1927 902 1979 ingenium
933 1939 1059 1967 suum
1094 1929 1425 1978 composuerat3
1448 1925 1520 1966 de·
1579 1958 1582 1961 v

65 1996 242 2033 cantata
279 1997 424 2033 autem
459 1998 655 2046 repetere
693 2006 779 2033 non
810 1998 903 2034 erat
938 1992 1100 2046 po'etae,
1136 1993 1344 2044 ingeniosi
1364 2005 1521 2033 nomen

63 2059 150 2100 sibi
172 2059 435 2100 vindicantis
453 2073 463 2100 :
496 2061 638 2100 omnis
672 2060 800 2111 igitur
820 2073 958 2113 opera
979 2060 1022 2099 in
1051 2059 1288 2108 variandis,
1308 2072 1520 2100 exornan-

63 2126 145 2175 dis,
173 2128 217 2166 et
247 2125 487 2165 dilatandis
527 2130 618 2166 erat
651 2126 955 2178 impendenda,
997 2127 1041 2166 in
1073 2140 1162 2179 quo
1191 2127 1324 2167 etiam
1346 2138 1520 2167 omnem

64 2192 238 2233 dicendi
259 2193 429 2244 copiam
449 2193 711 2245 exposuisse
733 2192 1005 2232 Claudianus
1020 2193 1151 2232 videri
1170 2197 1329 2246 potest.
1372 2192 1521 2243 Quan-

65 2272 199 2313 quam
233 2259 349 2299 enim
367 2260 535 2312 saepius
553 2259 737 2300 eandem
757 2272 845 2300 rem
869 2259 1049 2313 profert,
1078 2264 1220 2300 tamen
1242 2273 1412 2313 semper
1432 2260 1520 2301 fere

63 2331 183 2368 tanto
204 2328 436 2368 verborum
452 2327 638 2376 delectu,
662 2331 752 2368 tam
769 2340 888 2368 nova
904 2328 1217 2368 sententiarum
1235 2327 1521 2367 conversione

66 2394 210 2445 utitur,
234 2397 295 2442 ut,
324 2394 409 2434 nisi
438 2394 627 2447 penitius
649 2394 861 2443 attendas,
895 2396 971 2435 vix
991 2395 1177 2448 repetita
1200 2400 1241 2434 te
1263 2394 1408 2445 legere
1423 2406 1522 2434 sen-

66 2461 175 2513 tias;
196 2465 324 2515 atque
346 2461 389 2501 id
405 2474 491 2502 non
512 2461 657 2501 solum
679 2461 784 2502 fecit
802 2462 846 2501 in
868 2461 936 2510 iis,
954 2474 1053 2515 quae
1070 2461 1154 2501 hoc
1171 2467 1327 2500 natura
1343 2460 1519 2510 habent,

67 2533 114 2569 ut
142 2529 340 2570 variandi
361 2530 538 2582 copiam
560 2529 670 2570 ultro
690 2530 934 2582 praebeant,
964 2542 1110 2570 verum
1128 2530 1256 2569 etiam
1280 2529 1321 2567 in
1339 2528 1522 2580 vulgari-

67 2596 148 2636 bus
167 2601 299 2652 atque
315 2598 442 2646 tritis,
475 2610 574 2649 quae
594 2597 733 2637 minus
754 2597 797 2637 in
817 2597 1058 2638 exornandi
1075 2596 1218 2637 studio
1234 2596 1521 2645 exercitatus,

70 2667 146 2703 aut
172 2664 329 2704 minori
360 2664 520 2716 ingenii
542 2664 740 2705 ubertate
774 2664 1024 2714 instructus,
1047 2666 1123 2705 vix
1147 2663 1280 2704 semel
1296 2661 1522 2716 splendide

68 2729 313 2780 extulisset,
341 2731 436 2771 sine
457 2731 592 2773 taedio
619 2731 774 2772 iterare
791 2744 837 2771 se
850 2744 981 2785 posse
1002 2732 1298 2784 desperasset.
1363 2728 1520 2783 Atque,
