1842 3193
277 224 332 265 48
828 236 1091 267 PRoLEGon
1104 235 1197 266 ENA

281 329 402 382 quod
418 328 719 370 difficillimum
742 330 785 369 in
807 331 891 371 hoc
919 343 1073 382 genere
1095 333 1180 378 est,
1196 333 1245 368 ut
1267 331 1312 368 et
1333 327 1582 370 satietatem
1602 330 1741 373 lecto-

278 409 373 437 rum
413 398 567 446 evitcs,
597 403 640 437 et
671 398 714 436 in
747 410 979 449 puerorum
1018 396 1207 435 ludibria
1234 407 1320 434 non
1339 395 1529 444 incidas,
1545 395 1632 437 hoc
1651 397 1743 438 sere

278 476 449 516 semper
479 466 672 517 providit
703 464 971 503 inexhausta
1000 463 1163 514 ingenii
1197 463 1264 502 sui
1297 463 1443 515 copia.
1506 462 1620 503 Mihi
1647 465 1744 516 qui-

280 529 393 580 dem,
436 533 674 572 carminum
709 531 942 571 lectionem
975 542 1055 582 per
1077 528 1308 568 intervalla
1337 530 1561 582 repetenti,
1590 530 1744 572 oborta

281 610 453 651 semper
475 605 541 639 est
565 613 617 639 ea
640 599 863 650 cogitatio,
886 601 931 637 ut
953 600 1198 646 statuerem,
1236 595 1528 637 Claudianum
1548 610 1640 637 non
1653 600 1743 638 tam

280 668 590 708 sententiarum
609 666 750 718 copiae
773 665 1007 713 studuisse,
1031 665 1205 704 etiamsi
1224 667 1267 704 et
1285 663 1353 703 his
1375 663 1587 713 abundat,
1611 677 1742 717 quam

286 733 468 785 singulis
489 747 604 773 novo
627 746 801 785 semper
821 733 954 772 modo
976 731 1215 781 variandis,
1244 734 1374 784 atque
1398 731 1442 770 in
1459 730 1542 771 hac
1563 745 1608 771 re
1631 744 1746 772 sum-

282 813 399 841 mam
435 801 694 841 elocutionis
730 800 996 841 collocasse.
1061 800 1113 839 In
1153 800 1301 840 verbis
1337 811 1511 851 semper
1546 811 1743 840 summus

283 868 508 908 adhibitus
530 873 597 907 est
618 868 832 916 delectus,
868 868 930 907 ita
949 871 994 907 ut
1015 868 1058 907 in
1080 867 1207 907 rebus
1227 865 1460 906 laudandis
1481 866 1744 917 gravissima

281 948 470 987 quaeque
507 940 551 974 et
587 936 865 975 ornatissima
899 940 940 976 ct
971 936 1212 975 maximam
1232 934 1323 973 vim
1344 933 1555 973 habentia
1574 933 1743 986 delege-

279 1002 356 1052 rit3
378 1003 420 1041 in
441 1002 739 1053 vituperandis
755 1002 873 1041 haud
896 1015 990 1041 raro
1013 1001 1189 1054 quidem
1211 1001 1267 1040 ad
1286 999 1432 1052 turpia
1453 999 1685 1048 descendit,
1700 1000 1744 1040 in

281 1069 440 1122 quibus
479 1072 623 1107 tamen
654 1069 723 1108 vel
755 1081 935 1108 acumen
958 1069 1031 1108 vel
1057 1069 1335 1119 elegantiam,
1364 1066 1582 1118 siquidem
1604 1066 1681 1106 illa
1700 1066 1744 1107 in

273 1134 521 1175 istiusmodi
557 1136 684 1174 rebus
704 1135 846 1187 possit
877 1135 1022 1173 locum
1042 1134 1217 1181 habere,
1241 1145 1469 1184 agnosces,
1493 1145 1633 1185 neque
1664 1146 1742 1173 un-

278 1213 410 1254 quam
451 1205 650 1241 ornatum
688 1199 914 1253 poeticum
952 1200 1236 1240 desiderabis.
1300 1199 1510 1251 Inprimis
1541 1199 1597 1239 ad
1623 1200 1743 1241 indo-

274 1268 360 1309 lem
380 1268 611 1308 Claudiani
633 1268 844 1308 sermonis
863 1268 1046 1320 pertinet
1078 1268 1440 1319 gravissimorum
1456 1267 1744 1319 epithetorum

279 1335 426 1388 copia,
466 1347 686 1387 nusquam
718 1335 807 1374 fere
843 1338 1017 1383 temere,
1055 1334 1132 1374 sed
1173 1347 1333 1386 magna
1374 1347 1473 1374 cum
1518 1334 1744 1387 diligentia

275 1403 538 1455 positorum,
580 1414 683 1454 quae
723 1401 899 1454 quidem
935 1400 1147 1442 interdum
1185 1401 1319 1441 nimio
1365 1400 1513 1441 studio
1554 1403 1744 1455 quaesita

275 1469 495 1522 pauloque
529 1469 657 1510 altius
689 1470 822 1523 petita
852 1473 966 1519 sunt,
997 1473 1043 1510 ut
1074 1470 1150 1509 vix
1181 1469 1331 1521 possis
1361 1469 1600 1521 dispicere,
1636 1470 1743 1524 quid

276 1536 411 1589 poe'ta
439 1537 496 1578 sit
516 1539 706 1577 secutus.
768 1537 863 1577 Illis
884 1537 1163 1590 potissimum
1185 1549 1292 1576 usus
1309 1540 1375 1576 est
1394 1549 1476 1590 pro
1498 1538 1739 1590 gemmulis,

283 1604 440 1658 quibus
462 1605 699 1645 orationem
720 1604 1017 1658 distingueret,
1039 1608 1079 1645 et
1101 1604 1392 1659 splendorem,
1406 1617 1490 1645 non
1510 1608 1600 1645 tam
1619 1609 1740 1657 grato

274 1671 439 1712 lumine
454 1672 704 1723 fulgentem,
729 1685 858 1725 quam
881 1672 1201 1720 scintillantem,
1218 1684 1296 1724 per
1311 1675 1451 1712 totum
1472 1671 1570 1724 ejus
1588 1671 1740 1713 decur-

276 1751 372 1779 sum
387 1739 658 1789 diffunderet,
674 1740 749 1792 qui
771 1752 946 1793 quoque
966 1752 1065 1779 eam
1086 1741 1174 1779 vim
1194 1739 1358 1787 habuit,
1377 1743 1426 1780 ut
1444 1740 1513 1780 vel
1534 1739 1740 1781 doctissi-

272 1819 443 1847 morum
475 1812 519 1848 et
555 1808 971 1860 elegantissimorum
1005 1808 1194 1847 virorum
1222 1807 1374 1847 oculos
1397 1807 1506 1847 adeo
1525 1807 1739 1858 deliniret,

271 1876 320 1914 ut
339 1874 383 1914 in
403 1874 583 1927 reliquis
606 1875 818 1915 sermonis
839 1875 958 1915 vitiis
989 1875 1256 1924 coecutirent,
1290 1879 1365 1915 aut
1387 1874 1563 1927 judices
1594 1881 1739 1918 essent

273 1942 404 1981 nimis
425 1942 640 1983 dissoluti.
701 1942 869 1983 Omnes
891 1943 1004 1982 enim
1035 1942 1354 1996 propemodum
1374 1942 1438 1982 ita
1458 1942 1739 1984 existimave-

273 2012 382 2057 runt,
406 2008 699 2050 Claudianum
720 2009 895 2063 poetam
918 2023 1013 2050 esse
1033 2010 1142 2051 inter
1164 2010 1344 2050 Latinos
1361 2009 1554 2061 Virgilio
1570 2014 1738 2052 tantum

274 2077 640 2129 postponendum,
669 2078 850 2131 ejusque
882 2078 1068 2118 lectione
1097 2077 1373 2118 vehementer
1400 2077 1600 2118 delectati
1623 2082 1737 2119 sunt.

275 2142 390 2192 Nec,
414 2144 451 2182 si
474 2145 686 2184 sermonis
707 2145 871 2185 cultum
902 2149 944 2186 et
979 2146 1271 2199 splendorem,
1303 2145 1533 2185 verborum
1555 2157 1738 2186 suavem

274 2209 629 2258 collocationem,
642 2223 847 2251 versuum
867 2225 1093 2252 numerum
1113 2215 1155 2251 et
1177 2212 1448 2263 diligentiam
1467 2211 1734 2262 consideres,

273 2276 407 2316 habes
429 2288 547 2325 sane,
570 2277 689 2329 quod
709 2278 877 2317 illorum
894 2278 1114 2331 judicium
1136 2291 1401 2331 magnopere
1421 2278 1734 2331 deprehendas,

273 2343 435 2396 quippe
456 2343 532 2396 qui
552 2344 597 2382 in
624 2344 726 2393 illis,
748 2358 846 2397 quae
869 2345 926 2385 ad
947 2346 1227 2386 instrumenta
1242 2349 1406 2386 tantum
1425 2345 1529 2386 artis
1546 2345 1734 2398 poetioae

273 2410 431 2450 rectius
452 2409 677 2450 referenda
711 2415 825 2460 sunt,
851 2425 984 2465 quam
1006 2412 1063 2452 ad
1083 2425 1232 2452 veram
1253 2412 1350 2465 ejus
1379 2413 1571 2453 indolem
1592 2417 1637 2457 et
1656 2426 1734 2454 na-

272 2480 429 2526 turam,
452 2490 621 2517 omnem
640 2478 759 2518 illius
780 2478 1002 2519 facultatis
1033 2480 1123 2519 vim
1143 2479 1276 2520 sitam
1292 2492 1390 2520 esse
1405 2479 1732 2528 arbitrarentur.

270 2543 379 2585 Sunt
396 2547 540 2585 tamen
554 2545 784 2585 verborum
800 2549 842 2586 et
866 2546 1207 2587 enuntiationum
1229 2547 1574 2600 complexiones,
1596 2560 1733 2599 quan?

271 2624 400 2665 quam
440 2625 566 2652 suam
600 2613 859 2654 suavitatem
897 2614 1068 2662 habent,
1105 2614 1371 2668 auribusque
1402 2618 1618 2655 concentu
1649 2627 1731 2658 suo

270 2678 560 2730 blandiuntur,
588 2682 789 2722 oratoriae
818 2682 959 2734 magis
982 2694 1115 2735 quam
1135 2682 1341 2734 poeticae.
1400 2681 1538 2722 Modo
1558 2684 1730 2722 senten÷

271 2745 345 2787 tiae
365 2759 444 2800 per
462 2747 653 2800 plurium
672 2748 980 2800 membrorum,
1002 2761 1242 2802 „numerose
1262 2753 1304 2791 et
1324 2750 1536 2794 concinne
1555 2749 1664 2793 inter
1679 2761 1728 2791 se
