1852 3193
273 196 360 239 322
772 207 846 236 cr..
879 204 1158 236 ομΑυοιΛΝι
1195 204 1247 234 x.

275 299 503 355 Carpathii
523 301 692 351 Triton,
714 301 1096 351 obluctantemque
1117 299 1296 351 petebat

274 368 561 424 Cymothoen.
619 369 764 408 Timet
785 366 862 405 illa
880 365 1032 414 serum,
1055 379 1241 419 seseque
1264 366 1464 421 sequenti

277 437 477 489 Surripit‚
499 444 539 476 et
561 436 681 475 duris
702 435 886 474 elabitur
907 434 995 474 uda
1015 434 1206 475 lacertis.

276 502 406 544 Heus
425 504 433 543 !
465 504 602 556 inquit
623 502 875 555 speculatus
895 500 1060 542 Amor:
1093 515 1183 542 non
1202 505 1346 543 vestra
1364 502 1448 543 sub
1468 501 1570 543 imis
1652 501 1737 542 140

276 568 413 609 Furta
430 571 512 622 tegi
537 574 715 622 potuere
738 569 890 611 vadis:
922 570 1145 622 accingere
1166 573 1362 610 nostram

275 634 498 676 Vecturus
520 636 752 676 dominam.
814 636 1010 676 Pretium
1031 649 1116 676 non
1136 636 1222 676 vile
1243 635 1407 676 laboris

277 702 547 756 Cymothoen
568 703 755 752 facilem,
779 716 880 756 quae
902 716 1013 743 nuuc
1033 703 1258 753 detrectat,
1285 703 1485 745 habebis.

276 769 381 811 Hac
402 771 599 811 mercede
623 772 737 811 veni.
799 771 1002 825 Prorupit
1025 773 1189 824 gurgite
1210 775 1356 812 torvus

277 837 482 879 Semifer:
514 839 671 879 undosi
693 840 921 880 verrebant
939 840 1122 880 brachia
1140 840 1304 880 crines:
1653 837 1741 878 145

276 903 474 957 Hispida
494 905 696 945 tendebat
718 906 854 946 bifido
875 907 1059 958 vestigia
1081 920 1231 956 cornU,

274 1007 375 1039 hunda
391 1009 541 1038 Amorum
556 1009 755 1039 multitudine
770 1013 855 1039 eunt.
904 1010 1015 1039 Triton
1030 1009 1124 1040 nabat
1139 1010 1194 1039 sub
1210 1010 1301 1040 undis
1315 1010 1412 1040 maris
1430 1010 1609 1050 Carpathii,
1629 1012 1659 1040 et
1671 1018 1742 1049 per-

272 1050 454 1090 sequebatur
469 1051 656 1090 (fymotlw'e'n
674 1053 887 1081 reluctantem.
933 1052 993 1081 Illa
1012 1052 1124 1082 metuit
1148 1052 1289 1089 bestiam,
1313 1055 1343 1081 et
1359 1052 1513 1082 subtrahit
1530 1062 1593 1083 sese
1609 1052 1657 1083 illi
1668 1062 1740 1092 pre-

275 1093 383 1131 menti,
398 1096 427 1122 et
444 1092 509 1132 ipsa
524 1092 641 1122 lubrica
657 1093 771 1132 effugit
787 1103 829 1123 ex
846 1094 981 1123 brachiis
994 1093 1059 1131 ejus
1073 1093 1190 1124 crudis.
1236 1094 1336 1132 Heus,
1349 1104 1427 1124 unus
1446 1096 1592 1124 Amorum
1608 1095 1742 1126 intuitus

274 1135 380 1172 illum,
406 1135 472 1164 ait.-
496 1144 565 1164 num
591 1145 709 1165 amores
724 1135 818 1166 vestri
833 1139 1001 1175 potuerunt
1016 1136 1163 1166 occultari
1189 1136 1244 1166 sub
1266 1138 1355 1176 aquis
1374 1135 1563 1176 profundis?
1594 1147 1742 1177 praepara

275 1180 317 1215 te,
329 1180 510 1217 portaturus
524 1177 677 1216 Reginam
688 1182 826 1209 nostram
837 1179 1009 1209 Venerem
1021 1189 1028 1209 ;
1046 1180 1240 1219 consequeris
1249 1180 1415 1210 mercedem
1431 1190 1490 1210 nou
1501 1189 1630 1219 parvam
1641 1180 1744 1220 operis

275 1220 340 1258 tui,
356 1220 488 1250 scilicet
508 1220 694 1260 Cymothoen
710 1221 849 1260 docilem,
865 1232 933 1262 quar
948 1231 1029 1252 nunc
1043 1223 1156 1252 renuit.
1203 1223 1326 1252 Adreni
1342 1222 1385 1252 ob
1403 1221 1456 1252 hoc
1468 1222 1643 1262 praemium.
1686 1221 1743 1253 Se-

274 1262 367 1301 mifer
381 1263 532 1293 terribilis
545 1262 714 1300 festinavit
731 1273 792 1304 per
808 1274 903 1305 mare,
928 1265 1033 1305 capilli
1049 1266 1207 1296 madentes
1221 1265 1384 1296 verrebant
1401 1266 1531 1296 lacertos
1545 1265 1622 1303 ejus.
1670 1264 1741 1300 Qua

892 1359 1127 1371 eeeeeeeeeee

277 1419 341 1449 137
357 1418 524 1458 Carpathii
536 1419 570 1450 T.
581 1419 660 1451 Vat.
676 1429 743 1452 sec,
761 1419 881 1451 Ambr.
893 1429 960 1452 see.
976 1420 1059 1451 Put.
1077 1421 1142 1451 inc.
1170 1420 1289 1451 Heius.
1318 1419 1392 1451 cod.
1415 1419 1529 1452 Ursin.
1544 1421 1624 1451 Var.
1641 1420 1708 1451 LL.
1724 1429 1744 1451 e

277 1469 383 1500 marg.
397 1461 513 1491 Pan-m.
534 1463 644 1493 Triton
662 1463 827 1503 Carphatii
844 1463 910 1494 duo
920 1464 1017 1495 Vatt.
1036 1463 1218 1503 Carpathiis
1233 1467 1304 1493 tres
1320 1464 1417 1494 Vatt.
1430 1463 1529 1495 Farn.
1540 1463 1635 1494 Prie.
1650 1464 1744 1494 Rott.

276 1502 400 1534 Petav.
418 1514 469 1544 pr.
489 1509 523 1535 et
540 1506 619 1536 Vat.
647 1515 715 1536 sec.
734 1517 777 1537 m.
803 1516 869 1537 sec.
891 1506 1084 1546 Carpathius
1102 1507 1174 1537 Pal.
1201 1506 1296 1537 Med.
1322 1515 1375 1546 pr.
1392 1506 1525 1537 Thuan.
1552 1507 1638 1537 Exc.
1665 1505 1741 1538 cod.

277 1544 399 1577 Rhem.
425 1547 551 1586 patebat
579 1549 661 1588 Leg.
686 1549 808 1579 tenebat
835 1549 1037 1580 Prien-138
1063 1549 1253 1589 Cymothoen
1276 1549 1426 1579 Florent.
1453 1549 1520 1579 duo
1546 1548 1642 1579 Med.
1663 1548 1744 1580 Put.

276 1588 406 1618 Thuan.
425 1590 547 1620 Petav.
566 1595 645 1621 tert.
673 1592 859 1629 Tymothoen
872 1592 953 1622 Var.
976 1592 1043 1622 LL.
1061 1592 1112 1622 ed.
1141 1591 1248 1622 Antv.
1266 1591 1373 1627 seram
1390 1591 1484 1622 Med.
1502 1597 1611 1632 quart.
1630 1591 1745 1622 Oxon.

277 1639 327 1671 pr.
340 1632 460 1670 petenti
476 1632 568 1662 Med.
587 1638 667 1664 tert.
685 1634 802 1664 Ambr.
820 1644 871 1673 pr.
887 1634 1009 1664 Sched.
1026 1633 1225 1664 (ἐμὼ-139
1248 1635 1406 1664 subtrahit
1424 1634 1501 1664 Pat.
1516 1635 1598 1664 unda
1616 1634 1744 1664 lacertis

279 1671 346 1703 duo
366 1673 458 1704 Vatt.
484 1675 578 1706 Rott.
595 1676 702 1706 oisel.
720 1676 784 1707 inc.
803 1676 922 1707 Heins.
947 1677 1028 1707 Put.
1053 1677 1135 1715 Reg.
1155 1686 1196 1706 111.
1214 1685 1262 1715 pr.
1281 1675 1355 1706 cod.
1375 1677 1487 1706 Ursiu.
1505 1677 1588 1706 Var.
1608 1677 1674 1707 LL.
1692 1677 1744 1706 ed.

279 1714 494 1747 Antv.—-l40
517 1719 641 1757 inquam
657 1718 751 1748 Med.
774 1728 840 1749 sec.
857 1728 899 1749 111.
915 1728 964 1758 pr.
989 1718 1140 1758 spoliatus
1162 1728 1249 1748 amor
1275 1718 1368 1749 Rott.
1395 1729 1454 1749 non
1477 1722 1580 1748 restra
1597 1724 1746 1759 quatuor

279 1758 375 1788 Vatt.
394 1758 467 1789 Pal.
486 1759 583 1790 Farn.
607 1770 678 1790 num
697 1761 779 1791 Exc.
796 1762 943 1792 Lueens.
961 1771 1028 1792 sec.
1053 1761 1137 1791 item
1153 1760 1230 1791 edd.
1248 1760 1353 1791 Gesu.
1371 1765 1406 1791 et
1425 1761 1563 1800 ssipont:
1579 1771 1653 1801 quae
1668 1766 1746 1801 post

277 1798 315 1829 τὸ
333 1801 419 1830 vadis
433 1802 564 1840 signum
584 1803 863 1842 interrogationis
891 1804 1059 1834 exhibent.
1082 1813 1154 1833 uum
1171 1803 1224 1833 vel
1248 1813 1307 1833 non
1322 1803 1400 1833 Vat.
1430 1813 1479 1843 pr.
1498 1803 1592 1841 furta
1606 1803 1747 1835 sabiniis

285 1842 394 1873 Vestra
411 1844 488 1881 tegi,
505 1846 556 1883 ἅμ’.
582 1845 817 1876 mazam—141
843 1846 940 1876 radis.
957 1847 1073 1886 στιγμῇ
1088 1844 1195 1885 τελείᾳ
1209 1846 1289 1875 Vat.
1307 1855 1373 1876 see.
1390 1846 1481 1877 Prie.
1501 1847 1596 1878 Rott.
1612 1850 1746 1877 vestram

279 1885 354 1915 Pal.
372 1885 466 1916 Mea.
491 1890 648 1926 piu—142
666 1888 827 1918 Ducturus
854 1889 943 1919 Prie.
966 1888 1103 1919 Laturus
1119 1889 1359 1918 'limam—143
1386 1889 1585 1928 Cymothoem
1595 1890 1747 1921 Florent-

279 1927 374 1958 Med.
391 1937 456 1958 sec.
476 1929 553 1959 Put.
571 1930 703 1960 Thuan.
720 1932 847 1962 Mazar.
866 1931 984 1962 Petav.
1010 1941 1077 1961 sec.
1103 1941 1135 1961 se
1152 1932 1305 1961 detrectat
1322 1931 1583 1962 Florent.—-144
1603 1933 1748 1972 prorupit

277 1970 358 2000 Vat.
369 1981 419 2010 pr.
434 1972 774 2004 F101=ent.Exc.Laeti
788 1979 822 2004 et
841 1975 985 2005 Luceus.
1004 1974 1253 2013 sec.prorumpit
1264 1977 1343 2003 octo
1354 1973 1527 2005 aiii—145
1540 1973 1676 2012 Semifer
1692 1975 1747 2005 vel

281 2012 418 2044 Semivir
433 2015 512 2045 Vat.
531 2025 579 2055 pr.
597 2015 715 2046 humasi
732 2016 802 2046 Pal.
820 2017 969 2048 Florem.
987 2017 1079 2047 Med.
1094 2027 1144 2056 pr.
1157 2016 1320 2046 terrebant
1333 2021 1398 2047 vet.
1409 2016 1491 2057 Gyr.
1506 2017 1589 2048 Exc.
1605 2018 1748 2049 Lucens.

280 2064 348 2086 sec.
363 2056 505 2086 velabant
522 2068 637 2088 omnes
657 2059 747 2089 Vait.
762 2059 836 2090 Pal.
854 2060 951 2089 Farn.
970 2060 1061 2090 Prie.
1086 2059 1184 2090 Rott.
1202 2059 1418 2090 (ΗΜΛ-146
1445 2059 1582 2100 Hispz'aa
1595 2060 1748 2091 Florent.

281 2097 349 2128 duo
362 2099 592 2130 Med.'l’huan.
605 2101 732 2131 Mazar.
745 2101 865 2142 Aspera
880 2103 1000 2142 viginti
1015 2103 1164 2143 quinque
1179 2101 1287 2132 Codd.
1301 2103 1386 2133 Exc.
1405 2102 1550 2133 Gevart.
1564 2102 1696 2134 Schott.
1711 2108 1748 2134 et

283 2140 426 2171 Lucens.
444 2152 509 2171 sec.
527 2143 579 2172 ed.
599 2143 710 2174 Vicet.
736 2149 768 2173 et
784 2146 864 2176 Var.
881 2146 946 2176 LL.
964 2146 1014 2176 erl.
1040 2145 1144 2175 Antv.
1169 2145 1292 2185 Aspera
1313 2145 1366 2175 vel
1385 2145 1525 2184 Hispida
1541 2145 1619 2176 vat.
1636 2151 1747 2186 quart.

282 2182 364 2213 Put.
382 2185 540 2213 tentabant
562 2185 657 2216 Rott.
671 2186 766 2216 Med.
781 2191 859 2217 tert.
875 2189 1013 2218 tentabat
1027 2189 1111 2219 Exc.
1128 2189 1259 2219 Schott.
1274 2187 1435 2219 certabant
1448 2189 1526 2218 Vat.
1545 2197 1613 2219 sec.
1631 2188 1748 2220 Ursin.

283 2224 359 2255 cod.
378 2226 458 2256 Var.
477 2227 544 2256 LL.
562 2236 579 2257 e
598 2237 703 2267 marg.
731 2229 843 2259 Parui.
869 2230 1013 2260 tendebat
1031 2232 1109 2261 Yat.
1136 2235 1248 2271 quart.
1276 2231 1372 2261 Med.
1397 2236 1507 2272 quart.
1533 2230 1657 2262 Ambr.
1677 2240 1748 2262 sec.

283 2267 370 2299 Exe.
392 2268 536 2299 Lucens.
555 2279 603 2309 pr.
634 2270 800 2302 tendebant
815 2273 1070 2312 quatuordecim
1088 2273 1158 2313 alii,
1184 2273 1240 2304 ed.
1269 2273 1384 2305 Parm.
1413 2278 1449 2305 et
1470 2273 1582 2305 Vicet.
1610 2273 1748 2305 terrebat

950 2342 1090 2373 NOTAE

327 2405 390 2433 137
416 2403 596 2443 Carpathii]
629 2403 727 2434 Mare
765 2404 986 2444 Carpathium
1043 2406 1178 2438 destini.

284 2452 413 2484 dicitur
440 2454 482 2483 ab
505 2453 615 2484 insula
643 2455 813 2495 Carpatho
842 2455 884 2485 ad
912 2465 988 2486 oras
1088 2459 1149 2488 143
1174 2457 1356 2496 Detrectat]
1380 2456 1618 2488 Concubitum.

286 2502 380 2534 Asiae
413 2504 568 2541 minoris,
606 2505 696 2535 inter
732 2505 919 2545 AEgyptum
955 2511 990 2538 et
1089 2510 1152 2537 146
1177 2508 1283 2548 Bifido
1297 2507 1405 2547 cornu]
1435 2507 1558 2538 Triton
1585 2517 1662 2538 cum
1690 2508 1748 2540 de-

286 2552 439 2584 Rhodum
456 2565 462 2583 :
493 2554 566 2584 Mer
581 2556 618 2585 cle
635 2554 820 2595 Scarpanto.
1046 2555 1136 2586 sinat
1153 2556 1185 2586 iu
1203 2557 1342 2596 piscem,
1373 2567 1438 2587 non
1453 2557 1559 2588 habet
1577 2558 1682 2598 pedes
1699 2559 1749 2590 bi-

330 2606 393 2634 138
419 2604 622 2644 Cymothoen]
636 2606 698 2636 Est
711 2605 829 2636 Triton
843 2605 990 2646 foemina,
1046 2606 1169 2645 sulcos,
1189 2606 1248 2637 sed
1267 2607 1447 2638 branchias
1466 2608 1628 2648 quasdam
1645 2608 1748 2640 bisul-

287 2653 337 2685 sie
364 2653 457 2684 dieta
486 2657 574 2695 quoa
602 2665 662 2695 per
698 2654 822 2687 fluctus
849 2663 965 2688 currat
979 2669 987 2689 ς
1044 2665 1099 2686 eas
1116 2656 1178 2687 sub
1194 2661 1327 2698 ventre,
1341 2667 1478 2690 crurum
1492 2657 1747 2691 similitudinem

287 2703 508 2744 κῦμαῙῐυι-ίιιε,
521 2710 556 2736 et
573 2704 630 2736 Θέω
645 2716 743 2737 curro,
1043 2706 1219 2738 habentes.

333 2757 392 2787 141
419 2756 534 2798 Furta]
557 2756 699 2788 Amores
715 2755 832 2788 furtivi
849 2760 885 2789 et
898 2757 990 2789 elan<¹
