1852 3193
220 202 304 245 136
698 216 774 246 οι.
808 216 1093 246 eLAumANi
1129 217 1205 248 111.

218 306 332 348 Tum
353 308 478 348 tellus
501 310 743 350 communis
765 310 869 350 erit:
905 314 995 350 tum
1014 310 1149 349 limite
1170 308 1291 349 nullo
1594 310 1679 352 380

225 374 504 416 Discernetur
524 390 651 429 ager:
683 391 760 418 nec
786 391 959 418 vomere
981 377 1131 417 sulcus
1154 376 1328 417 adunco

219 441 456 485 Findetur:
488 445 646 485 subitis
668 456 834 484 messor
855 444 1063 496 gaudebit
1085 444 1246 485 aristis.

219 508 448 552 Rorabunt
469 516 675 565 querceta
698 512 828 561 savis,
855 513 1102 564 stagnantia
1123 514 1293 565 passim

217 577 336 619 Vina
357 579 502 629 fluent,
527 579 697 632 oleique
718 580 870 621 lacus:
902 592 982 620 nec
1005 581 1169 620 murice
1190 581 1336 622 tinctis

215 644 470 687 Velleribus
493 651 712 700 quaeretur
732 647 895 687 honos:
928 646 1006 687 sed
1026 650 1183 700 sponte
1202 649 1419 690 rubebunt
1593 647 1680 689 385

214 768 300 796 terra
312 767 372 797 erit
387 768 576 804 communis,·
597 771 670 799 tunc
693 769 794 809 campi
816 770 910 800 nullis
923 770 1101 801 dividentur
1116 770 1277 801 terminis:
1302 780 1398 810 neque
1414 779 1488 809 ager
1505 769 1679 809 frangetur

216 812 322 839 aratro
351 820 461 840 curro:
484 811 621 849 agricola
647 812 807 843 loetahitur
829 813 923 853 spicis
946 813 1045 843 subito
1063 813 1292 844 nascentibus.
1341 814 1495 848 Qum-ceta
1517 812 1679 844 stillabunt

213 851 322 882 melle.-
346 853 417 882 virm
433 854 624 884 exundantia
641 853 819 891 fundentur
832 856 977 896 undique,
994 859 1023 886 et
1040 856 1124 886 lucus
1138 856 1215 885 olei:
1237 865 1331 895 neque
1346 857 1489 895 splendor
1509 859 1681 886 accersetur

215 893 294 924 lanis
308 896 440 935 aspersis
449 906 607 936 purpura.-
630 898 682 927 sed
705 907 819 937 greges
842 899 924 929 ultro
948 902 1187 939 purpurascent,
1210 902 1334 939 pastore
1362 899 1547 940 admirante,
1567 902 1597 929 et
1622 907 1680 938 per

831 1005 869 1016 θ’
884 1004 1060 1016 oeeaeeeoaeo

213 1095 307 1128 Prie.
326 1098 421 1130 Rott.
439 1100 534 1131 Leid.
562 1109 613 1140 pr.
630 1102 715 1134 Exe.
732 1103 830 1134 Laeti.
847 1103 945 1140 jubas
961 1103 1072 1133 Oxon.
1091 1112 1141 1142 pr.
1170 1112 1188 1133 a
1219 1112 1263 1133 m.
1292 1112 1360 1134 sec.
1385 1102 1433 1133 ita
1449 1102 1594 1134 Gesner.
1617 1112 1678 1133 uno

212 1139 307 1170 Leid.
326 1150 376 1178 pr.
400 1144 524 1173 trudere
538 1143 619 1174 Vat.
648 1152 713 1176 sec.
742 1145 831 1185 quod
858 1145 1002 1176 Heinsio
1033 1145 1160 1185 placuit
1177 1145 1218 1175 ad
1237 1145 1367 1184 Paneg.
1386 1145 1488 1186 Olyb.
1505 1150 1540 1176 et
1569 1145 1677 1176 Prob.

210 1190 262 1212 vs.
280 1184 353 1212 112.
378 1183 519 1216 claudere
534 1189 605 1216 tres
623 1186 703 1217 Vat.
721 1187 797 1219 Pal.
814 1188 914 1218 Farn.
940 1187 1035 1218 Pric.
1053 1187 1160 1218 Oisel.
1189 1188 1316 1218 condere
1332 1188 1485 1218 Florent.
1501 1187 1597 1218 Med.
1611 1197 1678 1219 sec.

211 1223 335 1255 Petav.
365 1235 415 1265 pr.
443 1227 527 1259 Exc.
545 1228 629 1259 Cod.
648 1229 768 1261 Rhem.
794 1231 883 1270 quod
910 1230 1071 1270 amplecti
1089 1230 1179 1260 visus
1197 1230 1373 1269 Heinsius,
1391 1231 1446 1270 qui
1470 1229 1679 1270 ascripserat

211 1268 400 1307 sequeutia.
434 1272 573 1311 condere,
594 1272 641 1302 sic
672 1277 707 1303 et
736 1275 864 1304 condere
893 1274 1010 1303 lumina
1039 1283 1100 1312 pro
1124 1274 1265 1303 claudere
1291 1273 1379 1313 apud
1406 1272 1509 1304 Ovid.
1536 1273 1614 1303 binc
1641 1277 1678 1304 et

209 1310 334 1340 condita
350 1312 548 1349 posterioris
564 1315 627 1344 aevi
643 1315 877 1355 scriptoribus,
892 1315 934 1345 de
951 1325 1016 1355 qua
1034 1325 1116 1346 voce
1143 1315 1211 1346 vid.
1229 1316 1376 1346 Casaub.
1402 1316 1443 1346 ad
1471 1315 1563 1346 Hist.
1587 1314 1677 1355 Aug.

210 1360 243 1391 p.
257 1354 309 1382 21.
327 1357 361 1383 et
385 1354 525 1386 Salmas.
542 1365 575 1395 p.
592 1359 643 1387 26.
668 1358 901 1394 conderefunns
917 1358 1099 1397 Capitolin,
1115 1368 1192 1398 pag.
1219 1361 1272 1389 30.
1301 1358 1324 1388 l.
1350 1362 1381 1389 5.
1397 1358 1483 1389 Haec
1501 1357 1674 1389 Heinsius.

209 1395 339 1425 condere
356 1396 408 1426 vel
421 1397 561 1428 claudere
577 1399 672 1430 Rott.
687 1400 768 1430 Put.
784 1400 925 1431 barathri
941 1401 1030 1439 longo
1045 1400 1163 1431 Ambr.
1182 1403 1340 1440 piu—380
1366 1401 1444 1431 Tum
1459 1401 1543 1440 Reg.
1561 1401 1675 1432 Oxou.

207 1445 262 1476 pr.
280 1437 401 1468 Petav.
424 1449 493 1471 sec.
511 1440 595 1471 Exc.
611 1442 754 1474 Lucens.
771 1452 838 1474 sec.
865 1446 1054 1473 tunc—tunc
1069 1448 1139 1474 tres
1151 1443 1230 1475 Yat.
1245 1444 1321 1473 Pal.
1339 1443 1440 1474 Farn.
1454 1444 1547 1475 Prie.
1566 1443 1674 1474 Oisel.

210 1479 295 1510 Exc.
324 1481 423 1512 Laeti.
455 1485 620 1514 communis
645 1485 699 1515 vel
739 1486 884 1516 immunis
910 1485 1032 1517 Petav.
1061 1489 1220 1526 pr.—35>l
1246 1487 1461 1516 discernentur
1491 1485 1588 1517 Leid.
1621 1496 1672 1526 pr.

208 1522 326 1553 adunco
354 1524 429 1556 Vat.
453 1526 562 1566 quint.
588 1527 663 1559 Pal.
692 1527 777 1559 Exc.
806 1528 894 1559 Laeti
921 1533 955 1559 et
987 1530 1131 1559 Lucens.
1159 1538 1211 1569 pr.
1233 1529 1346 1559 obunco
1363 1529 1444 1559 Vat.
1470 1528 1549 1567 duo,
1578 1528 1674 1560 Med.

209 1567 292 1596 tert.
323 1565 431 1597 Oisel.
463 1568 560 1598 Leid.
594 1579 645 1609 pr.
678 1569 796 1601 Ambr.
827 1581 895 1602 sec.
925 1571 1047 1602 Petav.
1075 1581 1140 1602 sec.
1168 1573 1254 1602 Exc.
1281 1571 1380 1611 Laeti,
1414 1571 1470 1602 ed.
1497 1572 1610 1602 Parni.
1638 1575 1674 1602 et

208 1606 324 1639 Vicet.
352 1609 467 1640 obunco
488 1611 624 1642 Tholos.
652 1613 737 1653 Reg.
768 1613 890 1645 Petav.
921 1617 1002 1645 tert.
1040 1613 1156 1644 obunco
1186 1615 1237 1645 vel
1266 1616 1387 1645 adunco
1409 1614 1492 1645 Lov.
1521 1613 1559 1644 ab
1595 1624 1672 1645 unco

207 1649 414 1683 Voss—382
435 1653 592 1684 scindetur
607 1654 701 1686 Med.
720 1661 831 1696 quart.
850 1657 934 1687 Exc.
953 1657 1097 1688 Lucens.
1121 1667 1171 1697 pr.
1193 1657 1368 1696 frangetur
1384 1656 1479 1688 Leid.
1506 1666 1558 1697 pr.
1586 1657 1672 1688 Exc.

209 1690 352 1724 Gevart.
375 1704 490 1725 messor
511 1697 624 1727 subitis
650 1708 684 1736 g.
702 1698 795 1729 Med.
814 1705 926 1740 quart.
943 1700 1029 1730 Exc.
1049 1700 1192 1730 Lucens.
1219 1709 1270 1740 pr.
1285 1699 1435 1738 gaudebit
1450 1709 1565 1730 messor
1578 1699 1672 1731 Prie.

206 1737 315 1766 —383
330 1736 420 1774 savis
437 1739 489 1769 vel
506 1739 601 1777 favos
618 1740 697 1771 Vat.
717 1751 768 1781 pr.
784 1742 878 1774 Med.
896 1751 963 1774 sec.
978 1743 1078 1782 passis
1093 1752 1155 1782 pro
1173 1742 1292 1783 passim
1318 1743 1526 1773 Rott.—384
1549 1742 1673 1782 oleoque

207 1775 287 1808 Pat.
313 1779 444 1820 olimque
465 1782 579 1812 vicet.
598 1783 761 1815 Heinsius.
779 1785 975 1825 conjecerat
991 1786 1158 1824 oleumque,
1175 1789 1209 1816 et
1237 1785 1447 1825 provocabat
1464 1784 1506 1815 ad
1522 1788 1620 1815 notas
1638 1785 1671 1815 in

207 1819 327 1860 Epigr.
342 1822 375 1852 in
390 1823 557 1854 Jacobum
573 1835 661 1865 mag.
679 1827 786 1867 equit.
811 1827 870 1858 ubi
897 1837 915 1858 e
948 1833 1078 1867 septem
1097 1827 1205 1858 Codd.
1225 1828 1318 1868 legit,
1334 1829 1342 1844 ‘
1363 1827 1408 1857 Et
1426 1832 1483 1858 tua
1501 1832 1670 1868 perpetuo

206 1861 297 1893 dolia
312 1864 388 1895 vina
400 1864 637 1900 fluant.’—385
662 1869 754 1899 honos
769 1874 838 1900 tres
862 1870 958 1901 Med.
975 1871 1106 1901 Bouon.
1122 1871 1255 1902 Tholos.
1278 1871 1361 1901 Lov.
1377 1869 1496 1901 Ambr.
1518 1879 1584 1900 sec.
1603 1869 1670 1901 duo

207 1904 305 1937 Leid.
321 1906 388 1937 duo
404 1908 526 1939 Petav.
542 1915 578 1940 et
594 1911 740 1942 totidem
754 1912 876 1943 Heius.
904 1913 998 1943 honor
1015 1914 1091 1944 Vat.
1110 1923 1160 1952 pr.
1189 1914 1288 1943 Farn.
1318 1913 1416 1944 Rott.
1447 1912 1554 1944 Oisel.
1582 1913 1667 1943 Exc.

207 1946 306 1980 Laeti.
331 1950 397 1981 ovis
420 1952 547 1984 Moret.
570 1962 639 1985 sec.
664 1954 760 1985 honor
786 1956 841 1986 vel
867 1956 932 1987 oris
962 1953 1056 1997 Regu*
1072 1955 1185 1987 Oxou.
1204 1965 1254 1997 pr.
1272 1956 1352 1987 Vat.
1371 1959 1480 1997 quart.
1503 1957 1555 1987 sed
1578 1958 1671 1996 ponte

862 2063 895 2095 N
903 2063 1009 2095 OTAE

205 2149 300 2190 giues
317 2154 423 2181 tonsae
440 2150 474 2182 in
493 2151 663 2193 triumpho
677 2152 906 2186 ducebantur:

204 2205 241 2231 et
257 2210 376 2231 rasura
401 2200 542 2232 crinium
574 2211 675 2242 poena
704 2204 813 2235 civilis
831 2204 907 2236 fuit.

204 2250 299 2283 Quot
314 2250 393 2281 olim
409 2250 591 2291 Principes
612 2253 790 2293 opprobrii
805 2264 908 2285 causa

203 2301 282 2339 rasi,
298 2306 334 2331 et
348 2301 381 2332 in
397 2303 637 2333 monasterium
655 2303 803 2335 detrusi!

245 2351 416 2391 Barathri]
437 2351 642 2383 Barathrum
654 2353 747 2384 locus
760 2353 906 2386 Athenis

203 2400 405 2442 profundus,
442 2406 477 2434 et
519 2412 684 2443 caenosus,
733 2404 768 2435 in
805 2415 904 2446 quem

203 2452 293 2482 noxii
311 2452 508 2493 praecipites
534 2454 743 2494 agebantur3
767 2459 802 2486 et
825 2456 905 2487 inde

204 2502 349 2533 sumitur
376 2512 438 2543 pro
469 2502 592 2534 Inferis
617 2513 676 2535 seu
692 2505 846 2545 Tartaro,
872 2506 905 2537 in

202 2563 303 2596 quem
318 2553 545 2586 detruduntur
560 2554 707 2596 improbi
722 2567 729 2586 :
753 2555 908 2597 βάραθρον

203 2603 293 2643 apud
309 2604 454 2635 Graecos
470 2603 618 2642 estfossa
630 2605 797 2646 profunda.

244 2657 307 2686 880
333 2656 438 2686 Tellus
463 2656 630 2688 communis
655 2656 731 2696 erit]
756 2657 806 2688 Ut
830 2662 905 2689 erat

203 2714 264 2746 per
293 2707 456 2738 saeculum
487 2716 638 2749 aureum,
667 2707 765 2748 eujus
789 2707 906 2749 imagi-

962 2165 1041 2186 nem
1057 2154 1286 2186 renovandam
1303 2163 1377 2185 esse
1395 2154 1456 2194 ait,
1468 2152 1671 2195 Imperanti-

963 2205 1025 2236 bus
1041 2205 1193 2236 Arcadio
1210 2209 1246 2235 et
1262 2204 1430 2235 Honorio.

1005 2257 1067 2284 383
1108 2253 1276 2293 Querceta]
1325 2253 1436 2293 Sylvae
1476 2252 1666 2293 quercubus

962 2304 1115 2334 consitae.
1160 2303 1322 2343 Virgilius
1337 2313 1344 2333 t
1368 2302 1377 2318 ‘
1394 2303 1440 2333 Et
1455 2301 1550 2333 durae
1567 2311 1665 2343 quer-

961 2363 1019 2384 cus
1031 2352 1208 2384 sudabunt
1224 2353 1356 2384 roscida
1369 2352 1494 2384 mella!

1001 2406 1063 2434 384
1088 2403 1226 2443 Murice]
1276 2404 1448 2444 Purpura,
1464 2412 1539 2444 quae
1564 2403 1666 2444 tingi-

959 2458 1015 2485 tur
1041 2453 1203 2494 sanguine
1232 2454 1376 2484 Muricis
1407 2454 1522 2495 pisciS‚
1545 2454 1600 2485 vel
1628 2454 1667 2485 li·-

959 2514 1065 2545 quore
1083 2504 1225 2535 Muricis
1243 2503 1348 2536 floris.

1000 2557 1061 2586 385
1104 2555 1270 2589 Quaeretur
1300 2554 1406 2595 honos]
1448 2554 1545 2584 Lana
1572 2553 1664 2586 enim

957 2615 1119 2645 purpurae
1149 2605 1264 2637 colore
1293 2603 1428 2636 videtur
1455 2613 1531 2636 esse
1561 2604 1663 2635 hono-

958 2660 1046 2687 rata·
