1852 3193
213 203 297 247 158
711 211 784 240 ct..
816 207 1097 239 anuniAui
1132 206 1174 233 v.

214 311 319 352 Non
340 309 461 350 illum
483 308 656 349 Natura
676 307 796 359 capit
814 319 823 345 z
856 313 1157 357 quascumque
1179 300 1350 353 paravit

214 379 307 421 Hic
329 378 557 431 Augustus
576 389 696 429 opes,
719 378 774 422 et,
798 385 909 425 quas
930 374 1029 424 post
1050 369 1165 409 bella
1182 368 1363 420 recepit,

214 446 345 488 Solus
364 445 520 486 habet:
551 453 763 496 possessa
783 439 917 479 semel
938 449 1022 476 non
1043 435 1219 476 reddere
1240 439 1375 475 curat.

213 514 397 555 Scilicet
416 512 486 553 ille
510 510 683 563 quidem
705 505 937 560 tranquilla
956 517 1068 558 pace
1088 502 1281 545 fruatur:

214 568 504 635 Nos⁴premat
523 577 726 619 obsidio?
760 575 866 629 quid
888 577 1054 627 partem
1075 571 1281 612 invadere
1302 570 1467 610 tentat?
1590 568 1675 609 160

214 650 403 691 Deserat
419 647 618 700 Illyricos
640 644 772 693 fines;
808 643 902 683 an
924 641 1112 682 remittat

214 716 430 770 Agmina3
460 714 675 754 fraternas
695 725 751 752 ex
771 723 900 764 aequo
919 709 1088 749 dividat
1106 708 1254 749 hastas
1271 721 1281 758 3

214 783 311 825 Nec
334 783 496 836 sceptri
517 785 680 822 tantum
701 779 850 829 fueris,
874 779 952 819 sed
975 778 1138 826 militis,
1161 777 1317 817 haeres.

215 850 349 902 Quod
371 852 408 891 si
432 850 686 890 dissimulas
706 852 864 888 nostrae
886 858 1135 888 succurrere
1156 844 1299 894 morti,

213 981 259 1013 bit
274 981 375 1019 illum,
391 990 451 1010 non
470 979 564 1009 Orbis
579 978 764 1008 universus.
813 977 1013 1016 Quascunque
1038 976 1167 1006 divitias
1192 975 1242 1005 hic
1265 976 1439 1014 Imperator
1464 972 1677 1004 Theodosius

211 1024 392 1061 cumulavit,
408 1026 438 1053 et
459 1032 534 1060 quas
549 1021 692 1050 resumsit
705 1022 775 1059 post
796 1019 915 1058 praelia,
931 1029 1009 1049 uuus
1033 1018 1176 1049 Stilicho
1192 1018 1342 1056 possidet:
1366 1027 1420 1047 uec
1442 1017 1562 1055 satagit
1585 1015 1676 1045 resti-

212 1070 299 1097 tuere
316 1075 369 1096 res
385 1065 476 1095 semel
488 1066 662 1102 occupatas
709 1062 869 1091 Nimirum
886 1062 939 1090 ille
953 1061 1096 1091 Stilicho
1111 1059 1252 1100 potiatur
1263 1069 1339 1099 pace
1348 1059 1489 1099 placida.-
1506 1069 1560 1089 nos
1572 1057 1680 1088 obrua-

213 1118 282 1138 mur
297 1104 476 1138 obsidione?
498 1115 554 1135 cur
566 1107 697 1134 conatur
711 1113 858 1144 occupare
874 1103 1090 1132 haereditatem
1106 1102 1218 1132 tuam?
1240 1102 1397 1141 relinquat
1411 1101 1586 1140 provincias
1603 1101 1680 1140 Illy-

212 1151 316 1180 ricas.-
338 1150 450 1179 reddat
464 1151 604 1178 catervas
622 1146 762 1176 Orientis
773 1157 784 1182 ;
804 1145 967 1185 partiatur
989 1144 1151 1184 (equaliter
1167 1145 1324 1174 exercitus
1339 1143 1515 1182 fraternos,
1531 1153 1627 1183 neque
1642 1146 1679 1173 tu

212 1193 265 1233 εἰς,
281 1202 300 1223 ο
316 1191 460 1232 Arcadi,
473 1199 626 1221 successor
641 1192 764 1220 tantum
779 1188 917 1229 imperii,
932 1189 984 1218 sed
1000 1191 1030 1217 et
1046 1187 1247 1218 exercituum.
1274 1186 1365 1222 Quod
1380 1186 1517 1228 sifingis
1531 1185 1681 1216 auxiliari

828 1283 1062 1294 eeeeeeeeeeee

211 1353 353 1392 pererrat
371 1349 446 1380 Pal.
464 1347 559 1379 Med.
578 1349 739 1386 pun—158
763 1356 816 1377 nec
831 1346 910 1377 Vat.
927 1356 977 1386 pr.
1007 1346 1067 1377 sibi
1091 1356 1152 1387 pro
1176 1348 1268 1378 semel
1284 1350 1319 1377 et
1334 1356 1416 1377 curoe
1439 1345 1560 1377 Ambr.
1577 1355 1628 1385 pr.
1645 1348 1681 1375 et

215 1393 337 1425 Sclied.
355 1391 557 1424 (ἰωὰ-159
581 1390 711 1421 Scilicet
739 1389 867 1420 Moret.
891 1398 960 1419 sec.
990 1399 1008 1419 a
1023 1399 1066 1421 m.
1092 1399 1160 1420 sec.
1184 1390 1222 1420 Si
1246 1390 1318 1420 licet
1344 1391 1438 1420 Rott.
1464 1389 1497 1419 z‘n
1518 1398 1593 1428 pace
1605 1387 1681 1419 Pal.

215 1436 379 1468 Heinsius
398 1434 614 1474 conficiebat,
638 1433 804 1473 tranquilla
821 1435 854 1462 ut
877 1442 952 1472 pace
961 1431 1104 1469 fruatur.
1130 1432 1264 1469 fruatur
1281 1433 1380 1463 Farn.
1399 1431 1495 1462 Med.
1512 1441 1578 1462 sec.
1595 1431 1680 1461 Exc.

217 1480 363 1512 Lucens.
379 1487 449 1508 sec.
468 1476 521 1507 ed.
542 1476 657 1506 Parm.
676 1480 711 1505 et
728 1476 838 1505 Vicet.
855 1475 986 1512 fruetur
1006 1475 1078 1506 Pal.
1092 1475 1242 1506 Florent.
1261 1475 1394 1506 Bonon.
1408 1475 1539 1505 Mazar.
1557 1473 1679 1504 Petav.

217 1526 301 1561 tres,
317 1521 399 1552 item
416 1524 489 1551 tres
507 1518 602 1549 Med.
623 1519 735 1549 Oxon.
755 1527 804 1557 pr.
823 1518 888 1548 duo
905 1517 999 1549 Leid.
1016 1517 1159 1548 totidem
1176 1518 1297 1549 Ambr.
1315 1523 1350 1549 et
1365 1518 1487 1548 Heius.
1504 1518 1581 1548 Pat.
1598 1517 1681 1548 Lov.

219 1564 326 1595 Oisel.
343 1565 423 1594 Vat.
440 1563 522 1601 tres,
537 1562 619 1592 item
651 1561 734 1591 Vat.
758 1560 867 1591 Livin.
894 1562 979 1591 Exc.
1009 1561 1109 1599 Laeti,
1134 1561 1276 1592 Gevart.
1295 1561 1371 1594 cod.
1389 1561 1546 1592 Pulman.
1563 1564 1600 1590 et
1617 1560 1682 1590 Lu-

216 1616 309 1638 cens.
326 1617 377 1647 pr.
393 1605 527 1644 fruatur
553 1605 607 1635 vel
628 1603 758 1642 fruetur
783 1604 867 1643 Reg.
894 1604 1085 1634 Pate-160
1105 1607 1226 1644 premat
1248 1605 1348 1636 Fam.
1376 1604 1526 1634 Florent.
1548 1602 1682 1633 Thuan.

215 1650 350 1680 Bonou.
379 1649 459 1679 Pat.
487 1653 554 1678 tres
579 1648 703 1677 Petav.
732 1651 876 1686 quatuor
904 1645 999 1676 Med.
1027 1656 1110 1676 unus
1139 1647 1261 1677 Heins.
1287 1648 1372 1678 Exc.
1396 1648 1540 1677 Lucens.
1558 1654 1610 1686 pr.
1626 1644 1681 1676 ed.

216 1692 333 1723 Parm.
351 1696 386 1722 et
398 1691 511 1722 Vicet.
533 1693 652 1730 premet
666 1689 747 1720 Vat.
766 1689 874 1720 Livin.
896 1689 1031 1719 Tholos.
1050 1689 1180 1719 Mazar.
1199 1689 1328 1720 Incert.
1342 1690 1462 1721 Heius.
1479 1695 1547 1720 tres
1560 1688 1681 1719 Ambr.

211 1735 331 1775 premit
345 1735 398 1766 ed.
416 1734 541 1773 Isingr.
559 1737 594 1763 et
612 1733 746 1773 Gryph.
776 1732 893 1771 premit
908 1732 1089 1771 velpremet
1105 1733 1187 1763 Vat.
1206 1742 1258 1772 pr.
1274 1742 1319 1763 m.
1338 1743 1389 1773 pr.
1410 1735 1532 1773 premat
1546 1732 1600 1762 vel
1612 1740 1682 1772 pre-

214 1781 277 1808 met
293 1779 372 1810 Put.
387 1777 418 1808 iu
437 1786 519 1807 voce
535 1775 652 1806 obsidia
667 1775 825 1805 mendum
840 1775 977 1805 subesse
995 1775 1187 1815 suspicatur
1204 1774 1378 1807 Heinsius.
1406 1785 1497 1815 quam
1508 1778 1599 1815 parte
1615 1773 1682 1805 dno

216 1821 298 1853 Vat.
314 1820 387 1861 quid
402 1820 454 1850 vel
470 1819 523 1858 qui
540 1819 652 1850 Oxou.
670 1827 720 1857 pr.
754 1818 822 1857 quis
837 1817 945 1848 Oisel.
978 1827 1084 1857 pacem
1102 1819 1187 1848 Exc.
1206 1818 1281 1849 Pat.
1297 1828 1365 1849 rec.
1387 1828 1494 1858 parem
1511 1817 1586 1848 cod.
1606 1817 1683 1848 Cla-

216 1872 287 1894 ver.
321 1866 455 1903 spat-tem
468 1861 590 1901 Isingr.
622 1863 744 1900 partem
757 1861 890 1891 Tholos.
909 1861 1060 1892 Florent.
1078 1859 1197 1890 Ambr.
1218 1865 1299 1891 tert.
1331 1866 1453 1901 partem
1469 1871 1513 1892 sc.
1545 1863 1684 1890 nostram

218 1905 332 1937 Gloss.
348 1905 441 1936 Med.
466 1914 533 1934 sec.
554 1903 713 1935 Heinsius
731 1904 937 1943 ascripserat
966 1904 1075 1933 locum
1104 1903 1288 1944 Capitolin.
1314 1905 1349 1934 in
1376 1903 1563 1934 Pertinace
1580 1912 1612 1942 p.
1629 1905 1682 1934 54.

216 1948 238 1979 l.
253 1948 319 1979 13.‘
333 1958 352 1978 a
365 1947 518 1988 partibus
536 1950 686 1976 remotus
695 1945 770 1976 est!
786 1946 853 1976 vid.
869 1946 1062 1976 Casaubon.
1077 1956 1110 1986 p.
1126 1949 1199 1977 103.
1216 1951 1251 1977 et
1261 1946 1398 1978 Salmas.
1414 1957 1448 1986 p.
1462 1949 1535 1977 125.
1554 1946 1595 1975 de
1611 1954 1686 1984 par-

219 1991 311 2022 tibus
327 1991 482 2030 Scaliger
497 1989 539 2020 ad
558 1989 783 2019 Manil.—-lssl
816 1990 917 2027 AEgeu
934 1989 1020 2018 Exc.
1042 1989 1245 2019 Voss—162
1275 1991 1342 2020 alas
1364 1990 1449 2029 legit
1462 1988 1684 2019 Heinsius.—

218 2036 280 2064 163
295 2033 377 2074 cepti
394 2034 478 2063 Exc.
492 2031 705 2069 Voss.fueris
719 2032 771 2062 secl
787 2034 910 2061 tantum
925 2031 1167 2067 Tlruamsueris
1179 2035 1300 2062 tautum
1312 2032 1455 2070 triginta
1470 2031 1579 2063 Codd.
1597 2031 1683 2062 Exc-

218 2077 319 2115 Laeti,
333 2076 474 2107 Gevart.
490 2075 588 2106 Voss.
605 2079 641 2104 et
669 2075 814 2104 Lucens.
835 2083 887 2113 pr.
905 2074 958 2105 ed.
977 2073 1091 2104 Vicet.
1110 2075 1225 2105 Parin.
1242 2075 1337 2106 Junt.
1354 2075 1571 2106 (solim—164
1593 2072 1682 2104 dissi-

218 2120 317 2150 mulas
332 2119 399 2149 duo
422 2118 502 2148 Vat.
530 2118 614 2148 Exc.
636 2117 723 2147 Laeti
741 2122 774 2147 et
793 2118 937 2147 Lucens.
959 2127 1027 2148 sec.
1049 2117 1225 2148 dissimulas
1242 2118 1293 2149 vel
1308 2118 1482 2149 dissimules
1498 2117 1612 2148 Oxon.
1629 2125 1682 2156 pr.

882 2213 1021 2244 NOTAE

224 2305 290 2341 rat,
305 2304 344 2332 ut
364 2298 595 2331 resisterent?
621 2302 657 2329 et
682 2297 808 2338 Livius,
828 2298 924 2329 ‘aliis
979 2298 1041 2329 hac
1060 2308 1154 2330 voce.

223 2353 348 2385 bellum
359 2351 492 2392 jussum
506 2348 603 2380 erat.’
1023 2352 1084 2381 162
1109 2349 1244 2390 Hastas]
1267 2349 1330 2380 Vel
1343 2350 1513 2381 exercitus
1531 2359 1593 2391 per
1608 2351 1684 2381 has·

267 2403 341 2434 Non
377 2399 492 2439 orbita]
536 2399 731 2430 Stilichonis
770 2399 926 2440 potentia
980 2404 1046 2431 tam
1080 2401 1251 2441 signatos3
1294 2401 1347 2431 vel
1374 2408 1561 2442 sceptrum,
1589 2401 1681 2442 quod

221 2463 290 2486 non
308 2452 443 2490 iisdem,
459 2451 579 2492 quibus
595 2450 666 2491 Sol,
681 2450 844 2481 limitibus
862 2450 925 2481 cir·
980 2451 1095 2482 Grteci
1119 2456 1245 2482 vocant
1269 2453 1437 2492 σκῆπτρον,
1459 2452 1593 2491 hastam,
1616 2461 1684 2493 qua

224 2503 478 2538 cumscribitur.
978 2503 1090 2543 Reges
1115 2503 1193 2533 olim
1225 2503 1480 2534 innitebantur:
1515 2504 1684 2544 σκῆπτρον,

269 2558 331 2587 160
357 2553 503 2593 Partem]
547 2553 686 2584 Partem
714 2552 925 2583 haereditatis
977 2552 1037 2584 ἀπὸ
1053 2554 1109 2593 τοί)
1124 2552 1445 2592 σκήπτεσθαι,ἰηηίέὶ.

225 2612 306 2645 tuae‚
322 2604 454 2636 scilicet
471 2602 653 2643 Imperium
671 2602 836 2634 Orientis.
1022 2608 1082 2635 163
1110 2605 1235 2645 Hoeres]
1263 2605 1327 2635 Alii
1352 2605 1526 2635 deducunt
1551 2603 1592 2635 ab
1618 2604 1681 2635 hae-

269 2658 329 2687 161
354 2653 512 2696 Illyricos]
541 2653 656 2694 Illyria
680 2657 732 2684 est
759 2658 856 2683 vasta
876 2662 925 2684 re-
979 2655 1094 2685 rendo:
1118 2655 1191 2685 aliis
1218 2655 1305 2686 lieres
1330 2654 1373 2685 ab
1400 2654 1484 2692 hero,
1500 2654 1557 2694 qui
1580 2653 1683 2684 domi-

228 2708 283 2749 gio
299 2717 401 2747 snpra
414 2706 522 2737 sinum
540 2705 765 2736 Adriaticum.
980 2715 1042 2736 nus
1068 2710 1143 2738 est:
1173 2706 1346 2747 Scaligero
1372 2704 1459 2736 heres
1481 2703 1619 2746 dicitur,
1643 2707 1683 2735 ut

271 2757 355 2798 an]
393 2756 556 2789 Orientis.
593 2756 704 2797 Supra
732 2755 856 2797 saepius
883 2755 926 2787 de
979 2754 1068 2796 ἥρως.
