1857 3177
538 223 587 254 m
625 223 700 252 ei..
734 196 1105 251 CLAUDIANUMJ
1486 209 1542 250 49

89 317 410 370 copulatorum,
445 316 811 358 continuationem
843 312 1160 362 devolvuntur;
1211 311 1342 352 modo
1391 313 1544 353 eadem

86 399 156 427 res
179 386 260 435 bis,
294 390 370 434 ter,
405 384 616 424 interdum
642 385 793 435 quater
815 381 903 421 alia
923 380 1230 420 sententiarum
1262 381 1545 422 conversione

87 453 274 507 aliisque
306 453 452 493 verbis
492 452 699 491 iteratur:
730 449 806 490 sed
850 449 1055 489 membris
1091 446 1296 495 concisis,
1336 446 1546 499 nullaque

88 521 367 574 copulatione
394 518 576 572 junctis,
619 523 666 558 ut
698 519 739 558 in
782 530 949 556 summa
982 515 1155 555 dicendi
1195 514 1328 566 copia
1369 514 1546 567 species

88 588 239 641 aliqua
259 587 483 627 brevitatis
504 584 770 626 ostendatur.
834 582 1051 623 Interdum
1078 595 1162 621 non
1183 582 1380 623 membra
1401 583 1547 623 solum

88 655 310 703 membris,
334 654 410 694 sed
426 655 559 693 verba
575 654 706 693 etiam
722 652 867 691 verbis
885 650 1147 703 respondent
1164 663 1174 699 3
1190 651 1548 702 concinnitasque

88 735 174 763 non
195 726 350 774 sponte
383 722 548 770 oblata,
579 720 655 760 sed
685 719 853 759 curiose
874 719 1073 770 quaesita,
1096 721 1306 769 apparet:
1351 717 1395 757 id
1428 717 1548 770 quod

87 789 261 829 omnino
301 789 493 829 indolem
523 787 738 827 sermonis
778 784 1030 838 panegyrici
1072 783 1280 832 ostendit,
1323 797 1421 836 quae
1461 797 1551 826 non

89 858 229 898 solum
262 857 306 896 in
329 856 472 897 Plinio
488 855 680 908 juniore,
713 852 791 892 sed
822 851 955 893 etiarn
986 852 1030 890 in
1052 850 1156 898 illis,
1188 852 1384 903 quicum
1407 851 1549 892 secuti

86 928 201 974 sunt,
222 923 565 977 deprehenditur,
594 925 637 962 et
667 920 871 961 remansit
900 919 944 959 in
966 918 1233 959 carminibus
1254 919 1550 972 panegyricis,

88 996 136 1032 ut
165 991 235 1032 vel
264 1005 321 1032 ex
352 991 434 1032 hoc
474 992 637 1031 fontem
675 1001 908 1041 agnoscas,
940 987 1056 1027 unde
1096 987 1173 1027 illa
1204 990 1302 1026 sunt
1336 986 1549 1027 derivata.

90 1058 460 1112 Frequentissime
489 1061 720 1098 occurrunt
747 1056 848 1097 duae
879 1055 1217 1101 enuntiationes,
1247 1053 1430 1094 eandem
1452 1066 1550 1095 sen-

88 1128 268 1168 tentiam
289 1127 644 1179 complectentes,
667 1136 867 1176 quarum,
893 1121 1012 1173 quod
1044 1121 1179 1160 altera
1199 1133 1279 1172 per
1306 1120 1554 1161 affirmatio-

88 1206 187 1234 nem
214 1194 449 1247 expressit,
483 1192 620 1232 altera
655 1203 733 1243 per
763 1189 1036 1239 negationem
1067 1187 1185 1227 effert
1207 1189 1397 1228 numeris
1419 1187 1553 1240 priori

90 1259 373 1313 respondens.
437 1258 508 1298 Ad
544 1269 817 1297 communem
846 1267 1065 1302 versuum,
1096 1254 1257 1305 quibus
1281 1254 1551 1294 Claudianus

90 1328 238 1374 utitur,
256 1326 447 1365 indolem
469 1325 646 1371 referas,
669 1322 788 1375 quod
809 1333 961 1373 graves
982 1323 1095 1369 sunt,
1114 1324 1157 1359 et
1179 1321 1323 1360 sonori
1346 1324 1387 1360 et
1407 1321 1552 1374 splen-

90 1393 179 1434 didi
199 1406 209 1443 ;
226 1406 312 1433 non
341 1404 514 1444 semper
539 1389 716 1443 quidem
737 1391 858 1428 tanta
874 1391 962 1427 arte
982 1386 1092 1427 inter
1111 1399 1157 1426 se
1179 1387 1388 1436 contexti,
1412 1399 1552 1439 quan-

90 1465 180 1502 tam
205 1461 249 1500 in
281 1458 466 1512 Virgilio
493 1457 772 1504 admiramur,
796 1455 927 1508 cujus
949 1453 1209 1507 rhythmicae
1230 1466 1435 1494 versuum
1453 1467 1554 1495 con-

91 1529 353 1569 tinuationes
378 1526 475 1580 jure
504 1523 713 1579 putandae
753 1526 854 1562 sunt
884 1521 1084 1573 attigisse
1106 1533 1290 1569 summa,
1312 1520 1368 1561 ad
1389 1535 1487 1574 quae
1510 1523 1555 1562 in

90 1596 166 1637 illo
200 1595 385 1636 artificio
410 1593 557 1647 possit
590 1591 823 1645 perveniri.
884 1589 1005 1629 Huic
1028 1594 1174 1628 autem
1196 1588 1257 1627 rei
1281 1586 1554 1630 Claudianus

91 1664 300 1717 temporis
328 1661 544 1715 angustiis
567 1659 777 1700 exclusus
798 1670 886 1698 non
907 1669 1005 1697 eam
1027 1658 1200 1709 poterat
1219 1668 1366 1696 curam
1384 1656 1554 1708 impen-

91 1731 207 1781 dere,
228 1742 315 1784 qua
338 1728 554 1780 Virgilius
587 1727 784 1768 carmina
804 1738 885 1765 sua
903 1724 1158 1777 perpolivit.
1218 1721 1362 1772 Quam
1384 1723 1550 1764 limatae

91 1803 236 1840 autem
267 1810 396 1838 aures
429 1796 566 1837 nostri
589 1795 735 1848 po'etae
769 1793 943 1841 suerint,
973 1797 1019 1832 et
1041 1804 1172 1844 quam
1194 1791 1371 1843 elegans
1392 1791 1488 1844 ipse
1508 1791 1553 1831 in

91 1879 295 1908 versuum
318 1865 660 1912 constructione,
681 1862 824 1903 multa
843 1862 945 1902 loca
965 1858 1220 1909 ostendunt3
1253 1858 1454 1911 inprimis
1484 1872 1552 1909 ea,

92 1933 169 1974 ubi
188 1946 389 1974 versuum
409 1943 613 1972 numerus
636 1929 693 1970 ad
715 1941 918 1969 sensuum
939 1931 981 1967 et
1005 1939 1148 1967 rerum
1169 1926 1381 1966 rationem
1401 1930 1556 1967 attem-
1584 1955 1586 1958 .

94 2004 271 2053 peratus
302 1998 648 2052 deprehenditur.
709 1995 814 2036 Non
835 1998 899 2035 est
926 1995 1074 2046 igitur,
1113 1992 1231 2045 quod
1253 2006 1481 2045 negemus,
1512 1994 1558 2033 in

95 2066 278 2107 artificio
297 2065 473 2119 poetico
506 2064 796 2104 Claudianum
830 2061 969 2102 fuisse
998 2060 1207 2100 maxime
1225 2061 1519 2101 exercitatum
1542 2073 1554 2110 3

95 2135 189 2183 sed,
231 2135 267 2173 si
301 2133 374 2172 ille
411 2131 515 2171 nihil
536 2135 697 2184 praeter
727 2128 1006 2182 panegyrica,
1039 2132 1084 2168 et
1119 2128 1293 2180 epicum
1323 2127 1430 2166 illud
1463 2140 1557 2167 car-

94 2215 207 2250 men,
239 2199 359 2254 quod
380 2199 435 2239 de
456 2204 585 2250 raptu
608 2196 886 2248 Proserpinae
905 2199 971 2234 est
989 2195 1267 2246 inscriptum,
1288 2193 1556 2246 reliquisset,

94 2269 370 2310 nihilominus
400 2271 550 2306 tamen
578 2278 665 2305 non
686 2264 828 2315 magis
860 2262 1074 2315 genuinus
1107 2260 1332 2314 Calliopes
1355 2261 1556 2301 alumnus

91 2339 209 2377 esset
226 2334 467 2383 habendus,
505 2345 637 2386 quam
669 2332 842 2372 Seneca
868 2331 1064 2383 tragicus
1100 2328 1288 2377 Thaliae,
1311 2329 1486 2369 etiamsi
1514 2329 1558 2369 in

96 2402 282 2456 dialogis
330 2401 462 2456 hujus
513 2400 716 2453 spiritum
760 2398 991 2450 tragicum,
1028 2402 1072 2437 et
1111 2397 1154 2436 in
1190 2395 1336 2436 choris
1368 2395 1558 2448 lyricam

95 2471 364 2525 majestatem
391 2481 479 2508 non
513 2479 780 2519 magnopere
813 2465 1051 2505 desideres.
1124 2462 1196 2502 Ex
1230 2462 1378 2515 parvis
1411 2465 1557 2502 autem

96 2538 358 2591 quibusdam
382 2536 665 2584 carminibus,
686 2538 736 2574 ut
755 2546 891 2586 supra
910 2532 1173 2579 monuimus,
1204 2532 1296 2570 tuto
1317 2541 1556 2581 possumus

98 2606 320 2658 colligere,
343 2603 581 2645 Claudiani
608 2602 827 2655 ingenium
852 2601 1022 2640 meliori
1057 2603 1252 2651 tempore
1287 2596 1429 2635 fuisse
1464 2595 1559 2648 dig-

100 2684 224 2724 num3
244 2673 484 2725 gloriaeque
505 2684 599 2712 suae
615 2669 733 2724 apud
756 2672 956 2722 posteros
975 2680 1073 2708 eum
1094 2665 1249 2706 melius
1270 2662 1557 2712 consuluisse,

98 2738 138 2779 si
165 2751 330 2779 vacuus
351 2752 379 2779 a
400 2739 516 2780 curis
547 2742 590 2779 et
605 2738 724 2790 vulgi
755 2748 936 2778 securus
970 2736 1017 2776 in
1049 2733 1182 2775 antris
1213 2734 1256 2772 et
1289 2728 1557 2772 umbraculis

192 2812 305 2854 Delph.
323 2819 352 2846 et
373 2815 448 2846 Var.
467 2817 551 2847 Clas.
829 2813 939 2844 Claud.
1436 2807 1469 2838 D
