1857 3177
509 214 558 244 ιΝ
595 213 733 245 paon.
767 213 826 243 ΕΤ
859 213 1006 243 οιΥΒ.
1039 213 1179 244 cous.
1513 203 1570 245 73

107 308 246 350 Terra
268 322 411 358 suum,
435 313 701 362 surguntque
723 309 829 349 toris
844 307 1084 361 majoribus
1104 306 1266 347 herbae.

109 377 256 417 Sudor
277 377 418 417 adhuc
439 389 516 430 per
535 377 729 417 membra
750 377 877 425 calet,
902 377 1141 429 creberque
1162 375 1342 415 recurrit

110 443 309 492 Halitus,
328 449 369 484 et
390 443 557 498 placidi
578 445 755 485 radiant
776 445 819 484 in
842 443 1016 484 casside
1036 443 1194 484 vultus.

110 510 286 560 Qualis,
309 511 481 551 letifera
502 512 741 565 populatus
763 513 886 553 caede
905 511 1114 559 Gelonos,

108 577 330 618 Procubat
348 578 581 619 horrendus
603 578 763 620 Getico
786 578 1010 620 Gradivus
1031 579 1075 618 in
1098 577 1275 618 IIaemo.

109 645 307 688 Exuvias
328 646 513 689 Bellona
533 648 660 698 levat,
679 648 863 689 Bellona
882 650 1076 700 tepentes

110 713 292 754 Pulvere
312 715 444 755 solvit
460 729 626 769 equos;
659 718 958 768 immensaque
980 727 1138 756 cornus
1157 713 1200 754 in
1221 713 1394 754 hastam

108 780 364 833 Porrigitur,
387 783 669 835 tremulisque
690 783 787 823 serit
809 782 1117 835 splendoribus
1141 780 1356 821 Hebrum.

106 845 167 888 Ut
188 850 304 890 stetit
325 854 422 890 ante
440 849 597 889 ducem
619 849 847 890 discussas
870 849 1015 890 Roma
1036 862 1114 902 per
1135 861 1280 898 auras,

1490 574 1574 616 120

107 952 216 983 laelata
242 956 365 983 coronat
395 953 573 994 Principem
598 964 696 994 suum,
722 957 751 984 el
775 954 847 986 lecti
869 954 1032 985 herbarum
1048 956 1186 984 crescunt
1201 953 1335 983 altiores.
1380 950 1481 983 Sudor
1495 953 1573 984 calet

112 995 211 1025 adhuc
224 1005 282 1036 per
297 1005 415 1036 corpus,
429 1000 458 1027 et
474 997 628 1027 anhelitus
641 998 794 1037 repetitus
808 998 905 1036 redit,
921 1001 950 1028 et
965 998 1067 1028 rullus
1083 997 1160 1027 lenis
1175 996 1255 1026 nitet
1269 996 1324 1026 sub
1336 996 1438 1034 galea.
1484 995 1574 1026 Sicut

112 1038 211 1077 Mars,
228 1043 404 1079 postquam
423 1040 558 1070 vastat-it
572 1041 657 1070 clude
672 1041 796 1071 mortali
815 1040 960 1080 Gelonos,
977 1040 1107 1080 quiescit
1130 1039 1274 1069 horribili
1297 1039 1396 1070 modo
1412 1039 1446 1069 in
1462 1039 1573 1069 Haemo

110 1080 241 1112 Getico:
267 1081 398 1113 Bellona
413 1083 529 1112 attollit
552 1084 673 1123 spolia:
696 1084 826 1114 Bellona
842 1084 953 1114 liberat
978 1092 1068 1122 equos
1088 1083 1212 1122 pulvere
1235 1081 1343 1121 praelii
1366 1082 1520 1117 calentes;
1543 1084 1573 1112 et

107 1133 215 1154 cornus
229 1124 381 1155 altissima
397 1125 535 1163 assurgit
552 1126 584 1155 in
599 1125 732 1164 hastam,
749 1129 777 1156 el
795 1126 934 1156 verberat
952 1126 1094 1156 Hebrum
1103 1124 1232 1163 fulgore
1247 1127 1409 1155 tremente.
1455 1123 1574 1154 Statim

108 1170 197 1207 atque
215 1167 313 1198 Roma
327 1169 415 1198 stetit
428 1172 501 1198 ante
516 1168 707 1209 Principem,
719 1178 775 1208 per
791 1168 894 1199 aerem
909 1168 1104 1208 dissipatum,
1118 1177 1229 1198 saxum
1251 1167 1400 1197 conscium
1423 1169 1471 1196 ter
1493 1176 1573 1197 reso-

719 1256 956 1267 eeeeeeeeeeee

108 1311 202 1342 Med.
219 1321 270 1351 pr.
290 1310 475 1341 Aur—117
499 1310 604 1341 creber
628 1311 752 1341 Petav.
780 1319 832 1350 pr.
855 1309 952 1341 Leid.
977 1319 1029 1349 pr.
1052 1310 1120 1341 duo
1148 1310 1243 1341 Med.
1268 1311 1396 1341 Moret.
1424 1313 1491 1339 vet.
1517 1308 1573 1340 ed.

110 1353 225 1383 Parm.
254 1353 334 1384 ΑΜ.
359 1354 443 1383 Exc.
472 1354 557 1383 Laeti
583 1358 618 1383 et
644 1353 774 1383 Rubeu.
807 1353 907 1382 crebri
934 1352 988 1383 ed.
1015 1352 1128 1384 Vicet.
1152 1358 1187 1384 et
1209 1352 1324 1383 Parni.
1365 1353 1469 1382 crebro
1486 1351 1575 1382 31.»-

108 1398 170 1426 119
191 1397 350 1436 populatos
367 1397 445 1426 Yat.
463 1400 535 1435 opt.
569 1396 720 1436 proelutus
737 1395 856 1426 Gelono
871 1395 1073 1426 P1·ic.—120
1096 1406 1170 1426 art-o
1187 1396 1266 1426 Vat.
1283 1396 1363 1434 duo,
1378 1395 1455 1425 Pal.
1473 1395 1574 1425 Farn.

110 1439 202 1470 Prie.
225 1439 409 1469 horrendum
432 1438 527 1471 Leid.
551 1448 600 1479 pr.
636 1438 748 1469 Hoemo
772 1438 867 1468 Med.
896 1442 1008 1478 quart.
1039 1448 1114 1469 auro
1140 1438 1192 1469 vel
1209 1438 1324 1468 Haemo
1344 1439 1462 1469 Petav.
1478 1446 1575 1476 pr.—

111 1484 166 1513 121
192 1482 275 1520 gerit
293 1482 372 1512 Vat.
390 1487 462 1522 opt.
480 1482 581 1512 Farn.
601 1481 695 1512 Med.
713 1486 826 1522 quart.
849 1481 980 1521 bellique
995 1481 1075 1512 Vat.
1092 1481 1200 1522 quint.
1219 1482 1303 1512 Exc.
1319 1481 1406 1512 Laet.
1429 1480 1575 1520 bellisque

107 1524 160 1555 ed.
178 1524 294 1556 Parm.
323 1525 452 1556 Bellona
468 1524 562 1555 Med.
580 1534 643 1564 pr„
663 1524 785 1554 Erillus
798 1524 865 1554 vias
879 1525 1010 1555 Bellona
1032 1525 1110 1563 leva,
1135 1525 1266 1555 Bellona
1291 1527 1432 1564 repentes
1457 1523 1574 1553 Vicet.

107 1569 213 1598 ——122
235 1568 407 1598 inmensum
435 1567 516 1599 Vat.
544 1568 654 1608 quint.
687 1570 773 1597 astra
793 1567 917 1598 Sixtiu.
945 1566 1033 1607 qnod
1056 1567 1202 1607 probare
1223 1568 1311 1597 visus
1331 1567 1502 1604 Heinsius,
1518 1564 1576 1606 qui

109 1610 140 1640 in
167 1610 250 1642 edit.
280 1610 450 1650 Antverp.
478 1611 683 1650 ascripserat
710 1610 819 1642 locum
847 1620 890 1641 ex
908 1610 984 1641 Lib.
1009 1619 1048 1641 11.
1072 1610 1115 1641 de
1140 1610 1234 1641 laud.
1260 1610 1438 1641 Stilichon.
1454 1611 1575 1640 372.—

111 1655 170 1685 123
188 1653 302 1691 fremit
330 1653 484 1694 proserit
501 1653 596 1685 Med.
614 1655 834 1695 quarn—124
858 1663 952 1684 auras
975 1653 1102 1684 Moret.
1120 1658 1155 1684 et
1176 1653 1261 1684 Exc.
1286 1653 1382 1684 Laeti.
1415 1661 1505 1683 aures
1521 1650 1575 1682 ed.

770 1733 916 1765 NOTAE

108 1803 257 1836 officium
274 1815 293 1836 a
310 1804 428 1837 Poe'tis
452 1809 552 1836 terrae
570 1804 764 1843 ascribitur,
780 1804 814 1835 in

109 1857 253 1898 gratiam
275 1857 488 1899 Principum.
520 1857 529 1874 ‘
547 1857 719 1898 Quicquid
747 1857 814 1889 cal-

110 1910 243 1941 caverit
258 1909 311 1941 hic
329 1919 403 1940 rosa
419 1909 503 1940 fiat!
534 1909 684 1940 Persius.

153 1963 215 1992 118
250 1960 389 2002 Placidi]
428 1960 543 1992 Etiam
571 1960 651 1991 dum
683 1961 814 2000 galeam

110 2010 213 2051 gerit,
248 2011 425 2052 spiratque
461 2011 551 2042 bella
591 2009 815 2048 Theodosius,

109 2061 249 2102 praefert
264 2061 298 2092 in
317 2062 412 2092 vultu
433 2061 611 2092 lenitatem
629 2065 732 2102 atque
748 2061 814 2091 cle-

109 2113 282 2144 mentiam.

154 2167 216 2195 119
255 2162 380 2203 Qualis]
418 2163 509 2193 Talis
538 2162 637 2193 sedet
668 2163 817 2194 Theodo-

111 2216 191 2254 sius,
207 2214 316 2255 qualis
331 2214 436 2244 Mars.

154 2263 301 2304 Gelonos]
336 2263 383 2295 Hi
411 2267 490 2294 sunt
521 2263 668 2304 Scythiae
687 2264 816 2304 populi,

111 2315 167 2357 qui
199 2314 321 2346 faciem
353 2315 385 2345 in
419 2314 538 2355 praelio
576 2313 617 2344 ad
649 2319 816 2345 terrorem

110 2366 326 2407 pingebant‚‹
347 2370 383 2397 et
420 2365 618 2406 sanguinem
655 2365 818 2406 equinum

109 2426 186 2448 eum
204 2417 296 2448 lacte
323 2416 534 2458 permistum,
550 2421 728 2457 premente
749 2416 818 2457 siti,

108 2467 285 2500 bibebant.

154 2522 216 2551 120
245 2517 419 2559 Gradivus]
453 2518 509 2549 Sic
538 2518 633 2549 Mars
662 2522 815 2557 vocatur,

112 2569 164 2601 vel
179 2579 199 2601 a
213 2569 394 2610 κραδαίνειν,
409 2567 576 2609 κραδεύειν,
592 2567 736 2606 vibrare;
762 2569 815 2599 vel

111 2628 131 2650 a
145 2621 309 2661 gramine,
326 2621 421 2661 cujus
438 2629 566 2652 corona
588 2620 623 2650 in
647 2619 737 2650 bello
759 2620 816 2650 ho-

113 2669 274 2710 uorifica3
296 2672 350 2702 vel
369 2681 388 2702 a
412 2670 612 2712 gradiendo,
630 2669 720 2711 quod
742 2679 815 2710 gra-

114 2720 194 2750 dum
220 2719 367 2752 inferant
383 2722 440 2762 qui
464 2724 630 2762 pugnant,
646 2720 700 2750 vel
719 2719 817 2760 impi-

115 2779 174 2811 gre
191 2770 402 2812 gradiantur,
417 2781 460 2803 ex
481 2770 602 2804 Servio
618 2782 627 2810 ς
650 2770 702 2801 vel
725 2769 815 2812 quod

869 1804 996 1836 bellum
1024 1815 1042 1836 a
1071 1805 1187 1845 parvis
1213 1804 1317 1836 initiis
1335 1808 1458 1843 ortum,
1481 1802 1575 1834 velut

869 1867 931 1898 per
946 1857 1069 1898 gradus
1086 1862 1256 1898 assurgat.

914 1908 1028 1938 Getico
1057 1906 1186 1947 Haemo]
1231 1908 1371 1938 Hoemus
1399 1915 1493 1936 mons
1523 1909 1576 1936 est

870 1959 960 1989 inter
976 1958 1153 1989 'l'luaciam
1180 1962 1215 1988 et
1240 1956 1462 1995 Thessaliam,
1478 1956 1576 1987 Getis

871 2008 1020 2039 vicinus:
1046 2008 1080 2038 in
1102 2007 1198 2048 cujus
1214 2007 1342 2037 vertice
1365 2006 1485 2036 Martis
1503 2009 1578 2035 erat

870 2058 1099 2089 domicilium:
1147 2057 1194 2087 ibi
1221 2057 1349 2098 quippe
1380 2060 1457 2096 post
1486 2055 1576 2087 bella

871 2109 1045 2150 quiescere
1063 2108 1206 2139 solebat.

917 2163 976 2190 121
1001 2159 1148 2198 Bellona]
1172 2159 1259 2189 Belli
1282 2158 1371 2196 Dea,
1394 2161 1430 2189 ct
1453 2157 1576 2188 Martis

871 2219 977 2240 soror.

918 2262 979 2290 122
1005 2260 1044 2291 In
1059 2259 1195 2300 hastam]
1218 2258 1287 2290 Alii
1311 2259 1441 2299 legunt,
1467 2258 1500 2289 in
1527 2268 1577 2289 ac-

872 2315 947 2352 tam,
964 2321 1026 2342 uec
1044 2312 1142 2343 male.
1167 2311 1209 2343 Id
1225 2315 1288 2350 est,
1303 2311 1398 2341 hasta
1412 2319 1455 2340 ex
1472 2319 1576 2341 corno

873 2363 995 2394 arbore
1011 2361 1103 2394 facta
1115 2361 1312 2394 extenditur
1328 2361 1361 2391 in
1379 2365 1503 2400 actam,
1516 2370 1576 2391 seu

873 2414 980 2455 ripam
1005 2412 1164 2445 fluminis.
1202 2411 1382 2452 Virgilius:
1408 2412 1416 2427 ⁶
1435 2410 1483 2442 At
1500 2420 1576 2451 pro-

872 2465 927 2496 cul
943 2465 976 2495 in
994 2465 1064 2495 sola
1079 2467 1221 2495 secretae
1236 2461 1385 2494 Troades
1402 2461 1502 2494 acta.¹
1534 2461 1575 2492 Id

872 2520 937 2555 est,
953 2515 986 2546 in
1003 2515 1133 2546 littore.

915 2568 975 2596 123
1000 2564 1159 2605 Hebrum]
1186 2563 1253 2595 Hic
1270 2561 1390 2594 fluvius
1406 2566 1459 2593 est
1473 2561 1576 2594 Thra-

872 2616 934 2646 eiae
966 2615 1105 2655 aurifer,
1135 2620 1171 2645 et
1202 2614 1278 2645 ideo
1305 2611 1437 2653 fulgore
1468 2612 1574 2644 bastae

871 2668 977 2709 magis
995 2667 1237 2708 repercutitur.

916 2722 977 2750 124
1012 2716 1148 2757 Ducem]
1187 2715 1432 2757 Imperatorem
1464 2714 1575 2746 Theo-

872 2769 1014 2802 dosinm.
