1857 3177
602 211 664 242 nr«.
703 212 855 242 nunno
889 212 1178 244 GILDONJCO.
1536 204 1620 247 391

1536 311 1621 352 300

162 307 366 348 Ferveret
380 307 476 360 jaun
496 307 599 347 laeta
621 313 748 348 metu.
814 309 1058 350 Dissensus
1077 311 1277 359 acerbuS,

162 375 249 415 Sed
270 375 442 427 gravior
463 388 702 416 consensus
723 383 831 416 erat.
892 376 1018 417 Tunc
1044 378 1138 430 ipse
1160 382 1338 431 paterna

161 441 390 482 Successit
412 443 569 495 pictate
590 443 709 491 mihi,
732 448 1015 495 tenerumque
1038 444 1278 497 rudemque

161 507 307 557 Fovit,
331 512 373 549 et
396 510 440 548 in
462 522 588 549 veros
610 510 764 550 eduxit
786 509 1004 562 Principis
1026 524 1163 552 annos
1182 526 1191 552 ε

162 574 463 630 Rufinumque
485 577 578 625 tibi,
602 590 731 629 quem
754 583 802 616 tu
825 577 1053 617 tremuisse
1076 578 1237 628 fateris,

161 642 362 696 Depulit.
425 644 557 684 Hunc
581 644 724 684 solum
746 655 995 691 memorem,
1018 645 1247 698 solumque
1268 645 1436 686 fidelem

160 709 390 763 Experior.
451 710 591 751 Volui
615 712 652 751 si
674 711 793 764 quid,
816 710 918 751 dum
939 711 1033 751 vita
1053 717 1264 763 maneret,

162 775 250 817 Aut
269 778 392 817 visus
414 777 628 826 voluisse,
652 778 788 829 gerit:
822 777 1079 818 venerabilis
1101 778 1182 827 illi,

161 842 257 884 Ceu
279 856 437 884 numen
458 857 757 897 praesensque,
780 857 931 886 vocor.
995 845 1043 885 Si
1065 847 1184 886 tanta
1205 850 1398 896 recusas,

1539 646 1624 687 306

154 973 244 1012 pulso
266 974 394 1005 timore:
416 975 572 1006 discordia
588 978 680 1006 atrox
701 975 792 1006 inter
809 984 866 1006 eos
883 979 970 1015 erat,
987 976 1040 1007 sed
1058 976 1219 1007 concordia
1241 976 1376 1007 atrocior
1397 979 1505 1007 contra
1528 977 1626 1008 Prin-

157 1016 266 1056 cipem.
312 1017 388 1048 Tum
413 1018 478 1056 ipse
505 1018 644 1049 Stilicho
667 1018 812 1049 successit
843 1019 919 1048 mihi
940 1029 1043 1049 amore
1065 1020 1182 1058 patrio,
1204 1023 1233 1050 et
1251 1019 1337 1056 fovit
1361 1023 1396 1049 te
1424 1020 1570 1051 tenellum
1597 1023 1624 1050 et

155 1058 314 1098 ignarum,
339 1064 369 1090 ec
386 1060 526 1090 educarit
545 1066 578 1090 te
595 1062 634 1090 ml
661 1060 834 1099 legitimum
861 1064 985 1091 (etatem
1013 1061 1244 1101 Imperatoris;
1273 1066 1302 1092 et
1323 1062 1437 1092 amovit
1464 1062 1627 1103 Rufinum,

156 1111 244 1140 quem
260 1104 295 1131 tu
314 1103 462 1142 turpiter
478 1103 538 1132 tibi
562 1103 666 1132 timori
683 1102 785 1138 fuisse
809 1104 976 1143 confiteris.
1022 1104 1164 1143 Agnosco
1191 1105 1270 1134 hunc
1292 1104 1513 1135 Stilichonem
1529 1106 1627 1135 solum

156 1148 295 1182 grutam,
326 1148 356 1175 et
379 1145 611 1185 solu112fidunz:
640 1146 742 1185 siquid
767 1146 858 1185 volui,
883 1150 937 1176 uut
961 1146 1063 1186 siquid
1092 1147 1175 1177 visus
1202 1157 1274 1177 sum
1298 1147 1439 1186 voluisse,
1462 1148 1534 1177 (lum
1559 1148 1626 1177 vica

158 1190 327 1226 superesset
344 1188 435 1227 mihi,
460 1188 517 1218 ine
536 1187 632 1225 facit.
679 1189 737 1219 Ille·
754 1198 800 1219 mo
816 1189 948 1228 invocat,
974 1193 1007 1219 ut
1023 1189 1142 1220 Dirum.
1159 1191 1336 1229 verendum,
1363 1200 1398 1220 uc
1419 1193 1628 1230 praesentem:

776 1274 1010 1285 eeeeeeeeeeee

158 1335 237 1367 Vat.
255 1340 415 1376 pr.—300
429 1337 499 1375 jam
516 1339 588 1368 loeta
605 1337 725 1370 Ambr.
741 1348 811 1369 sec..
829 1338 925 1369 Med.
943 1342 1055 1379 quart.
1075 1340 1156 1370 Vat.
1176 1339 1282 1370 Livin.
1299 1339 1382 1369 Var.
1401 1339 1468 1370 LL.
1485 1348 1502 1369 e
1520 1348 1626 1378 marg.

158 1377 273 1409 Parm.
311 1383 375 1410 tam
390 1380 463 1410 loeta
481 1381 599 1421 viginti
617 1381 724 1412 Codd.
744 1381 822 1412 Ald.
838 1386 873 1412 et
893 1382 946 1412 ed.
967 1382 1079 1414 l’arm.
1114 1386 1179 1413 tum
1195 1383 1269 1413 loeta
1285 1382 1369 1412 Exc.
1386 1382 1529 1412 Gevart.
1563 1384 1628 1411 tum

158 1421 292 1460 veljam
308 1422 403 1453 Med.
421 1432 472 1462 pr.
498 1425 578 1454 lectu
594 1424 727 1454 Thuan.
762 1424 828 1454 suis
844 1434 906 1464 pro
923 1428 1007 1455 metu
1022 1426 1112 1456 Prie.
1149 1428 1232 1455 metu
1250 1425 1302 1455 vel
1320 1434 1411 1456 manu
1429 1425 1508 1455 Put.
1542 1424 1629 1454 noris

158 1463 312 1494 dissensus
327 1466 446 1495 acerris
462 1466 568 1497 Oisel.
605 1467 757 1497 discessus
780 1468 810 1497 T
814 1468 914 1497 huan.
949 1468 1067 1498 acerbis
1093 1468 1184 1498 Prie.
1219 1467 1305 1497 noris
1331 1468 1484 1497 dissensus
1508 1466 1626 1497 acerris

158 1506 213 1536 vel
230 1510 325 1537 metu.
359 1508 514 1539 dissensus
537 1509 664 1539 acerbus
680 1510 760 1540 Vat.
780 1513 938 1549 piu—301
965 1510 1027 1540 Sed
1043 1510 1137 1542 Med.
1158 1515 1268 1551 quart.
1290 1510 1374 1540 Exc.
1405 1510 1547 1540 Gevart.
1582 1508 1627 1538 Et

155 1549 286 1586 gratior
301 1559 418 1581 omnes
435 1552 528 1582 Vatt.
547 1552 621 1582 Pal.
640 1552 740 1582 Farn.
760 1553 850 1582 Prie.
872 1553 967 1583 Rott.
987 1553 1093 1584 Oisel.
1132 1555 1173 1584 At
1188 1553 1316 1591 grai-ior
1332 1551 1451 1583 Ambr.
1469 1560 1537 1582 sec.
1558 1550 1628 1581 inc.

159 1591 282 1621 Heius.
319 1592 474 1629 consessus
503 1594 601 1624 Fan-n.
638 1605 718 1625 nune
746 1595 840 1626 Med.
867 1604 936 1625 sec.
975 1605 1073 1626 noune
1099 1596 1165 1635 leg.
1192 1595 1314 1626 Heius.
1339 1596 1397 1625 iste
1421 1595 1502 1624 Vat.
1533 1602 1629 1632 pr.—

158 1635 221 1663 302
245 1633 449 1674 miserumque
466 1637 632 1676 rudemque
659 1637 714 1666 ed.
730 1637 950 1667 &icen—303
974 1637 1008 1667 in
1023 1641 1122 1668 certos
1147 1638 1243 1668 Rott.
1278 1647 1362 1667 reros
1379 1636 1398 1666 i.
1415 1646 1445 1666 e.
1473 1635 1630 1674 legitimos

159 1676 367 1716 ascripserat
400 1677 574 1708 Heinsius.
606 1679 758 1718 produxit
784 1679 912 1709 Thuan.
952 1680 1078 1710 reduxit
1106 1679 1199 1710 Med.
1231 1681 1451 1720 quart—304
1484 1688 1571 1718 quem
1599 1681 1629 1708 te

158 1718 254 1749 Med.
271 1724 381 1758 quart.
419 1720 556 1750 renuisse
573 1720 686 1751 Oxou.
704 1731 773 1752 see.
791 1731 835 1752 m.
853 1730 904 1762 pr.
942 1722 1088 1752 metuisse
1103 1722 1234 1752 Thuan.
1264 1721 1432 1760 fremuisse
1451 1721 1548 1752 Rott.
1587 1720 1628 1750 ti-

157 1760 271 1792 muisse
287 1762 441 1792 Florent.
470 1762 594 1794 Petav.
610 1767 771 1803 pr.—305
797 1764 948 1803 Reppulit
976 1765 1106 1796 Moret.
1122 1767 1302 1796 sea-306
1325 1765 1406 1794 volui
1422 1765 1496 1794 dum
1511 1764 1539 1793 si
1554 1762 1630 1802 quid

159 1802 273 1834 Oxon.
290 1814 340 1844 pr.
356 1804 432 1842 sata
448 1808 607 1836 manerent
627 1807 741 1836 Pat.—
751 1808 812 1836 307
836 1807 941 1836 videor
958 1807 1085 1837 voluisse
1101 1808 1180 1837 Vat.
1199 1815 1269 1837 see.
1292 1807 1375 1836 visus
1389 1807 1518 1836 voluisse
1532 1804 1629 1836 Med.

160 1851 273 1887 quart.
312 1847 480 1884 Adjussus
498 1857 561 1887 pro
577 1848 643 1878 Aut
658 1847 742 1878 visus
757 1848 885 1880 Thuan.
920 1849 1105 1879 venerabilis
1119 1849 1175 1879 ulli
1192 1849 1286 1879 Med.
1306 1851 1496 1879 tert.—308
1518 1857 1630 1878 numen

156 1898 351 1929 praesensque
368 1889 560 1921 octodecim
584 1891 716 1930 scripti.
744 1891 827 1921 Exc.
850 1891 950 1922 Laeti.
984 1901 1305 1932 proesensuumenque
1331 1896 1400 1922 tres
1417 1891 1511 1922 Yatt.
1536 1890 1627 1921 Prie.

821 1987 964 2020 NOTAE

202 2061 264 2090 300
290 2060 472 2101 Dissensus]
496 2060 594 2093 Inter
606 2062 730 2093 milites
744 2063 866 2094 tumul-

159 2114 296 2141 tuantes
329 2112 442 2151 gravis
479 2116 552 2142 erat
581 2112 762 2152 dissensio,
793 2114 866 2144 aliis

922 2063 1023 2095 modo
1040 2064 1182 2105 sprevit,
1205 2063 1264 2094 sed
1280 2063 1382 2094 etiam
1409 2063 1442 2093 in
1460 2072 1536 2094 eum
1553 2062 1628 2094 dira

922 2114 1052 2145 statuit.
1114 2115 1192 2146 Qua
1219 2115 1260 2144 de
1289 2122 1325 2144 re
1352 2123 1429 2144 cum
1458 2113 1628 2153 cogitaret

159 2160 226 2190 alia
242 2160 459 2199 volentibus3
475 2161 535 2192 sed
559 2163 696 2202 gravior
712 2167 747 2194 et
762 2164 868 2204 magis

159 2212 311 2243 timenda
327 2213 520 2254 consensio,
544 2214 712 2255 simulque
732 2215 866 2255 pericu-

160 2262 242 2301 lum,
283 2271 325 2293 ne
371 2267 490 2303 spreta
528 2264 636 2304 stirpe
677 2265 869 2305 Theodosii,

158 2321 286 2343 novum
318 2312 570 2353 Imperatorem
593 2315 815 2357 ingererent,
831 2321 869 2348 ut

161 2371 254 2402 saepe
270 2367 349 2394 ante
367 2373 385 2393 a
400 2363 565 2395 militibus
581 2364 794 2397 factitatum.

203 2415 268 2443 302
296 2413 519 2455 Tenerumque]
554 2414 722 2447 Arcadius
752 2420 868 2449 tamen

159 2463 326 2495 moriente
363 2464 561 2496 Theodosio
591 2476 715 2498 annum
743 2468 869 2508 agebat

157 2514 371 2554 vigesimum,
399 2515 456 2546 sed
478 2526 553 2557 quae
570 2516 604 2546 in
623 2517 679 2547 tali
697 2521 802 2549 aetate
818 2528 868 2548 re-

159 2571 234 2594 rum
257 2565 497 2605 experientia?
542 2567 635 2598 Huic
667 2573 742 2599 erat
769 2569 867 2609 nigra

161 2615 334 2654 eaesaries,
362 2622 398 2647 et
430 2627 536 2657 prava
567 2621 713 2658 statura,
742 2620 801 2650 sed
833 2620 866 2650 in

162 2663 333 2704 pingendo
349 2668 402 2697 vel
434 2668 614 2699 scribendo
638 2679 761 2709 magna
786 2670 868 2701 dex-

161 2713 304 2746 teritas:
329 2716 417 2747 hunc
433 2717 598 2749 docuerat
614 2719 754 2751 illustris
771 2729 866 2751 sanc-

163 2769 287 2806 tusque
310 2765 457 2797 Senator
483 2766 660 2809 Arsenius,
684 2779 785 2811 quem
801 2779 868 2802 nou

924 2163 1101 2203 Arsenius,
1116 2163 1202 2194 hanc
1219 2172 1339 2194 vocem
1356 2163 1526 2194 audivisse
1549 2163 1631 2195 dici·

924 2218 992 2254 tur,
1018 2214 1026 2231 ‘
1044 2213 1139 2254 fuge,
1156 2213 1250 2252 sede,
1268 2212 1367 2244 tace!
1412 2213 1503 2244 Hinc
1517 2213 1630 2244 deser-

924 2269 995 2295 tum
1010 2264 1257 2305 petiit‚sieque
1276 2263 1381 2303 fugit,
1400 2264 1493 2304 sedit,
1519 2265 1632 2304 tacuit,

924 2320 960 2346 et
990 2315 1033 2346 ob
1057 2325 1150 2346 suam
1174 2315 1338 2345 virtutem
1368 2313 1458 2344 inter
1483 2314 1629 2346 Sanctos

925 2369 978 2396 est
996 2365 1176 2405 ascriptus,

966 2419 1028 2447 303
1065 2415 1103 2445 Ιη
1119 2424 1204 2446 veros
1218 2413 1344 2454 eduxit]
1377 2414 1549 2446 Formavit
1574 2424 1632 2446 an-

922 2476 983 2498 nos
1016 2472 1091 2497 tuos
1121 2466 1218 2503 tales,
1244 2464 1363 2505 quales
1390 2474 1462 2495 esse
1494 2465 1626 2496 debent

923 2517 1002 2548 anni
1018 2515 1190 2555 Principis
1208 2515 1292 2553 veri,
1308 2515 1482 2555 Principis
1495 2514 1627 2555 optimi.

965 2569 1027 2598 304
1066 2565 1250 2604 Tremuisse]
1286 2566 1370 2595 Erat
1396 2570 1505 2603 certe,
1537 2564 1629 2606 quod

921 2617 1088 2648 Arcadius
1106 2616 1242 2646 timeret
1258 2613 1436 2653 Rufinum3
1460 2615 1521 2646 nisi
1538 2616 1628 2647 enim

921 2667 1112 2699 obstitisset
1128 2666 1284 2705 Stilicho,
1301 2665 1442 2696 Rufinus
1460 2671 1519 2697 aut
1536 2666 1629 2697 inva-

919 2718 1020 2749 sisset
1037 2721 1096 2749 aut
1111 2716 1340 2756 oppressisset
1356 2716 1555 2757 Imperium.

966 2770 1030 2799 308
1052 2765 1213 2805 Proesens]
1236 2765 1386 2797 Numina
1410 2765 1544 2809 antiqui
1567 2775 1626 2808 pu·
