<?xml version="1.0" encoding="UTF-8"?>
<!DOCTYPE html PUBLIC "-//W3C//DTD XHTML 1.0 Transitional//EN"
    "http://www.w3.org/TR/xhtml1/DTD/xhtml1-transitional.dtd">
<html xmlns="http://www.w3.org/1999/xhtml" xml:lang="en" lang="en">
 <head>
  <title>
</title>
<meta http-equiv="Content-Type" content="text/html;charset=utf-8" />
  <meta name='ocr-system' content='tesseract 3.04.00' />
  <meta name='ocr-capabilities' content='ocr_page ocr_carea ocr_par ocr_line ocrx_word'/>
</head>
<body>
  <div class='ocr_page' id='page_1' title='image "./operaomniaexedit01clauuoft_0454.png"; bbox 0 0 1852 3193; ppageno 0'>
   <div class='ocr_carea' id='block_1_1' title="bbox 204 185 1252 226">
    <p class='ocr_par' dir='ltr' id='par_1_1' title="bbox 204 185 1252 226">
     <span class='ocr_line' id='line_1_1' title="bbox 204 185 1252 226; baseline -0.003 -2"><span class='ocrx_word' id='word_1_1' title='bbox 204 185 288 226; x_wconf 72' lang='lat'><em>434</em></span> <span class='ocrx_word' id='word_1_2' title='bbox 700 193 777 223; x_wconf 67' lang='lat' dir='ltr'><em>cr„</em></span> <span class='ocrx_word' id='word_1_3' title='bbox 809 190 1091 222; x_wconf 79' lang='lat' dir='ltr'>CLAUDIANI</span> <span class='ocrx_word' id='word_1_4' title='bbox 1124 191 1252 221; x_wconf 83' lang='lat' dir='ltr'><em>xvu.</em></span> 
     </span>
    </p>
   </div>
   <div class='ocr_carea' id='block_1_2' title="bbox 206 285 1510 748">
    <p class='ocr_par' dir='ltr' id='par_1_2' title="bbox 208 285 1144 331">
     <span class='ocr_line' id='line_1_2' title="bbox 208 285 1144 331; baseline -0.004 0"><span class='ocrx_word' id='word_1_5' title='bbox 208 290 338 331; x_wconf 83' lang='lat' dir='ltr'><em>Otia:</em></span> <span class='ocrx_word' id='word_1_6' title='bbox 369 294 602 331; x_wconf 76' lang='lat' dir='ltr'><em>nascentes</em></span> <span class='ocrx_word' id='word_1_7' title='bbox 623 289 745 328; x_wconf 81' lang='lat' dir='ltr'>ibant</span> <span class='ocrx_word' id='word_1_8' title='bbox 764 288 808 326; x_wconf 91' lang='lat' dir='ltr'><em>in</em></span> <span class='ocrx_word' id='word_1_9' title='bbox 829 285 998 326; x_wconf 81' lang='lat' dir='ltr'><em>saecula</em></span> <span class='ocrx_word' id='word_1_10' title='bbox 1020 285 1144 327; x_wconf 83' lang='lat' dir='ltr'>libri:</span> 
     </span>
    </p>

    <p class='ocr_par' dir='ltr' id='par_1_3' title="bbox 208 353 1313 410">
     <span class='ocr_line' id='line_1_3' title="bbox 208 353 1313 410; baseline -0.005 -10"><span class='ocrx_word' id='word_1_11' title='bbox 208 358 318 400; x_wconf 88' lang='lat' dir='ltr'><em>Cum</em></span> <span class='ocrx_word' id='word_1_12' title='bbox 340 358 485 398; x_wconf 82' lang='lat' dir='ltr'><em>subito</em></span> <span class='ocrx_word' id='word_1_13' title='bbox 507 355 676 410; x_wconf 80' lang='lat' dir='ltr'><em>liquida</em></span> <span class='ocrx_word' id='word_1_14' title='bbox 698 358 941 394; x_wconf 75' lang='lat' dir='ltr'>cessantem</span> <span class='ocrx_word' id='word_1_15' title='bbox 963 353 1076 393; x_wconf 83' lang='lat' dir='ltr'><em>vidit</em></span> <span class='ocrx_word' id='word_1_16' title='bbox 1098 354 1154 394; x_wconf 81' lang='lat' dir='ltr'><em>ab</em></span> <span class='ocrx_word' id='word_1_17' title='bbox 1175 353 1313 395; x_wconf 83' lang='lat' dir='ltr'><em>aethra</em></span> 
     </span>
    </p>

    <p class='ocr_par' dir='ltr' id='par_1_4' title="bbox 206 421 1156 475">
     <span class='ocr_line' id='line_1_4' title="bbox 206 421 1156 475; baseline -0.005 -9"><span class='ocrx_word' id='word_1_18' title='bbox 206 424 236 466; x_wconf 91' lang='lat' dir='ltr'><strong>J</strong></span> <span class='ocrx_word' id='word_1_19' title='bbox 240 426 402 474; x_wconf 75' lang='lat' dir='ltr'><em>ustitia,</em></span> <span class='ocrx_word' id='word_1_20' title='bbox 424 429 465 465; x_wconf 80' lang='lat' dir='ltr'><em>ct</em></span> <span class='ocrx_word' id='word_1_21' title='bbox 486 428 605 464; x_wconf 77' lang='lat' dir='ltr'><em>tanto</em></span> <span class='ocrx_word' id='word_1_22' title='bbox 627 422 831 463; x_wconf 72' lang='lat' dir='ltr'><em>viduatas</em></span> <span class='ocrx_word' id='word_1_23' title='bbox 845 421 997 475; x_wconf 85' lang='lat' dir='ltr'><em>judice</em></span> <span class='ocrx_word' id='word_1_24' title='bbox 1019 421 1156 474; x_wconf 78' lang='lat' dir='ltr'><em>leges.</em></span> 
     </span>
    </p>

    <p class='ocr_par' dir='ltr' id='par_1_5' title="bbox 208 489 1192 543">
     <span class='ocr_line' id='line_1_5' title="bbox 208 489 1192 543; baseline -0.005 -8"><span class='ocrx_word' id='word_1_25' title='bbox 208 494 421 535; x_wconf 79' lang='lat' dir='ltr'><em>Continuo</em></span> <span class='ocrx_word' id='word_1_26' title='bbox 439 494 625 534; x_wconf 79' lang='lat' dir='ltr'><em>frontem</em></span> <span class='ocrx_word' id='word_1_27' title='bbox 647 492 796 531; x_wconf 84' lang='lat' dir='ltr'>nimbo</span> <span class='ocrx_word' id='word_1_28' title='bbox 818 491 964 533; x_wconf 73' lang='lat' dir='ltr'><em>velata</em></span> <span class='ocrx_word' id='word_1_29' title='bbox 983 489 1192 543; x_wconf 84' lang='lat' dir='ltr'><em>pudicam</em></span> 
     </span>
    </p>

    <p class='ocr_par' dir='ltr' id='par_1_6' title="bbox 209 556 1376 681">
     <span class='ocr_line' id='line_1_6' title="bbox 210 556 1376 612; baseline -0.003 -11"><span class='ocrx_word' id='word_1_30' title='bbox 210 562 389 602; x_wconf 82' lang='lat' dir='ltr'><em>Deserit:</em></span> <span class='ocrx_word' id='word_1_31' title='bbox 406 560 615 601; x_wconf 78' lang='lat' dir='ltr'><strong>Autumni</strong></span> <span class='ocrx_word' id='word_1_32' title='bbox 636 562 805 612; x_wconf 79' lang='lat' dir='ltr'><em>portaS,</em></span> <span class='ocrx_word' id='word_1_33' title='bbox 829 571 918 611; x_wconf 80' lang='lat' dir='ltr'><em>qua</em></span> <span class='ocrx_word' id='word_1_34' title='bbox 937 558 1076 610; x_wconf 76' lang='lat' dir='ltr'><em>vergit</em></span> <span class='ocrx_word' id='word_1_35' title='bbox 1095 558 1140 598; x_wconf 89' lang='lat' dir='ltr'><em>in</em></span> <span class='ocrx_word' id='word_1_36' title='bbox 1162 556 1376 598; x_wconf 84' lang='lat' dir='ltr'><strong>Austrum</strong></span> 
     </span>
     <span class='ocr_line' id='line_1_7' title="bbox 209 624 1297 681; baseline -0.004 -13"><span class='ocrx_word' id='word_1_37' title='bbox 209 629 407 681; x_wconf 82' lang='lat' dir='ltr'>Signifer,</span> <span class='ocrx_word' id='word_1_38' title='bbox 431 634 472 668; x_wconf 83' lang='lat' dir='ltr'><em>et</em></span> <span class='ocrx_word' id='word_1_39' title='bbox 492 627 633 667; x_wconf 84' lang='lat' dir='ltr'><em>noctis</em></span> <span class='ocrx_word' id='word_1_40' title='bbox 654 630 859 679; x_wconf 80' lang='lat' dir='ltr'><em>reparant</em></span> <span class='ocrx_word' id='word_1_41' title='bbox 879 625 1110 678; x_wconf 82' lang='lat' dir='ltr'><em>dispendia</em></span> <span class='ocrx_word' id='word_1_42' title='bbox 1131 624 1297 666; x_wconf 86' lang='lat' dir='ltr'><em>Chelae.</em></span> 
     </span>
    </p>

    <p class='ocr_par' dir='ltr' id='par_1_7' title="bbox 210 693 1510 748">
     <span class='ocr_line' id='line_1_8' title="bbox 210 693 1510 748; baseline -0.002 -10"><span class='ocrx_word' id='word_1_43' title='bbox 210 696 312 738; x_wconf 80' lang='lat' dir='ltr'><em>Pax</em></span> <span class='ocrx_word' id='word_1_44' title='bbox 329 696 502 745; x_wconf 80' lang='lat' dir='ltr'><em>avibus,</em></span> <span class='ocrx_word' id='word_1_45' title='bbox 524 707 802 748; x_wconf 82' lang='lat' dir='ltr'><em>quacumque</em></span> <span class='ocrx_word' id='word_1_46' title='bbox 824 693 947 734; x_wconf 74' lang='lat' dir='ltr'><em>volat</em></span> <span class='ocrx_word' id='word_1_47' title='bbox 965 707 973 734; x_wconf 93' lang='lat'>:</span> <span class='ocrx_word' id='word_1_48' title='bbox 1010 693 1262 747; x_wconf 80' lang='lat' dir='ltr'>rabiemque</span> <span class='ocrx_word' id='word_1_49' title='bbox 1280 693 1510 735; x_wconf 83' lang='lat' dir='ltr'><em>frementes</em></span> 
     </span>
    </p>
   </div>
   <div class='ocr_carea' id='block_1_3' title="bbox 1584 287 1672 329">
    <p class='ocr_par' dir='ltr' id='par_1_8' title="bbox 1584 287 1672 329">
     <span class='ocr_line' id='line_1_9' title="bbox 1584 287 1672 329; baseline 0.011 -1"><span class='ocrx_word' id='word_1_50' title='bbox 1584 287 1672 329; x_wconf 78' lang='lat'><em>115</em></span> 
     </span>
    </p>
   </div>
   <div class='ocr_carea' id='block_1_4' title="bbox 1587 625 1673 668">
    <p class='ocr_par' dir='ltr' id='par_1_9' title="bbox 1587 625 1673 668">
     <span class='ocr_line' id='line_1_10' title="bbox 1587 625 1673 668; baseline 0.012 -1"><span class='ocrx_word' id='word_1_51' title='bbox 1587 625 1673 668; x_wconf 77' lang='lat'><em>120</em></span> 
     </span>
    </p>
   </div>
   <div class='ocr_carea' id='block_1_5' title="bbox 208 803 1676 1016">
    <p class='ocr_par' dir='ltr' id='par_1_10' title="bbox 208 803 1676 1016">
     <span class='ocr_line' id='line_1_11' title="bbox 208 803 1674 845; baseline -0.002 -8"><span class='ocrx_word' id='word_1_52' title='bbox 208 809 345 837; x_wconf 82' lang='lat' dir='ltr'><em>terram:</em></span> <span class='ocrx_word' id='word_1_53' title='bbox 359 806 445 845; x_wconf 82' lang='lat' dir='ltr'><em>quies</em></span> <span class='ocrx_word' id='word_1_54' title='bbox 458 805 616 836; x_wconf 70' lang='lat' dir='ltr'><em>abundans</em></span> <span class='ocrx_word' id='word_1_55' title='bbox 633 805 726 835; x_wconf 76' lang='lat' dir='ltr'><em>libris</em></span> <span class='ocrx_word' id='word_1_56' title='bbox 735 804 869 842; x_wconf 61' lang='lat' dir='ltr'><em>,iuvabat</em></span> <span class='ocrx_word' id='word_1_57' title='bbox 886 808 938 835; x_wconf 83' lang='lat' dir='ltr'><em>te:</em></span> <span class='ocrx_word' id='word_1_58' title='bbox 957 804 1028 835; x_wconf 84' lang='lat' dir='ltr'><em>libri</em></span> <span class='ocrx_word' id='word_1_59' title='bbox 1040 804 1118 835; x_wconf 76' lang='lat' dir='ltr'><em>edili</em></span> <span class='ocrx_word' id='word_1_60' title='bbox 1131 814 1148 834; x_wconf 87' lang='lat' dir='ltr'>a</span> <span class='ocrx_word' id='word_1_61' title='bbox 1164 808 1196 834; x_wconf 81' lang='lat' dir='ltr'><em>te</em></span> <span class='ocrx_word' id='word_1_62' title='bbox 1213 804 1377 835; x_wconf 76' lang='lat' dir='ltr'><em>tendebant</em></span> <span class='ocrx_word' id='word_1_63' title='bbox 1390 805 1430 835; x_wconf 77' lang='lat' dir='ltr'><em>ad</em></span> <span class='ocrx_word' id='word_1_64' title='bbox 1441 803 1651 836; x_wconf 79' lang='lat' dir='ltr'><em>aeternitatem</em></span> <span class='ocrx_word' id='word_1_65' title='bbox 1662 813 1674 834; x_wconf 90' lang='lat'><em>.·</em></span> 
     </span>
     <span class='ocr_line' id='line_1_12' title="bbox 208 846 1674 888; baseline -0.001 -9"><span class='ocrx_word' id='word_1_66' title='bbox 208 859 275 879; x_wconf 81' lang='lat' dir='ltr'><em>cum</em></span> <span class='ocrx_word' id='word_1_67' title='bbox 285 849 395 880; x_wconf 79' lang='lat' dir='ltr'><em>statim</em></span> <span class='ocrx_word' id='word_1_68' title='bbox 404 849 540 879; x_wconf 80' lang='lat' dir='ltr'><em>Justitiu</em></span> <span class='ocrx_word' id='word_1_69' title='bbox 552 849 672 888; x_wconf 63' lang='lat' dir='ltr'><em>aspexit</em></span> <span class='ocrx_word' id='word_1_70' title='bbox 685 859 704 878; x_wconf 80' lang='lat' dir='ltr'><em>a</em></span> <span class='ocrx_word' id='word_1_71' title='bbox 719 848 800 878; x_wconf 73' lang='lat' dir='ltr'><em>Coelo</em></span> <span class='ocrx_word' id='word_1_72' title='bbox 809 850 890 878; x_wconf 79' lang='lat' dir='ltr'><em>claro</em></span> <span class='ocrx_word' id='word_1_73' title='bbox 902 852 935 878; x_wconf 87' lang='lat' dir='ltr'><em>te</em></span> <span class='ocrx_word' id='word_1_74' title='bbox 950 849 1111 885; x_wconf 78' lang='lat' dir='ltr'><em>otiantem,</em></span> <span class='ocrx_word' id='word_1_75' title='bbox 1123 850 1152 876; x_wconf 56' lang='lat' dir='ltr'><em>at</em></span> <span class='ocrx_word' id='word_1_76' title='bbox 1164 848 1281 877; x_wconf 81' lang='lat' dir='ltr'><em>curium</em></span> <span class='ocrx_word' id='word_1_77' title='bbox 1292 848 1448 887; x_wconf 67' lang='lat' dir='ltr'><em>privatam</em></span> <span class='ocrx_word' id='word_1_78' title='bbox 1463 846 1674 885; x_wconf 77' lang='lat' dir='ltr'><em>tantojudz&#39;ce.</em></span> 
     </span>
     <span class='ocr_line' id='line_1_13' title="bbox 208 890 1675 930; baseline -0.001 -8"><span class='ocrx_word' id='word_1_79' title='bbox 208 891 275 922; x_wconf 81' lang='lat' dir='ltr'><em>Ina</em></span> <span class='ocrx_word' id='word_1_80' title='bbox 290 891 402 922; x_wconf 73' lang='lat' dir='ltr'><em>liabens</em></span> <span class='ocrx_word' id='word_1_81' title='bbox 416 892 535 921; x_wconf 67' lang='lat' dir='ltr'><em>vultum</em></span> <span class='ocrx_word' id='word_1_82' title='bbox 550 894 668 921; x_wconf 77' lang='lat' dir='ltr'><em>castum</em></span> <span class='ocrx_word' id='word_1_83' title='bbox 683 894 797 921; x_wconf 82' lang='lat' dir='ltr'><em>tectum</em></span> <span class='ocrx_word' id='word_1_84' title='bbox 807 891 912 928; x_wconf 76' lang='lat' dir='ltr'><em>fascia</em></span> <span class='ocrx_word' id='word_1_85' title='bbox 928 891 1019 928; x_wconf 79' lang='lat' dir='ltr'><em>longa</em></span> <span class='ocrx_word' id='word_1_86' title='bbox 1035 890 1183 929; x_wconf 77' lang='lat' dir='ltr'><em>relinquit</em></span> <span class='ocrx_word' id='word_1_87' title='bbox 1199 890 1292 920; x_wconf 79' lang='lat' dir='ltr'><em>limen</em></span> <span class='ocrx_word' id='word_1_88' title='bbox 1314 891 1481 930; x_wconf 78' lang='lat' dir='ltr'><em>Autumni,</em></span> <span class='ocrx_word' id='word_1_89' title='bbox 1498 899 1558 930; x_wconf 82' lang='lat' dir='ltr'><em>qua</em></span> <span class='ocrx_word' id='word_1_90' title='bbox 1574 894 1675 930; x_wconf 85' lang='lat' dir='ltr'><em>parte</em></span> 
     </span>
     <span class='ocr_line' id='line_1_14' title="bbox 209 932 1676 970; baseline -0.001 -6"><span class='ocrx_word' id='word_1_91' title='bbox 209 933 363 965; x_wconf 78' lang='lat' dir='ltr'><em>Zodiacus</em></span> <span class='ocrx_word' id='word_1_92' title='bbox 376 934 505 964; x_wconf 82' lang='lat' dir='ltr'><em>inclinat</em></span> <span class='ocrx_word' id='word_1_93' title='bbox 522 934 599 963; x_wconf 76' lang='lat' dir='ltr'><em>sein</em></span> <span class='ocrx_word' id='word_1_94' title='bbox 615 933 788 970; x_wconf 74' lang='lat' dir='ltr'><em>meridiem,</em></span> <span class='ocrx_word' id='word_1_95' title='bbox 804 936 833 962; x_wconf 86' lang='lat' dir='ltr'><em>et</em></span> <span class='ocrx_word' id='word_1_96' title='bbox 850 933 975 962; x_wconf 73' lang='lat' dir='ltr'><em>brachia</em></span> <span class='ocrx_word' id='word_1_97' title='bbox 998 932 1193 970; x_wconf 79' lang='lat' dir='ltr'>Scorpionis</span> <span class='ocrx_word' id='word_1_98' title='bbox 1218 933 1391 963; x_wconf 72' lang='lat' dir='ltr'><em>resarciunt</em></span> <span class='ocrx_word' id='word_1_99' title='bbox 1406 935 1552 963; x_wconf 66' lang='lat' dir='ltr'><em>(lunanum</em></span> <span class='ocrx_word' id='word_1_100' title='bbox 1567 932 1676 963; x_wconf 74' lang='lat' dir='ltr'><em>noctis.</em></span> 
     </span>
     <span class='ocr_line' id='line_1_15' title="bbox 212 973 1675 1016; baseline -0.001 -9"><span class='ocrx_word' id='word_1_101' title='bbox 212 977 410 1016; x_wconf 75' lang='lat' dir='ltr'><em>Quacumque</em></span> <span class='ocrx_word' id='word_1_102' title='bbox 425 976 566 1007; x_wconf 86' lang='lat' dir='ltr'><em>Justitia</em></span> <span class='ocrx_word' id='word_1_103' title='bbox 582 976 663 1005; x_wconf 70' lang='lat' dir='ltr'><em>volut</em></span> <span class='ocrx_word' id='word_1_104' title='bbox 676 984 742 1014; x_wconf 72' lang='lat' dir='ltr'><em>120,ae</em></span> <span class='ocrx_word' id='word_1_105' title='bbox 759 979 811 1005; x_wconf 81' lang='lat' dir='ltr'><em>est</em></span> <span class='ocrx_word' id='word_1_106' title='bbox 826 974 1014 1004; x_wconf 70' lang='lat' dir='ltr'><em>volucribus:</em></span> <span class='ocrx_word' id='word_1_107' title='bbox 1049 977 1078 1004; x_wconf 84' lang='lat' dir='ltr'><em>et</em></span> <span class='ocrx_word' id='word_1_108' title='bbox 1086 973 1169 1011; x_wconf 81' lang='lat' dir='ltr'><em>ferae</em></span> <span class='ocrx_word' id='word_1_109' title='bbox 1182 976 1317 1005; x_wconf 77' lang='lat' dir='ltr'><em>crudeles</em></span> <span class='ocrx_word' id='word_1_110' title='bbox 1333 976 1511 1013; x_wconf 78' lang='lat' dir='ltr'><em>abjecerunt</em></span> <span class='ocrx_word' id='word_1_111' title='bbox 1519 975 1675 1013; x_wconf 81' lang='lat' dir='ltr'><em>furorem.</em></span> 
     </span>
    </p>
   </div>
   <div class='ocr_carea' id='block_1_6' title="bbox 829 1066 1065 1078">
    <p class='ocr_par' dir='ltr' id='par_1_11' title="bbox 829 1066 1065 1078">
     <span class='ocr_line' id='line_1_16' title="bbox 829 1066 1065 1078; baseline -0.004 -1"><span class='ocrx_word' id='word_1_112' title='bbox 829 1066 1065 1078; x_wconf 66' lang='lat' dir='ltr'><em>eeeeeeeeeeee</em></span> 
     </span>
    </p>
   </div>
   <div class='ocr_carea' id='block_1_7' title="bbox 205 1132 1685 1730">
    <p class='ocr_par' dir='ltr' id='par_1_12' title="bbox 205 1132 1685 1730">
     <span class='ocr_line' id='line_1_17' title="bbox 210 1132 1677 1175; baseline 0.001 -8"><span class='ocrx_word' id='word_1_113' title='bbox 210 1137 332 1169; x_wconf 82' lang='lat' dir='ltr'><em>Petav.</em></span> <span class='ocrx_word' id='word_1_114' title='bbox 346 1139 425 1166; x_wconf 84' lang='lat' dir='ltr'><em>tert.</em></span> <span class='ocrx_word' id='word_1_115' title='bbox 452 1135 596 1173; x_wconf 76' lang='lat' dir='ltr'><em>facunda</em></span> <span class='ocrx_word' id='word_1_116' title='bbox 613 1137 759 1175; x_wconf 83' lang='lat' dir='ltr'><em>quatuor</em></span> <span class='ocrx_word' id='word_1_117' title='bbox 775 1133 873 1163; x_wconf 81' lang='lat' dir='ltr'><em>Vatt.</em></span> <span class='ocrx_word' id='word_1_118' title='bbox 902 1133 998 1164; x_wconf 85' lang='lat' dir='ltr'><em>Rott.</em></span> <span class='ocrx_word' id='word_1_119' title='bbox 1024 1132 1130 1164; x_wconf 77' lang='lat' dir='ltr'><em>Oisel.</em></span> <span class='ocrx_word' id='word_1_120' title='bbox 1157 1133 1297 1170; x_wconf 80' lang='lat' dir='ltr'><em>fecunda</em></span> <span class='ocrx_word' id='word_1_121' title='bbox 1322 1134 1404 1166; x_wconf 82' lang='lat' dir='ltr'><em>Vat.</em></span> <span class='ocrx_word' id='word_1_122' title='bbox 1431 1145 1500 1167; x_wconf 86' lang='lat' dir='ltr'><em>sec.</em></span> <span class='ocrx_word' id='word_1_123' title='bbox 1515 1135 1592 1168; x_wconf 86' lang='lat' dir='ltr'>Pal.</span> <span class='ocrx_word' id='word_1_124' title='bbox 1610 1136 1677 1169; x_wconf 86' lang='lat' dir='ltr'><em>duo</em></span> 
     </span>
     <span class='ocr_line' id='line_1_18' title="bbox 209 1176 1679 1218; baseline 0.001 -8"><span class='ocrx_word' id='word_1_125' title='bbox 209 1179 307 1210; x_wconf 80' lang='lat' dir='ltr'><em>Med.</em></span> <span class='ocrx_word' id='word_1_126' title='bbox 330 1178 411 1211; x_wconf 87' lang='lat' dir='ltr'><em>Jun.</em></span> <span class='ocrx_word' id='word_1_127' title='bbox 442 1188 493 1218; x_wconf 85' lang='lat' dir='ltr'><em>pr.</em></span> <span class='ocrx_word' id='word_1_128' title='bbox 523 1177 636 1208; x_wconf 70' lang='lat' dir='ltr'><em>Oxou.</em></span> <span class='ocrx_word' id='word_1_129' title='bbox 665 1186 735 1207; x_wconf 84' lang='lat' dir='ltr'><em>sec.</em></span> <span class='ocrx_word' id='word_1_130' title='bbox 752 1177 836 1207; x_wconf 86' lang='lat' dir='ltr'><em>Lov.</em></span> <span class='ocrx_word' id='word_1_131' title='bbox 854 1185 898 1206; x_wconf 90' lang='lat' dir='ltr'><em>m.</em></span> <span class='ocrx_word' id='word_1_132' title='bbox 921 1186 973 1216; x_wconf 87' lang='lat' dir='ltr'><em>pr.</em></span> <span class='ocrx_word' id='word_1_133' title='bbox 989 1176 1129 1207; x_wconf 76' lang='lat' dir='ltr'><em>Tholos.</em></span> <span class='ocrx_word' id='word_1_134' title='bbox 1147 1176 1227 1207; x_wconf 86' lang='lat' dir='ltr'><em>Pat.</em></span> <span class='ocrx_word' id='word_1_135' title='bbox 1244 1177 1372 1208; x_wconf 87' lang='lat' dir='ltr'><em>Moret.</em></span> <span class='ocrx_word' id='word_1_136' title='bbox 1391 1187 1459 1209; x_wconf 85' lang='lat' dir='ltr'><em>sec.</em></span> <span class='ocrx_word' id='word_1_137' title='bbox 1477 1179 1544 1210; x_wconf 91' lang='lat' dir='ltr'><em>inc.</em></span> <span class='ocrx_word' id='word_1_138' title='bbox 1558 1179 1679 1213; x_wconf 84' lang='lat' dir='ltr'><em>Heius.</em></span> 
     </span>
     <span class='ocr_line' id='line_1_19' title="bbox 210 1218 1680 1262; baseline 0.001 -9"><span class='ocrx_word' id='word_1_139' title='bbox 210 1222 330 1253; x_wconf 72' lang='lat' dir='ltr'><em>Ambr.</em></span> <span class='ocrx_word' id='word_1_140' title='bbox 346 1231 414 1252; x_wconf 84' lang='lat' dir='ltr'><em>sec.</em></span> <span class='ocrx_word' id='word_1_141' title='bbox 440 1220 577 1258; x_wconf 81' lang='lat' dir='ltr'><em>fecunda</em></span> <span class='ocrx_word' id='word_1_142' title='bbox 605 1220 659 1250; x_wconf 85' lang='lat' dir='ltr'><em>vel</em></span> <span class='ocrx_word' id='word_1_143' title='bbox 678 1219 819 1257; x_wconf 55' lang='lat' dir='ltr'><em>jucunda</em></span> <span class='ocrx_word' id='word_1_144' title='bbox 845 1219 930 1258; x_wconf 77' lang='lat' dir='ltr'><em>Reg.</em></span> <span class='ocrx_word' id='word_1_145' title='bbox 959 1218 1073 1250; x_wconf 77' lang='lat' dir='ltr'><em>Oxou.</em></span> <span class='ocrx_word' id='word_1_146' title='bbox 1102 1228 1153 1258; x_wconf 84' lang='lat' dir='ltr'><em>pr.</em></span> <span class='ocrx_word' id='word_1_147' title='bbox 1177 1219 1273 1250; x_wconf 87' lang='lat' dir='ltr'><em>Med.</em></span> <span class='ocrx_word' id='word_1_148' title='bbox 1292 1225 1373 1251; x_wconf 88' lang='lat' dir='ltr'><em>tert.</em></span> <span class='ocrx_word' id='word_1_149' title='bbox 1398 1221 1538 1258; x_wconf 79' lang='lat' dir='ltr'><em>fecunda</em></span> <span class='ocrx_word' id='word_1_150' title='bbox 1554 1222 1680 1262; x_wconf 87' lang='lat' dir='ltr'><em>probat</em></span> 
     </span>
     <span class='ocr_line' id='line_1_20' title="bbox 210 1261 1679 1306; baseline 0.001 -10"><span class='ocrx_word' id='word_1_151' title='bbox 210 1265 374 1296; x_wconf 76' lang='lat' dir='ltr'><em>Heinsius</em></span> <span class='ocrx_word' id='word_1_152' title='bbox 403 1265 553 1304; x_wconf 76' lang='lat' dir='ltr'><em>ascripto</em></span> <span class='ocrx_word' id='word_1_153' title='bbox 581 1264 654 1294; x_wconf 87' lang='lat' dir='ltr'><em>loco</em></span> <span class='ocrx_word' id='word_1_154' title='bbox 678 1262 855 1293; x_wconf 85' lang='lat' dir='ltr'><em>Claudian.</em></span> <span class='ocrx_word' id='word_1_155' title='bbox 882 1261 991 1300; x_wconf 80' lang='lat' dir='ltr'><em>Epist.</em></span> <span class='ocrx_word' id='word_1_156' title='bbox 1021 1262 1062 1292; x_wconf 84' lang='lat' dir='ltr'><em>ad</em></span> <span class='ocrx_word' id='word_1_157' title='bbox 1093 1262 1274 1302; x_wconf 79' lang='lat' dir='ltr'><em>Olybrium</em></span> <span class='ocrx_word' id='word_1_158' title='bbox 1292 1273 1339 1294; x_wconf 79' lang='lat' dir='ltr'><em>vs.</em></span> <span class='ocrx_word' id='word_1_159' title='bbox 1358 1266 1411 1294; x_wconf 81' lang='lat'><em>21.</em></span> <span class='ocrx_word' id='word_1_160' title='bbox 1457 1265 1465 1281; x_wconf 90' lang='lat'>‘</span> <span class='ocrx_word' id='word_1_161' title='bbox 1483 1265 1679 1306; x_wconf 77' lang='lat' dir='ltr'><em>Crebraque</em></span> 
     </span>
     <span class='ocr_line' id='line_1_21' title="bbox 209 1304 1681 1346; baseline 0.001 -8"><span class='ocrx_word' id='word_1_162' title='bbox 209 1308 357 1339; x_wconf 79' lang='lat' dir='ltr'><em>fecundo</em></span> <span class='ocrx_word' id='word_1_163' title='bbox 370 1306 514 1337; x_wconf 76' lang='lat' dir='ltr'><em>festinet</em></span> <span class='ocrx_word' id='word_1_164' title='bbox 531 1307 631 1337; x_wconf 76' lang='lat' dir='ltr'><em>litera</em></span> <span class='ocrx_word' id='word_1_165' title='bbox 648 1308 767 1336; x_wconf 83' lang='lat' dir='ltr'><em>cursu.&#39;</em></span> <span class='ocrx_word' id='word_1_166' title='bbox 787 1304 949 1345; x_wconf 77' lang='lat' dir='ltr'><em>placebunt</em></span> <span class='ocrx_word' id='word_1_167' title='bbox 965 1305 1048 1336; x_wconf 89' lang='lat' dir='ltr'><em>Lov.</em></span> <span class='ocrx_word' id='word_1_168' title='bbox 1063 1305 1208 1343; x_wconf 79' lang='lat' dir='ltr'><em>jacebant</em></span> <span class='ocrx_word' id='word_1_169' title='bbox 1224 1306 1304 1336; x_wconf 83' lang='lat' dir='ltr'><em>Vat.</em></span> <span class='ocrx_word' id='word_1_170' title='bbox 1324 1309 1485 1346; x_wconf 59' lang='lat' dir='ltr'><em>pua—117</em></span> <span class='ocrx_word' id='word_1_171' title='bbox 1509 1308 1681 1340; x_wconf 77' lang='lat' dir='ltr'><em>Justz&#39;tiam</em></span> 
     </span>
     <span class='ocr_line' id='line_1_22' title="bbox 212 1349 1680 1390; baseline 0 -8"><span class='ocrx_word' id='word_1_172' title='bbox 212 1351 294 1383; x_wconf 86' lang='lat' dir='ltr'><em>Jun.</em></span> <span class='ocrx_word' id='word_1_173' title='bbox 307 1360 358 1390; x_wconf 83' lang='lat' dir='ltr'><em>pr.</em></span> <span class='ocrx_word' id='word_1_174' title='bbox 376 1350 459 1380; x_wconf 88' lang='lat' dir='ltr'><em>Put.</em></span> <span class='ocrx_word' id='word_1_175' title='bbox 476 1350 587 1380; x_wconf 81' lang='lat' dir='ltr'><em>Oxou.</em></span> <span class='ocrx_word' id='word_1_176' title='bbox 605 1359 674 1380; x_wconf 79' lang='lat' dir='ltr'><em>sec.</em></span> <span class='ocrx_word' id='word_1_177' title='bbox 707 1351 814 1379; x_wconf 76' lang='lat' dir='ltr'><em>tantus</em></span> <span class='ocrx_word' id='word_1_178' title='bbox 829 1349 911 1379; x_wconf 66' lang='lat' dir='ltr'><em>vat.</em></span> <span class='ocrx_word' id='word_1_179' title='bbox 924 1357 990 1377; x_wconf 75' lang='lat' dir='ltr'><em>sec·</em></span> <span class='ocrx_word' id='word_1_180' title='bbox 1008 1358 1052 1378; x_wconf 88' lang='lat' dir='ltr'><em>m.</em></span> <span class='ocrx_word' id='word_1_181' title='bbox 1071 1351 1232 1388; x_wconf 61' lang='lat' dir='ltr'><em>pru—118</em></span> <span class='ocrx_word' id='word_1_182' title='bbox 1258 1349 1446 1380; x_wconf 81' lang='lat' dir='ltr'><em>Continuam</em></span> <span class='ocrx_word' id='word_1_183' title='bbox 1463 1350 1545 1382; x_wconf 81' lang='lat' dir='ltr'><em>Pur.</em></span> <span class='ocrx_word' id='word_1_184' title='bbox 1578 1350 1680 1382; x_wconf 85' lang='lat' dir='ltr'><em>nimbo</em></span> 
     </span>
     <span class='ocr_line' id='line_1_23' title="bbox 213 1390 1682 1433; baseline 0.001 -9"><span class='ocrx_word' id='word_1_185' title='bbox 213 1393 334 1424; x_wconf 86' lang='lat' dir='ltr'><em>Ambr.</em></span> <span class='ocrx_word' id='word_1_186' title='bbox 353 1397 435 1424; x_wconf 84' lang='lat' dir='ltr'><em>tert.</em></span> <span class='ocrx_word' id='word_1_187' title='bbox 450 1393 534 1423; x_wconf 80' lang='lat' dir='ltr'><em>Exc.</em></span> <span class='ocrx_word' id='word_1_188' title='bbox 554 1391 638 1423; x_wconf 66' lang='lat'><em>[¹011.</em></span> <span class='ocrx_word' id='word_1_189' title='bbox 658 1391 780 1422; x_wconf 80' lang='lat' dir='ltr'><em>Rhem.</em></span> <span class='ocrx_word' id='word_1_190' title='bbox 805 1391 907 1429; x_wconf 81' lang='lat' dir='ltr'><em>limbo,</em></span> <span class='ocrx_word' id='word_1_191' title='bbox 923 1390 999 1420; x_wconf 82' lang='lat' dir='ltr'><em>vide</em></span> <span class='ocrx_word' id='word_1_192' title='bbox 1018 1391 1153 1422; x_wconf 76' lang='lat' dir='ltr'><em>omnino</em></span> <span class='ocrx_word' id='word_1_193' title='bbox 1172 1391 1315 1423; x_wconf 83' lang='lat' dir='ltr'><em>Heraid.</em></span> <span class='ocrx_word' id='word_1_194' title='bbox 1332 1392 1364 1422; x_wconf 90' lang='lat' dir='ltr'><em>in</em></span> <span class='ocrx_word' id='word_1_195' title='bbox 1381 1391 1493 1423; x_wconf 85' lang='lat' dir='ltr'><em>Amm.</em></span> <span class='ocrx_word' id='word_1_196' title='bbox 1511 1403 1545 1433; x_wconf 88' lang='lat' dir='ltr'><em>p.</em></span> <span class='ocrx_word' id='word_1_197' title='bbox 1563 1396 1682 1426; x_wconf 71' lang='lat'>102.—</span> 
     </span>
     <span class='ocr_line' id='line_1_24' title="bbox 215 1433 1681 1475; baseline 0.001 -9"><span class='ocrx_word' id='word_1_198' title='bbox 215 1439 277 1467; x_wconf 82' lang='grc'><em>119</em></span> <span class='ocrx_word' id='word_1_199' title='bbox 301 1436 433 1474; x_wconf 78' lang='lat' dir='ltr'><em>Detegit</em></span> <span class='ocrx_word' id='word_1_200' title='bbox 450 1436 535 1466; x_wconf 79' lang='lat' dir='ltr'><em>Exc.</em></span> <span class='ocrx_word' id='word_1_201' title='bbox 550 1436 695 1465; x_wconf 82' lang='lat' dir='ltr'><em>Lucens.</em></span> <span class='ocrx_word' id='word_1_202' title='bbox 709 1444 775 1464; x_wconf 79' lang='lat' dir='ltr'><em>see.</em></span> <span class='ocrx_word' id='word_1_203' title='bbox 798 1435 947 1464; x_wconf 76' lang='lat' dir='ltr'><em>Arctoum</em></span> <span class='ocrx_word' id='word_1_204' title='bbox 959 1438 1084 1473; x_wconf 79' lang='lat' dir='ltr'><em>portum</em></span> <span class='ocrx_word' id='word_1_205' title='bbox 1099 1433 1193 1465; x_wconf 86' lang='lat' dir='ltr'><em>Pric.</em></span> <span class='ocrx_word' id='word_1_206' title='bbox 1217 1435 1359 1465; x_wconf 77' lang='lat' dir='ltr'><em>autumni</em></span> <span class='ocrx_word' id='word_1_207' title='bbox 1373 1439 1479 1475; x_wconf 81' lang='lat' dir='ltr'><em>partes</em></span> <span class='ocrx_word' id='word_1_208' title='bbox 1490 1437 1588 1468; x_wconf 84' lang='lat' dir='ltr'><em>Voss.</em></span> <span class='ocrx_word' id='word_1_209' title='bbox 1604 1446 1681 1468; x_wconf 76' lang='lat' dir='ltr'><em>am.</em></span> 
     </span>
     <span class='ocr_line' id='line_1_25' title="bbox 211 1476 1682 1518; baseline 0.002 -9"><span class='ocrx_word' id='word_1_210' title='bbox 211 1489 237 1509; x_wconf 85' lang='lat' dir='ltr'><em>s.</em></span> <span class='ocrx_word' id='word_1_211' title='bbox 266 1479 347 1509; x_wconf 79' lang='lat' dir='ltr'><em>Var.</em></span> <span class='ocrx_word' id='word_1_212' title='bbox 375 1479 443 1509; x_wconf 91' lang='lat' dir='ltr'><em>LL.</em></span> <span class='ocrx_word' id='word_1_213' title='bbox 471 1478 525 1508; x_wconf 79' lang='lat' dir='ltr'><em>ed.</em></span> <span class='ocrx_word' id='word_1_214' title='bbox 556 1477 658 1508; x_wconf 78' lang='lat' dir='ltr'><em>Antv.</em></span> <span class='ocrx_word' id='word_1_215' title='bbox 682 1478 777 1508; x_wconf 63' lang='lat' dir='ltr'><em>vertit</em></span> <span class='ocrx_word' id='word_1_216' title='bbox 808 1476 874 1507; x_wconf 89' lang='lat' dir='ltr'><em>inc.</em></span> <span class='ocrx_word' id='word_1_217' title='bbox 901 1477 1021 1508; x_wconf 76' lang='lat' dir='ltr'><em>Heius.</em></span> <span class='ocrx_word' id='word_1_218' title='bbox 1044 1477 1159 1516; x_wconf 77' lang='lat' dir='ltr'><em>mergit</em></span> <span class='ocrx_word' id='word_1_219' title='bbox 1186 1477 1266 1509; x_wconf 78' lang='lat' dir='ltr'><em>Juu.</em></span> <span class='ocrx_word' id='word_1_220' title='bbox 1293 1481 1454 1518; x_wconf 60' lang='lat' dir='ltr'><em>pru—120</em></span> <span class='ocrx_word' id='word_1_221' title='bbox 1478 1479 1568 1510; x_wconf 71' lang='lat' dir='ltr'><em>theloe</em></span> <span class='ocrx_word' id='word_1_222' title='bbox 1596 1479 1682 1512; x_wconf 76' lang='lat' dir='ltr'><em>Var-</em></span> 
     </span>
     <span class='ocr_line' id='line_1_26' title="bbox 213 1520 1682 1562; baseline 0 -9"><span class='ocrx_word' id='word_1_223' title='bbox 213 1521 282 1553; x_wconf 84' lang='lat' dir='ltr'><em>LL.</em></span> <span class='ocrx_word' id='word_1_224' title='bbox 309 1521 362 1551; x_wconf 83' lang='lat' dir='ltr'><em>ed.</em></span> <span class='ocrx_word' id='word_1_225' title='bbox 386 1521 490 1552; x_wconf 76' lang='lat' dir='ltr'><em>Antv.</em></span> <span class='ocrx_word' id='word_1_226' title='bbox 514 1521 607 1551; x_wconf 75' lang='lat' dir='ltr'><em>cheloe</em></span> <span class='ocrx_word' id='word_1_227' title='bbox 634 1521 687 1550; x_wconf 78' lang='lat' dir='ltr'><em>vei</em></span> <span class='ocrx_word' id='word_1_228' title='bbox 714 1520 790 1550; x_wconf 78' lang='lat' dir='ltr'><em>thile</em></span> <span class='ocrx_word' id='word_1_229' title='bbox 813 1521 893 1550; x_wconf 76' lang='lat' dir='ltr'><em>Vat.</em></span> <span class='ocrx_word' id='word_1_230' title='bbox 910 1522 1099 1550; x_wconf 60' lang='lat' dir='ltr'><em>terh-121</em></span> <span class='ocrx_word' id='word_1_231' title='bbox 1124 1530 1308 1560; x_wconf 76' lang='lat' dir='ltr'><em>quecumque</em></span> <span class='ocrx_word' id='word_1_232' title='bbox 1323 1521 1403 1552; x_wconf 84' lang='lat' dir='ltr'><em>Vat.</em></span> <span class='ocrx_word' id='word_1_233' title='bbox 1420 1531 1471 1561; x_wconf 88' lang='lat' dir='ltr'><em>pr.</em></span> <span class='ocrx_word' id='word_1_234' title='bbox 1487 1531 1682 1562; x_wconf 69' lang='lat' dir='ltr'><em>quta-umque</em></span> 
     </span>
     <span class='ocr_line' id='line_1_27' title="bbox 215 1562 1685 1602; baseline 0.001 -7"><span class='ocrx_word' id='word_1_235' title='bbox 215 1564 330 1595; x_wconf 81' lang='lat' dir='ltr'><em>Oxou.</em></span> <span class='ocrx_word' id='word_1_236' title='bbox 346 1573 416 1594; x_wconf 82' lang='lat' dir='ltr'><em>sec.</em></span> <span class='ocrx_word' id='word_1_237' title='bbox 440 1565 522 1594; x_wconf 69' lang='lat' dir='ltr'><em>volat</em></span> <span class='ocrx_word' id='word_1_238' title='bbox 539 1569 608 1594; x_wconf 82' lang='lat' dir='ltr'><em>tres</em></span> <span class='ocrx_word' id='word_1_239' title='bbox 624 1563 720 1594; x_wconf 83' lang='lat' dir='ltr'><em>Med.</em></span> <span class='ocrx_word' id='word_1_240' title='bbox 735 1563 800 1593; x_wconf 84' lang='lat' dir='ltr'><em>inc.</em></span> <span class='ocrx_word' id='word_1_241' title='bbox 817 1563 939 1593; x_wconf 78' lang='lat' dir='ltr'><em>Heins-</em></span> <span class='ocrx_word' id='word_1_242' title='bbox 964 1562 1045 1593; x_wconf 85' lang='lat' dir='ltr'><em>Put.</em></span> <span class='ocrx_word' id='word_1_243' title='bbox 1060 1563 1144 1602; x_wconf 79' lang='lat' dir='ltr'><em>Reg.</em></span> <span class='ocrx_word' id='word_1_244' title='bbox 1162 1564 1291 1594; x_wconf 81' lang='lat' dir='ltr'><em>Thuan.</em></span> <span class='ocrx_word' id='word_1_245' title='bbox 1308 1563 1439 1594; x_wconf 76' lang='lat' dir='ltr'><em>Bonon.</em></span> <span class='ocrx_word' id='word_1_246' title='bbox 1452 1564 1531 1595; x_wconf 85' lang='lat' dir='ltr'><em>Pat.</em></span> <span class='ocrx_word' id='word_1_247' title='bbox 1544 1565 1685 1598; x_wconf 83' lang='lat' dir='ltr'><em>Tholos.</em></span> 
     </span>
     <span class='ocr_line' id='line_1_28' title="bbox 213 1605 1683 1648; baseline 0.002 -12"><span class='ocrx_word' id='word_1_248' title='bbox 213 1606 281 1637; x_wconf 91' lang='lat' dir='ltr'><em>duo</em></span> <span class='ocrx_word' id='word_1_249' title='bbox 307 1607 429 1636; x_wconf 82' lang='lat' dir='ltr'><em>Petav.</em></span> <span class='ocrx_word' id='word_1_250' title='bbox 456 1607 539 1637; x_wconf 71' lang='lat' dir='ltr'><em>Var.</em></span> <span class='ocrx_word' id='word_1_251' title='bbox 558 1607 627 1637; x_wconf 89' lang='lat' dir='ltr'><em>LL.</em></span> <span class='ocrx_word' id='word_1_252' title='bbox 646 1615 664 1636; x_wconf 89' lang='lat' dir='ltr'><em>e</em></span> <span class='ocrx_word' id='word_1_253' title='bbox 688 1616 794 1645; x_wconf 79' lang='lat' dir='ltr'><em>marg.</em></span> <span class='ocrx_word' id='word_1_254' title='bbox 823 1606 938 1635; x_wconf 86' lang='lat' dir='ltr'><em>Parm.</em></span> <span class='ocrx_word' id='word_1_255' title='bbox 970 1606 1074 1635; x_wconf 68' lang='lat' dir='ltr'><em>rolant</em></span> <span class='ocrx_word' id='word_1_256' title='bbox 1101 1605 1167 1636; x_wconf 73' lang='lat' dir='ltr'><em>(luo</em></span> <span class='ocrx_word' id='word_1_257' title='bbox 1195 1607 1292 1636; x_wconf 78' lang='lat' dir='ltr'><em>Vatt.</em></span> <span class='ocrx_word' id='word_1_258' title='bbox 1322 1607 1416 1637; x_wconf 88' lang='lat' dir='ltr'><em>Med.</em></span> <span class='ocrx_word' id='word_1_259' title='bbox 1435 1611 1516 1638; x_wconf 86' lang='lat' dir='ltr'><em>tert.</em></span> <span class='ocrx_word' id='word_1_260' title='bbox 1532 1608 1683 1648; x_wconf 83' lang='lat' dir='ltr'><em>Jun.p1·.</em></span> 
     </span>
     <span class='ocr_line' id='line_1_29' title="bbox 213 1647 1683 1689; baseline 0.001 -10"><span class='ocrx_word' id='word_1_261' title='bbox 213 1649 344 1679; x_wconf 82' lang='lat' dir='ltr'><em>Mazar.</em></span> <span class='ocrx_word' id='word_1_262' title='bbox 358 1649 446 1679; x_wconf 81' lang='lat' dir='ltr'><em>Exc.</em></span> <span class='ocrx_word' id='word_1_263' title='bbox 460 1649 592 1679; x_wconf 81' lang='lat' dir='ltr'><em>Rubeu.</em></span> <span class='ocrx_word' id='word_1_264' title='bbox 608 1650 754 1679; x_wconf 81' lang='lat' dir='ltr'><em>Lucens.</em></span> <span class='ocrx_word' id='word_1_265' title='bbox 774 1658 824 1687; x_wconf 75' lang='lat' dir='ltr'><em>pr·</em></span> <span class='ocrx_word' id='word_1_266' title='bbox 842 1652 877 1677; x_wconf 85' lang='lat' dir='ltr'><em>et</em></span> <span class='ocrx_word' id='word_1_267' title='bbox 890 1648 945 1678; x_wconf 87' lang='lat' dir='ltr'><em>ed.</em></span> <span class='ocrx_word' id='word_1_268' title='bbox 960 1648 1071 1678; x_wconf 83' lang='lat' dir='ltr'><em>Vicet.</em></span> <span class='ocrx_word' id='word_1_269' title='bbox 1102 1647 1249 1685; x_wconf 80' lang='lat' dir='ltr'><em>furentes</em></span> <span class='ocrx_word' id='word_1_270' title='bbox 1259 1650 1339 1680; x_wconf 90' lang='lat' dir='ltr'><em>Jun.</em></span> <span class='ocrx_word' id='word_1_271' title='bbox 1354 1649 1555 1689; x_wconf 85' lang='lat' dir='ltr'><em>pr.ferentes</em></span> <span class='ocrx_word' id='word_1_272' title='bbox 1571 1650 1683 1682; x_wconf 84' lang='lat' dir='ltr'><em>Oisel.</em></span> 
     </span>
     <span class='ocr_line' id='line_1_30' title="bbox 205 1690 1682 1730; baseline 0.002 -9"><span class='ocrx_word' id='word_1_273' title='bbox 205 1690 378 1727; x_wconf 81' lang='lat' dir='ltr'><em>frementes</em></span> <span class='ocrx_word' id='word_1_274' title='bbox 393 1690 460 1722; x_wconf 89' lang='lat' dir='ltr'><em>duo</em></span> <span class='ocrx_word' id='word_1_275' title='bbox 474 1690 597 1721; x_wconf 83' lang='lat' dir='ltr'><em>Leidd.</em></span> <span class='ocrx_word' id='word_1_276' title='bbox 622 1690 736 1721; x_wconf 81' lang='lat' dir='ltr'><em>Oxou.</em></span> <span class='ocrx_word' id='word_1_277' title='bbox 752 1699 818 1720; x_wconf 81' lang='lat' dir='ltr'><em>sec.</em></span> <span class='ocrx_word' id='word_1_278' title='bbox 836 1691 916 1720; x_wconf 85' lang='lat' dir='ltr'><em>Vat.</em></span> <span class='ocrx_word' id='word_1_279' title='bbox 930 1694 1041 1729; x_wconf 83' lang='lat' dir='ltr'><em>quart.</em></span> <span class='ocrx_word' id='word_1_280' title='bbox 1067 1699 1110 1720; x_wconf 88' lang='lat' dir='ltr'><em>m.</em></span> <span class='ocrx_word' id='word_1_281' title='bbox 1139 1699 1190 1730; x_wconf 88' lang='lat' dir='ltr'><em>pr.</em></span> <span class='ocrx_word' id='word_1_282' title='bbox 1209 1691 1294 1721; x_wconf 82' lang='lat' dir='ltr'><em>Exc.</em></span> <span class='ocrx_word' id='word_1_283' title='bbox 1309 1692 1411 1723; x_wconf 85' lang='lat' dir='ltr'><em>Laeti.</em></span> <span class='ocrx_word' id='word_1_284' title='bbox 1437 1691 1612 1729; x_wconf 80' lang='lat' dir='ltr'><em>frementes</em></span> <span class='ocrx_word' id='word_1_285' title='bbox 1628 1693 1682 1724; x_wconf 88' lang='lat' dir='ltr'><em>vel</em></span> 
     </span>
    </p>
   </div>
   <div class='ocr_carea' id='block_1_8' title="bbox 876 1770 1018 1800">
    <p class='ocr_par' dir='ltr' id='par_1_13' title="bbox 876 1770 1018 1800">
     <span class='ocr_line' id='line_1_31' title="bbox 876 1770 1018 1800; baseline -0.007 0"><span class='ocrx_word' id='word_1_286' title='bbox 876 1770 1018 1800; x_wconf 83' lang='lat' dir='ltr'>NOTAE</span> 
     </span>
    </p>
   </div>
   <div class='ocr_carea' id='block_1_9' title="bbox 215 1843 932 2801">
    <p class='ocr_par' dir='ltr' id='par_1_14' title="bbox 216 1843 924 1937">
     <span class='ocr_line' id='line_1_32' title="bbox 217 1843 924 1886; baseline -0.004 -9"><span class='ocrx_word' id='word_1_287' title='bbox 217 1850 344 1878; x_wconf 83' lang='lat' dir='ltr'><em>terram</em></span> <span class='ocrx_word' id='word_1_288' title='bbox 369 1849 405 1876; x_wconf 89' lang='lat' dir='ltr'><em>et</em></span> <span class='ocrx_word' id='word_1_289' title='bbox 421 1845 583 1886; x_wconf 84' lang='lat' dir='ltr'><em>quietem,</em></span> <span class='ocrx_word' id='word_1_290' title='bbox 609 1849 771 1885; x_wconf 79' lang='lat' dir='ltr'><em>tanquam</em></span> <span class='ocrx_word' id='word_1_291' title='bbox 788 1843 829 1874; x_wconf 88' lang='lat' dir='ltr'><em>ad</em></span> <span class='ocrx_word' id='word_1_292' title='bbox 848 1853 924 1883; x_wconf 85' lang='lat' dir='ltr'><em>por-</em></span> 
     </span>
     <span class='ocr_line' id='line_1_33' title="bbox 216 1901 665 1937; baseline -0.004 -8"><span class='ocrx_word' id='word_1_293' title='bbox 216 1903 301 1937; x_wconf 83' lang='lat' dir='ltr'><em>tum,</em></span> <span class='ocrx_word' id='word_1_294' title='bbox 317 1907 394 1928; x_wconf 82' lang='lat' dir='ltr'><em>mox</em></span> <span class='ocrx_word' id='word_1_295' title='bbox 408 1901 665 1937; x_wconf 82' lang='lat' dir='ltr'><em>perventurum.</em></span> 
     </span>
    </p>

    <p class='ocr_par' dir='ltr' id='par_1_15' title="bbox 215 1947 926 2291">
     <span class='ocr_line' id='line_1_34' title="bbox 262 1947 925 1987; baseline -0.003 -8"><span class='ocrx_word' id='word_1_296' title='bbox 262 1952 321 1979; x_wconf 84' lang='grc'><em>115</em></span> <span class='ocrx_word' id='word_1_297' title='bbox 350 1947 598 1986; x_wconf 65' lang='lat' dir='ltr'><em>Otiusa‘cunda]</em></span> <span class='ocrx_word' id='word_1_298' title='bbox 626 1948 711 1979; x_wconf 78' lang='lat' dir='ltr'><em>Quae</em></span> <span class='ocrx_word' id='word_1_299' title='bbox 731 1947 925 1987; x_wconf 83' lang='lat' dir='ltr'><em>producunt</em></span> 
     </span>
     <span class='ocr_line' id='line_1_35' title="bbox 215 1998 924 2041; baseline -0.003 -9"><span class='ocrx_word' id='word_1_300' title='bbox 215 2001 401 2041; x_wconf 67' lang='lat' dir='ltr'><em>praeclaros</em></span> <span class='ocrx_word' id='word_1_301' title='bbox 416 1999 545 2039; x_wconf 68' lang='lat' dir='ltr'><em>ingenii</em></span> <span class='ocrx_word' id='word_1_302' title='bbox 556 1998 670 2035; x_wconf 76' lang='lat' dir='ltr'><em>foetus,</em></span> <span class='ocrx_word' id='word_1_303' title='bbox 682 1999 787 2029; x_wconf 83' lang='lat' dir='ltr'><em>libros</em></span> <span class='ocrx_word' id='word_1_304' title='bbox 804 1999 924 2030; x_wconf 86' lang='lat' dir='ltr'><em>doctos</em></span> 
     </span>
     <span class='ocr_line' id='line_1_36' title="bbox 216 2051 923 2082; baseline -0.003 -1"><span class='ocrx_word' id='word_1_305' title='bbox 216 2051 360 2082; x_wconf 75' lang='lat' dir='ltr'><em>seilicet.</em></span> <span class='ocrx_word' id='word_1_306' title='bbox 409 2051 485 2080; x_wconf 82' lang='lat' dir='ltr'><em>Otia</em></span> <span class='ocrx_word' id='word_1_307' title='bbox 513 2055 626 2080; x_wconf 82' lang='lat' dir='ltr'><em>autem</em></span> <span class='ocrx_word' id='word_1_308' title='bbox 651 2054 817 2080; x_wconf 73' lang='lat' dir='ltr'><em>vocantur</em></span> <span class='ocrx_word' id='word_1_309' title='bbox 841 2054 923 2081; x_wconf 85' lang='lat' dir='ltr'><em>tem-</em></span> 
     </span>
     <span class='ocr_line' id='line_1_37' title="bbox 217 2100 925 2141; baseline 0 -9"><span class='ocrx_word' id='word_1_310' title='bbox 217 2111 293 2141; x_wconf 77' lang='lat' dir='ltr'><em>puS,</em></span> <span class='ocrx_word' id='word_1_311' title='bbox 318 2101 408 2141; x_wconf 87' lang='lat' dir='ltr'><em>quod</em></span> <span class='ocrx_word' id='word_1_312' title='bbox 434 2101 529 2131; x_wconf 83' lang='lat' dir='ltr'><em>docti</em></span> <span class='ocrx_word' id='word_1_313' title='bbox 562 2100 682 2131; x_wconf 82' lang='lat' dir='ltr'><em>studiis</em></span> <span class='ocrx_word' id='word_1_314' title='bbox 710 2105 925 2132; x_wconf 73' lang='lat' dir='ltr'><em>consecrant.</em></span> 
     </span>
     <span class='ocr_line' id='line_1_38' title="bbox 218 2151 925 2191; baseline -0.001 -9"><span class='ocrx_word' id='word_1_315' title='bbox 218 2151 405 2190; x_wconf 77' lang='lat' dir='ltr'><em>Virgilius:</em></span> <span class='ocrx_word' id='word_1_316' title='bbox 443 2151 451 2166; x_wconf 86' lang='lat'>‘</span> <span class='ocrx_word' id='word_1_317' title='bbox 468 2151 531 2181; x_wconf 89' lang='lat' dir='ltr'><em>Illo</em></span> <span class='ocrx_word' id='word_1_318' title='bbox 558 2151 737 2191; x_wconf 80' lang='lat' dir='ltr'><em>Virgilium</em></span> <span class='ocrx_word' id='word_1_319' title='bbox 765 2160 817 2182; x_wconf 85' lang='lat' dir='ltr'><em>me</em></span> <span class='ocrx_word' id='word_1_320' title='bbox 842 2155 925 2182; x_wconf 86' lang='lat' dir='ltr'><em>tem-</em></span> 
     </span>
     <span class='ocr_line' id='line_1_39' title="bbox 219 2200 926 2242; baseline 0.003 -12"><span class='ocrx_word' id='word_1_321' title='bbox 219 2210 304 2240; x_wconf 88' lang='lat' dir='ltr'><em>pore</em></span> <span class='ocrx_word' id='word_1_322' title='bbox 319 2200 425 2231; x_wconf 80' lang='lat' dir='ltr'><em>dulcis</em></span> <span class='ocrx_word' id='word_1_323' title='bbox 443 2200 556 2231; x_wconf 84' lang='lat' dir='ltr'><em>aiebat</em></span> <span class='ocrx_word' id='word_1_324' title='bbox 573 2201 793 2242; x_wconf 83' lang='lat' dir='ltr'><em>Parthenope</em></span> <span class='ocrx_word' id='word_1_325' title='bbox 806 2201 926 2232; x_wconf 80' lang='lat' dir='ltr'><em>studiis</em></span> 
     </span>
     <span class='ocr_line' id='line_1_40' title="bbox 219 2249 660 2291; baseline -0.002 -9"><span class='ocrx_word' id='word_1_326' title='bbox 219 2249 399 2282; x_wconf 86' lang='lat' dir='ltr'><em>florentem</em></span> <span class='ocrx_word' id='word_1_327' title='bbox 417 2251 574 2291; x_wconf 83' lang='lat' dir='ltr'><em>ignobilis</em></span> <span class='ocrx_word' id='word_1_328' title='bbox 590 2250 660 2282; x_wconf 83' lang='lat' dir='ltr'><em>oti.’</em></span> 
     </span>
    </p>

    <p class='ocr_par' dir='ltr' id='par_1_16' title="bbox 221 2302 932 2801">
     <span class='ocr_line' id='line_1_41' title="bbox 266 2302 926 2344; baseline 0 -10"><span class='ocrx_word' id='word_1_329' title='bbox 266 2307 328 2334; x_wconf 79' lang='lat' dir='ltr'><em>llS</em></span> <span class='ocrx_word' id='word_1_330' title='bbox 352 2304 482 2344; x_wconf 75' lang='lat' dir='ltr'><em>Nimbo]</em></span> <span class='ocrx_word' id='word_1_331' title='bbox 507 2302 650 2342; x_wconf 83' lang='lat' dir='ltr'><em>Nimbus,</em></span> <span class='ocrx_word' id='word_1_332' title='bbox 666 2302 720 2333; x_wconf 86' lang='lat' dir='ltr'><em>vel</em></span> <span class='ocrx_word' id='word_1_333' title='bbox 735 2302 856 2343; x_wconf 81' lang='lat' dir='ltr'><em>limbus,</em></span> <span class='ocrx_word' id='word_1_334' title='bbox 872 2308 926 2334; x_wconf 80' lang='lat' dir='ltr'><em>est</em></span> 
     </span>
     <span class='ocr_line' id='line_1_42' title="bbox 222 2352 925 2392; baseline 0 -7"><span class='ocrx_word' id='word_1_335' title='bbox 222 2352 365 2385; x_wconf 78' lang='lat' dir='ltr'><em>fasciola</em></span> <span class='ocrx_word' id='word_1_336' title='bbox 381 2359 590 2392; x_wconf 81' lang='lat' dir='ltr'><em>transversa,</em></span> <span class='ocrx_word' id='word_1_337' title='bbox 604 2363 645 2384; x_wconf 78' lang='lat' dir='ltr'><em>ex</em></span> <span class='ocrx_word' id='word_1_338' title='bbox 659 2363 754 2392; x_wconf 88' lang='lat' dir='ltr'><em>auro,</em></span> <span class='ocrx_word' id='word_1_339' title='bbox 764 2358 876 2384; x_wconf 87' lang='lat' dir='ltr'><em>assuta</em></span> <span class='ocrx_word' id='word_1_340' title='bbox 892 2355 925 2385; x_wconf 88' lang='lat' dir='ltr'><em>in</em></span> 
     </span>
     <span class='ocr_line' id='line_1_43' title="bbox 221 2402 927 2445; baseline 0.001 -11"><span class='ocrx_word' id='word_1_341' title='bbox 221 2404 339 2444; x_wconf 85' lang='lat' dir='ltr'><em>linteo,</em></span> <span class='ocrx_word' id='word_1_342' title='bbox 353 2404 442 2445; x_wconf 88' lang='lat' dir='ltr'><em>quod</em></span> <span class='ocrx_word' id='word_1_343' title='bbox 455 2408 507 2435; x_wconf 85' lang='lat' dir='ltr'><em>est</em></span> <span class='ocrx_word' id='word_1_344' title='bbox 523 2404 556 2434; x_wconf 86' lang='lat' dir='ltr'><em>iu</em></span> <span class='ocrx_word' id='word_1_345' title='bbox 572 2402 686 2435; x_wconf 84' lang='lat' dir='ltr'><em>fronte</em></span> <span class='ocrx_word' id='word_1_346' title='bbox 702 2402 927 2443; x_wconf 86' lang='lat' dir='ltr'><em>foeminarum,</em></span> 
     </span>
     <span class='ocr_line' id='line_1_44' title="bbox 223 2454 926 2496; baseline -0.001 -10"><span class='ocrx_word' id='word_1_347' title='bbox 223 2459 260 2486; x_wconf 79' lang='lat' dir='ltr'><em>et</em></span> <span class='ocrx_word' id='word_1_348' title='bbox 275 2455 366 2496; x_wconf 86' lang='lat' dir='ltr'><em>quod</em></span> <span class='ocrx_word' id='word_1_349' title='bbox 382 2460 421 2486; x_wconf 85' lang='lat' dir='ltr'><em>ut</em></span> <span class='ocrx_word' id='word_1_350' title='bbox 437 2454 570 2486; x_wconf 84' lang='lat' dir='ltr'><em>nimbus</em></span> <span class='ocrx_word' id='word_1_351' title='bbox 585 2455 667 2494; x_wconf 90' lang='lat' dir='ltr'><em>Soli,</em></span> <span class='ocrx_word' id='word_1_352' title='bbox 680 2455 728 2486; x_wconf 75' lang='lat' dir='ltr'><em>sic.</em></span> <span class='ocrx_word' id='word_1_353' title='bbox 743 2454 851 2485; x_wconf 82' lang='lat' dir='ltr'><em>vultui</em></span> <span class='ocrx_word' id='word_1_354' title='bbox 868 2455 926 2485; x_wconf 87' lang='lat' dir='ltr'><em>ob-</em></span> 
     </span>
     <span class='ocr_line' id='line_1_45' title="bbox 224 2506 927 2546; baseline -0.004 -8"><span class='ocrx_word' id='word_1_355' title='bbox 224 2506 390 2539; x_wconf 88' lang='lat' dir='ltr'><em>tenditur.</em></span> <span class='ocrx_word' id='word_1_356' title='bbox 433 2506 590 2546; x_wconf 76' lang='lat' dir='ltr'><em>Virgines</em></span> <span class='ocrx_word' id='word_1_357' title='bbox 616 2511 730 2537; x_wconf 85' lang='lat' dir='ltr'><em>autem</em></span> <span class='ocrx_word' id='word_1_358' title='bbox 754 2515 824 2536; x_wconf 90' lang='lat' dir='ltr'><em>non</em></span> <span class='ocrx_word' id='word_1_359' title='bbox 853 2515 927 2545; x_wconf 89' lang='lat' dir='ltr'><em>pro-</em></span> 
     </span>
     <span class='ocr_line' id='line_1_46' title="bbox 225 2555 930 2597; baseline -0.003 -10"><span class='ocrx_word' id='word_1_360' title='bbox 225 2555 399 2588; x_wconf 82' lang='lat' dir='ltr'><em>cedebant</em></span> <span class='ocrx_word' id='word_1_361' title='bbox 414 2556 492 2587; x_wconf 84' lang='lat' dir='ltr'><em>olim</em></span> <span class='ocrx_word' id='word_1_362' title='bbox 509 2557 541 2586; x_wconf 89' lang='lat' dir='ltr'><em>in</em></span> <span class='ocrx_word' id='word_1_363' title='bbox 564 2556 749 2597; x_wconf 88' lang='lat' dir='ltr'><em>publicum,</em></span> <span class='ocrx_word' id='word_1_364' title='bbox 764 2555 827 2586; x_wconf 87' lang='lat' dir='ltr'><em>uisi</em></span> <span class='ocrx_word' id='word_1_365' title='bbox 842 2556 930 2586; x_wconf 80' lang='lat' dir='ltr'><em>vela-</em></span> 
     </span>
     <span class='ocr_line' id='line_1_47' title="bbox 227 2605 929 2646; baseline 0 -10"><span class='ocrx_word' id='word_1_366' title='bbox 227 2610 265 2637; x_wconf 77' lang='lat' dir='ltr'><em>ta</em></span> <span class='ocrx_word' id='word_1_367' title='bbox 289 2605 417 2638; x_wconf 86' lang='lat' dir='ltr'><em>fronte.</em></span> <span class='ocrx_word' id='word_1_368' title='bbox 474 2607 536 2637; x_wconf 81' lang='lat' dir='ltr'><em>Est</em></span> <span class='ocrx_word' id='word_1_369' title='bbox 572 2611 608 2637; x_wconf 90' lang='lat' dir='ltr'><em>et</em></span> <span class='ocrx_word' id='word_1_370' title='bbox 634 2606 700 2637; x_wconf 83' lang='lat' dir='ltr'><em>alia</em></span> <span class='ocrx_word' id='word_1_371' title='bbox 728 2615 840 2646; x_wconf 81' lang='lat' dir='ltr'><em>causa,</em></span> <span class='ocrx_word' id='word_1_372' title='bbox 868 2616 929 2636; x_wconf 90' lang='lat' dir='ltr'><em>cur</em></span> 
     </span>
     <span class='ocr_line' id='line_1_48' title="bbox 226 2656 929 2698; baseline 0.001 -11"><span class='ocrx_word' id='word_1_373' title='bbox 226 2656 369 2688; x_wconf 77' lang='lat' dir='ltr'><em>Justitia</em></span> <span class='ocrx_word' id='word_1_374' title='bbox 385 2657 530 2696; x_wconf 85' lang='lat' dir='ltr'><em>veletur,</em></span> <span class='ocrx_word' id='word_1_375' title='bbox 543 2657 632 2698; x_wconf 88' lang='lat' dir='ltr'><em>quod</em></span> <span class='ocrx_word' id='word_1_376' title='bbox 647 2656 777 2688; x_wconf 84' lang='lat' dir='ltr'><em>scilicet</em></span> <span class='ocrx_word' id='word_1_377' title='bbox 791 2658 929 2698; x_wconf 66' lang='lat' dir='ltr'><em>aequita-</em></span> 
     </span>
     <span class='ocr_line' id='line_1_49' title="bbox 228 2706 930 2749; baseline 0.003 -12"><span class='ocrx_word' id='word_1_378' title='bbox 228 2706 272 2737; x_wconf 77' lang='lat' dir='ltr'><em>tis</em></span> <span class='ocrx_word' id='word_1_379' title='bbox 287 2710 435 2746; x_wconf 83' lang='lat' dir='ltr'><em>tantum,</em></span> <span class='ocrx_word' id='word_1_380' title='bbox 448 2717 516 2739; x_wconf 91' lang='lat' dir='ltr'><em>non</em></span> <span class='ocrx_word' id='word_1_381' title='bbox 529 2717 748 2749; x_wconf 86' lang='lat' dir='ltr'><em>personarum</em></span> <span class='ocrx_word' id='word_1_382' title='bbox 764 2709 930 2740; x_wconf 82' lang='lat' dir='ltr'><em>rationem</em></span> 
     </span>
     <span class='ocr_line' id='line_1_50' title="bbox 230 2756 932 2801; baseline 0.004 -14"><span class='ocrx_word' id='word_1_383' title='bbox 230 2756 365 2792; x_wconf 82' lang='lat' dir='ltr'><em>habeat.</em></span> <span class='ocrx_word' id='word_1_384' title='bbox 408 2760 462 2792; x_wconf 84' lang='lat' dir='ltr'><em>Ex</em></span> <span class='ocrx_word' id='word_1_385' title='bbox 478 2759 670 2801; x_wconf 75' lang='lat' dir='ltr'><em>Chrysippo</em></span> <span class='ocrx_word' id='word_1_386' title='bbox 689 2763 803 2791; x_wconf 81' lang='lat' dir='ltr'><em>tamen</em></span> <span class='ocrx_word' id='word_1_387' title='bbox 824 2759 848 2793; x_wconf 90' lang='lat' dir='ltr'>J</span> <span class='ocrx_word' id='word_1_388' title='bbox 853 2758 932 2791; x_wconf 81' lang='lat' dir='ltr'><em>usti·</em></span> 
     </span>
    </p>
   </div>
   <div class='ocr_carea' id='block_1_10' title="bbox 979 1842 1709 2802">
    <p class='ocr_par' dir='ltr' id='par_1_17' title="bbox 979 1842 1688 2191">
     <span class='ocr_line' id='line_1_51' title="bbox 980 1842 1684 1887; baseline 0.011 -15"><span class='ocrx_word' id='word_1_389' title='bbox 980 1842 1050 1873; x_wconf 84' lang='lat' dir='ltr'><em>tia:</em></span> <span class='ocrx_word' id='word_1_390' title='bbox 1082 1842 1230 1884; x_wconf 81' lang='grc' dir='ltr'>παρθένος</span> <span class='ocrx_word' id='word_1_391' title='bbox 1259 1845 1421 1886; x_wconf 76' lang='grc' dir='ltr'>σκυθρωπὴ</span> <span class='ocrx_word' id='word_1_392' title='bbox 1436 1845 1602 1887; x_wconf 68' lang='grc' dir='ltr'>γράφεται,</span> <span class='ocrx_word' id='word_1_393' title='bbox 1633 1848 1684 1880; x_wconf 74' lang='grc' dir='ltr'><em>καὶ</em></span> 
     </span>
     <span class='ocr_line' id='line_1_52' title="bbox 980 1895 1686 1938; baseline 0.01 -14"><span class='ocrx_word' id='word_1_394' title='bbox 980 1895 1170 1932; x_wconf 79' lang='grc' dir='ltr'>συνεστηκὸς</span> <span class='ocrx_word' id='word_1_395' title='bbox 1208 1895 1327 1936; x_wconf 79' lang='grc' dir='ltr'>ἔχουσα</span> <span class='ocrx_word' id='word_1_396' title='bbox 1359 1897 1397 1928; x_wconf 82' lang='grc' dir='ltr'><em>τὸ</em></span> <span class='ocrx_word' id='word_1_397' title='bbox 1436 1897 1600 1938; x_wconf 85' lang='grc' dir='ltr'>πρόσωπον</span> <span class='ocrx_word' id='word_1_398' title='bbox 1632 1899 1686 1931; x_wconf 74' lang='grc' dir='ltr'><em>καὶ</em></span> 
     </span>
     <span class='ocr_line' id='line_1_53' title="bbox 979 1944 1687 1988; baseline 0.01 -13"><span class='ocrx_word' id='word_1_399' title='bbox 979 1944 1114 1985; x_wconf 79' lang='grc' dir='ltr'>ἔντονον,</span> <span class='ocrx_word' id='word_1_400' title='bbox 1125 1946 1175 1977; x_wconf 79' lang='grc' dir='ltr'><em>καὶ</em></span> <span class='ocrx_word' id='word_1_401' title='bbox 1186 1947 1326 1988; x_wconf 80' lang='grc' dir='ltr'>δεδορκὸς</span> <span class='ocrx_word' id='word_1_402' title='bbox 1337 1946 1513 1988; x_wconf 83' lang='grc' dir='ltr'>βλέπουσα,</span> <span class='ocrx_word' id='word_1_403' title='bbox 1525 1949 1606 1981; x_wconf 80' lang='grc' dir='ltr'>ὥστε</span> <span class='ocrx_word' id='word_1_404' title='bbox 1619 1951 1687 1982; x_wconf 79' lang='grc' dir='ltr'>τοῖς</span> 
     </span>
     <span class='ocr_line' id='line_1_54' title="bbox 980 1997 1688 2040; baseline 0.007 -12"><span class='ocrx_word' id='word_1_405' title='bbox 980 1997 1037 2037; x_wconf 79' lang='grc' dir='ltr'><em>μὲν</em></span> <span class='ocrx_word' id='word_1_406' title='bbox 1051 1998 1165 2030; x_wconf 77' lang='grc' dir='ltr'>ἀδίκοις</span> <span class='ocrx_word' id='word_1_407' title='bbox 1186 1998 1286 2039; x_wconf 85' lang='grc' dir='ltr'>φόβον</span> <span class='ocrx_word' id='word_1_408' title='bbox 1301 2000 1436 2038; x_wconf 79' lang='grc' dir='ltr'>ἐμποιεῖν</span> <span class='ocrx_word' id='word_1_409' title='bbox 1449 2011 1456 2032; x_wconf 86' lang='grc'>;</span> <span class='ocrx_word' id='word_1_410' title='bbox 1494 2001 1592 2040; x_wconf 74' lang='lat' dir='ltr'><em>Virgo</em></span> <span class='ocrx_word' id='word_1_411' title='bbox 1603 2011 1688 2033; x_wconf 77' lang='lat' dir='ltr'><em>seve-</em></span> 
     </span>
     <span class='ocr_line' id='line_1_55' title="bbox 979 2049 1685 2087; baseline 0.006 -9"><span class='ocrx_word' id='word_1_412' title='bbox 979 2059 1015 2079; x_wconf 74' lang='lat' dir='ltr'><em>ra</em></span> <span class='ocrx_word' id='word_1_413' title='bbox 1030 2049 1227 2087; x_wconf 81' lang='lat' dir='ltr'><em>describitur,</em></span> <span class='ocrx_word' id='word_1_414' title='bbox 1240 2053 1268 2080; x_wconf 84' lang='lat' dir='ltr'><em>et</em></span> <span class='ocrx_word' id='word_1_415' title='bbox 1285 2049 1398 2081; x_wconf 80' lang='lat' dir='ltr'><em>habens</em></span> <span class='ocrx_word' id='word_1_416' title='bbox 1411 2051 1530 2081; x_wconf 71' lang='lat' dir='ltr'><em>vultum</em></span> <span class='ocrx_word' id='word_1_417' title='bbox 1544 2054 1685 2082; x_wconf 80' lang='lat' dir='ltr'><em>constan-</em></span> 
     </span>
     <span class='ocr_line' id='line_1_56' title="bbox 979 2100 1686 2143; baseline 0.006 -14"><span class='ocrx_word' id='word_1_418' title='bbox 979 2102 1042 2130; x_wconf 82' lang='lat' dir='ltr'><em>tem</em></span> <span class='ocrx_word' id='word_1_419' title='bbox 1057 2110 1093 2130; x_wconf 83' lang='lat' dir='ltr'><em>ac</em></span> <span class='ocrx_word' id='word_1_420' title='bbox 1108 2100 1323 2140; x_wconf 73' lang='lat' dir='ltr'><em>vehementem,</em></span> <span class='ocrx_word' id='word_1_421' title='bbox 1346 2104 1377 2132; x_wconf 82' lang='lat' dir='ltr'><em>et</em></span> <span class='ocrx_word' id='word_1_422' title='bbox 1402 2111 1488 2132; x_wconf 83' lang='lat' dir='ltr'><em>acres</em></span> <span class='ocrx_word' id='word_1_423' title='bbox 1510 2102 1620 2143; x_wconf 78' lang='lat' dir='ltr'><em>oculos,</em></span> <span class='ocrx_word' id='word_1_424' title='bbox 1647 2104 1686 2133; x_wconf 81' lang='lat' dir='ltr'><em>ut</em></span> 
     </span>
     <span class='ocr_line' id='line_1_57' title="bbox 980 2150 1452 2191; baseline 0.002 -10"><span class='ocrx_word' id='word_1_425' title='bbox 980 2150 1128 2191; x_wconf 80' lang='lat' dir='ltr'><em>improbis</em></span> <span class='ocrx_word' id='word_1_426' title='bbox 1143 2154 1293 2182; x_wconf 82' lang='lat' dir='ltr'><em>terrorem</em></span> <span class='ocrx_word' id='word_1_427' title='bbox 1308 2152 1452 2183; x_wconf 83' lang='lat' dir='ltr'><em>incutiat.</em></span> 
     </span>
    </p>

    <p class='ocr_par' dir='ltr' id='par_1_18' title="bbox 979 2203 1684 2344">
     <span class='ocr_line' id='line_1_58' title="bbox 1025 2203 1684 2244; baseline 0.003 -12"><span class='ocrx_word' id='word_1_428' title='bbox 1025 2205 1087 2232; x_wconf 84' lang='lat'><em>119</em></span> <span class='ocrx_word' id='word_1_429' title='bbox 1114 2203 1265 2234; x_wconf 80' lang='lat' dir='ltr'><em>Autumni</em></span> <span class='ocrx_word' id='word_1_430' title='bbox 1289 2204 1409 2244; x_wconf 83' lang='lat' dir='ltr'><em>portas]</em></span> <span class='ocrx_word' id='word_1_431' title='bbox 1451 2203 1593 2235; x_wconf 81' lang='lat' dir='ltr'><em>Justitia</em></span> <span class='ocrx_word' id='word_1_432' title='bbox 1624 2211 1684 2234; x_wconf 87' lang='lat' dir='ltr'><em>seu</em></span> 
     </span>
     <span class='ocr_line' id='line_1_59' title="bbox 979 2252 1684 2295; baseline 0.003 -13"><span class='ocrx_word' id='word_1_433' title='bbox 979 2252 1085 2293; x_wconf 77' lang='lat' dir='ltr'><em>Virgo</em></span> <span class='ocrx_word' id='word_1_434' title='bbox 1101 2252 1219 2284; x_wconf 85' lang='lat' dir='ltr'><em>sedem</em></span> <span class='ocrx_word' id='word_1_435' title='bbox 1235 2252 1309 2284; x_wconf 75' lang='lat' dir='ltr'><em>fixit</em></span> <span class='ocrx_word' id='word_1_436' title='bbox 1325 2263 1431 2294; x_wconf 88' lang='lat' dir='ltr'><em>prope</em></span> <span class='ocrx_word' id='word_1_437' title='bbox 1447 2253 1595 2294; x_wconf 81' lang='lat' dir='ltr'><em>Libram,</em></span> <span class='ocrx_word' id='word_1_438' title='bbox 1607 2263 1684 2295; x_wconf 87' lang='lat' dir='ltr'><em>quae</em></span> 
     </span>
     <span class='ocr_line' id='line_1_60' title="bbox 980 2302 1534 2344; baseline 0.004 -12"><span class='ocrx_word' id='word_1_439' title='bbox 980 2302 1127 2342; x_wconf 86' lang='lat' dir='ltr'><em>primum</em></span> <span class='ocrx_word' id='word_1_440' title='bbox 1142 2308 1194 2334; x_wconf 84' lang='lat' dir='ltr'><em>est</em></span> <span class='ocrx_word' id='word_1_441' title='bbox 1212 2303 1374 2334; x_wconf 78' lang='lat' dir='ltr'><em>Autumni</em></span> <span class='ocrx_word' id='word_1_442' title='bbox 1390 2303 1534 2344; x_wconf 79' lang='lat' dir='ltr'><em>signum.</em></span> 
     </span>
    </p>

    <p class='ocr_par' dir='ltr' id='par_1_19' title="bbox 980 2351 1709 2486">
     <span class='ocr_line' id='line_1_61' title="bbox 1026 2351 1686 2395; baseline 0.002 -12"><span class='ocrx_word' id='word_1_443' title='bbox 1026 2356 1086 2384; x_wconf 84' lang='lat'><em>120</em></span> <span class='ocrx_word' id='word_1_444' title='bbox 1109 2353 1270 2393; x_wconf 82' lang='lat' dir='ltr'><em>Signifer]</em></span> <span class='ocrx_word' id='word_1_445' title='bbox 1305 2354 1488 2394; x_wconf 87' lang='lat' dir='ltr'><em>Zodiacus,</em></span> <span class='ocrx_word' id='word_1_446' title='bbox 1511 2353 1569 2395; x_wconf 88' lang='lat' dir='ltr'><em>qui</em></span> <span class='ocrx_word' id='word_1_447' title='bbox 1595 2351 1686 2393; x_wconf 81' lang='lat' dir='ltr'><em>gerit</em></span> 
     </span>
     <span class='ocr_line' id='line_1_62' title="bbox 980 2397 1709 2444; baseline 0.001 -11"><span class='ocrx_word' id='word_1_448' title='bbox 980 2403 1072 2441; x_wconf 82' lang='lat' dir='ltr'><em>signa</em></span> <span class='ocrx_word' id='word_1_449' title='bbox 1107 2403 1299 2435; x_wconf 86' lang='lat' dir='ltr'><em>duodecim.</em></span> <span class='ocrx_word' id='word_1_450' title='bbox 1344 2405 1397 2435; x_wconf 87' lang='lat' dir='ltr'><em>De</em></span> <span class='ocrx_word' id='word_1_451' title='bbox 1424 2405 1488 2435; x_wconf 85' lang='lat' dir='ltr'><em>hoc</em></span> <span class='ocrx_word' id='word_1_452' title='bbox 1516 2412 1619 2444; x_wconf 80' lang='lat' dir='ltr'><em>supra</em></span> <span class='ocrx_word' id='word_1_453' title='bbox 1648 2397 1709 2434; x_wconf 33' lang='lat' dir='ltr'><em>in*</em></span> 
     </span>
     <span class='ocr_line' id='line_1_63' title="bbox 982 2453 1360 2486; baseline 0.008 -3"><span class='ocrx_word' id='word_1_454' title='bbox 982 2453 1082 2484; x_wconf 81' lang='lat' dir='ltr'><em>Cous.</em></span> <span class='ocrx_word' id='word_1_455' title='bbox 1099 2454 1203 2485; x_wconf 83' lang='lat' dir='ltr'><em>Prob.</em></span> <span class='ocrx_word' id='word_1_456' title='bbox 1220 2463 1271 2484; x_wconf 71' lang='lat' dir='ltr'><em>vs.</em></span> <span class='ocrx_word' id='word_1_457' title='bbox 1286 2457 1360 2486; x_wconf 78' lang='lat'>241.</span> 
     </span>
    </p>

    <p class='ocr_par' dir='ltr' id='par_1_20' title="bbox 983 2503 1688 2750">
     <span class='ocr_line' id='line_1_64' title="bbox 1028 2503 1686 2546; baseline 0.003 -12"><span class='ocrx_word' id='word_1_458' title='bbox 1028 2505 1146 2545; x_wconf 77' lang='lat' dir='ltr'><em>Clzeloe]</em></span> <span class='ocrx_word' id='word_1_459' title='bbox 1200 2505 1348 2536; x_wconf 81' lang='lat' dir='ltr'><em>Brachia</em></span> <span class='ocrx_word' id='word_1_460' title='bbox 1383 2503 1527 2544; x_wconf 89' lang='lat' dir='ltr'><em>Scorpii,</em></span> <span class='ocrx_word' id='word_1_461' title='bbox 1558 2514 1634 2546; x_wconf 89' lang='lat' dir='ltr'><em>quae</em></span> <span class='ocrx_word' id='word_1_462' title='bbox 1665 2515 1686 2536; x_wconf 86' lang='lat' dir='ltr'>a</span> 
     </span>
     <span class='ocr_line' id='line_1_65' title="bbox 983 2555 1688 2595; baseline 0.004 -11"><span class='ocrx_word' id='word_1_463' title='bbox 983 2555 1152 2585; x_wconf 81' lang='lat' dir='ltr'><em>nonnullis</em></span> <span class='ocrx_word' id='word_1_464' title='bbox 1179 2565 1238 2595; x_wconf 90' lang='lat' dir='ltr'><em>pro</em></span> <span class='ocrx_word' id='word_1_465' title='bbox 1263 2555 1364 2586; x_wconf 80' lang='lat' dir='ltr'><em>Libra</em></span> <span class='ocrx_word' id='word_1_466' title='bbox 1390 2555 1627 2595; x_wconf 82' lang='lat' dir='ltr'><em>accipiuntur3</em></span> <span class='ocrx_word' id='word_1_467' title='bbox 1650 2559 1688 2587; x_wconf 85' lang='lat' dir='ltr'><em>et</em></span> 
     </span>
     <span class='ocr_line' id='line_1_66' title="bbox 985 2605 1687 2646; baseline 0.004 -12"><span class='ocrx_word' id='word_1_468' title='bbox 985 2610 1147 2644; x_wconf 81' lang='lat' dir='ltr'><em>reparant</em></span> <span class='ocrx_word' id='word_1_469' title='bbox 1177 2605 1300 2636; x_wconf 84' lang='lat' dir='ltr'><em>damna</em></span> <span class='ocrx_word' id='word_1_470' title='bbox 1323 2606 1445 2644; x_wconf 84' lang='lat' dir='ltr'><em>noctis,</em></span> <span class='ocrx_word' id='word_1_471' title='bbox 1480 2615 1580 2646; x_wconf 88' lang='lat' dir='ltr'><em>quam</em></span> <span class='ocrx_word' id='word_1_472' title='bbox 1608 2609 1687 2646; x_wconf 90' lang='lat' dir='ltr'><em>post</em></span> 
     </span>
     <span class='ocr_line' id='line_1_67' title="bbox 985 2656 1687 2698; baseline 0.003 -11"><span class='ocrx_word' id='word_1_473' title='bbox 985 2657 1226 2698; x_wconf 66' lang='lat' dir='ltr'><em>aequinoctium</em></span> <span class='ocrx_word' id='word_1_474' title='bbox 1252 2658 1418 2689; x_wconf 84' lang='lat' dir='ltr'><em>Autumni</em></span> <span class='ocrx_word' id='word_1_475' title='bbox 1439 2656 1594 2689; x_wconf 83' lang='lat' dir='ltr'><em>efficiunt</em></span> <span class='ocrx_word' id='word_1_476' title='bbox 1614 2656 1687 2690; x_wconf 83' lang='lat' dir='ltr'><em>die-</em></span> 
     </span>
     <span class='ocr_line' id='line_1_68' title="bbox 986 2709 1262 2750; baseline -0.004 -9"><span class='ocrx_word' id='word_1_477' title='bbox 986 2709 1049 2741; x_wconf 91' lang='lat' dir='ltr'><em>bus</em></span> <span class='ocrx_word' id='word_1_478' title='bbox 1063 2709 1262 2750; x_wconf 77' lang='lat' dir='ltr'><em>longiorem.</em></span> 
     </span>
    </p>

    <p class='ocr_par' dir='ltr' id='par_1_21' title="bbox 1030 2759 1688 2802">
     <span class='ocr_line' id='line_1_69' title="bbox 1030 2759 1688 2802; baseline 0.002 -11"><span class='ocrx_word' id='word_1_479' title='bbox 1030 2763 1091 2792; x_wconf 88' lang='lat'><em>121</em></span> <span class='ocrx_word' id='word_1_480' title='bbox 1116 2760 1190 2791; x_wconf 80' lang='lat' dir='ltr'><em>Pax</em></span> <span class='ocrx_word' id='word_1_481' title='bbox 1203 2759 1327 2802; x_wconf 74' lang='lat' dir='ltr'><em>avibus]</em></span> <span class='ocrx_word' id='word_1_482' title='bbox 1348 2760 1370 2793; x_wconf 88' lang='lat' dir='ltr'>J</span> <span class='ocrx_word' id='word_1_483' title='bbox 1374 2760 1495 2792; x_wconf 85' lang='lat' dir='ltr'><em>ustitia</em></span> <span class='ocrx_word' id='word_1_484' title='bbox 1508 2762 1688 2802; x_wconf 81' lang='lat' dir='ltr'><em>regnante,</em></span> 
     </span>
    </p>
   </div>
  </div>
 </body>
</html>
