1842 3193
255 203 283 241 4
859 199 1095 231 EPls'soLA
1108 220 1118 230 .

311 300 368 341 Et
388 303 501 341 certe
521 295 652 352 poeta
680 306 807 335 nemo
841 299 923 343 cst,
955 293 1031 346 qui
1068 292 1124 333 ad
1159 290 1418 343 Principum
1441 298 1720 340 congressum

253 367 607 420 colloquiumque
658 361 832 413 dignius
880 361 1102 413 pervenire
1153 371 1289 411 posse
1325 356 1538 397 videatur.
1602 354 1720 404 Quis

255 435 369 474 enim
401 434 444 472 in
481 427 776 471 describendis
818 426 922 466 belli
961 426 1174 478 pacisque
1212 425 1376 464 artibus
1408 422 1720 476 praestantior?

254 501 369 551 Quis
392 501 434 540 in
456 495 711 538 extollendis
734 492 958 534 Heroibus
975 492 1238 533 sublimior?
1273 490 1388 541 Quis
1411 491 1453 530 in
1475 489 1721 542 deprimen-

253 568 321 607 dis
356 567 506 620 pravis
545 564 793 614 Regnorum
829 560 1098 609 administris
1135 560 1350 613 satyricus
1394 556 1719 598 vehementior?

252 635 365 685 Quis
382 634 426 673 in
446 629 760 682 investigandis
782 633 950 669 naturae
973 628 1207 681 mysteriis,
1241 626 1403 679 quibus
1426 625 1641 665 ducuntur
1676 626 1720 663 et

253 701 339 756 ipsi
363 700 670 752 Imperatores,
694 695 990 748 Philosophus
1020 695 1250 735 solertior?
1283 692 1399 742 Quis
1428 693 1473 732 in
1490 689 1723 731 fundendis

253 768 387 821 elegis
406 766 605 807 mollior?
641 763 753 814 Quis
774 762 974 803 ludendis
997 761 1325 815 epigrammatis
1348 758 1552 800 acutior?
1603 756 1723 807 Quid

255 835 414 889 plura?
465 832 676 880 Fabulas,
713 830 809 883 ejus
842 829 1035 869 carmina
1074 829 1198 869 novis
1241 826 1460 868 illecebris
1496 824 1723 874 adornant,

253 902 456 942 historias
474 913 589 940 nova
612 896 929 951 pulchritudine
964 895 1238 944 adumbrant,
1260 898 1397 934 totam
1419 892 1724 944 antiquitatem

253 968 488 1022 pulchriori
523 967 637 1006 facie
674 966 901 1005 illustrant.
963 963 1075 1016 Styli
1106 962 1249 1015 ipsius
1271 960 1486 1013 maJestas
1507 959 1723 1013 praeclare

256 1035 458 1088 cogitatis
481 1033 684 1084 assurgit,
718 1032 841 1072 floret
877 1030 1116 1079 sententiis,
1139 1028 1387 1069 admirabili
1421 1040 1561 1068 rerum
1580 1025 1724 1067 varie-

256 1106 343 1144 tate
363 1101 653 1152 distinguitur.

312 1168 402 1208 His
421 1167 554 1207 fretus
574 1165 812 1206 virtutibus
836 1164 892 1204 ad
913 1163 1071 1205 solium
1088 1165 1209 1203 tuum
1233 1161 1419 1210 accedit,
1436 1161 1724 1201 SERENISSI-

258 1246 326 1276 ME
359 1235 646 1281 DELprnNss,
681 1235 724 1271 et
766 1235 814 1271 ut
850 1231 1035 1283 adeptus
1063 1231 1158 1283 jam
1209 1229 1377 1282 aliquid
1421 1228 1724 1281 concupitum,

252 1302 411 1344 laetitia
429 1300 615 1348 effertur,
647 1298 766 1351 quod
803 1301 974 1349 teinpus
1011 1296 1207 1335 faustum
1244 1295 1491 1344 illucescat,
1515 1308 1601 1348 quo
1636 1307 1725 1335 non

257 1369 398 1409 solum
419 1368 463 1408 in
485 1366 702 1420 quasdam
726 1365 841 1404 velut
872 1368 1021 1417 partes
1055 1362 1212 1414 Regiae
1234 1366 1323 1401 tuae
1347 1361 1630 1402 institutionis
1651 1374 1725 1401 ve-

256 1436 365 1484 nire,
389 1434 467 1474 sed
503 1438 544 1473 et
573 1432 759 1473 consilia
791 1429 997 1483 quaedam
1033 1430 1090 1470 ad
1126 1428 1458 1482 amplitudinem
1478 1432 1521 1468 et
1540 1427 1725 1480 gloriam

256 1507 393 1551 tuam,
414 1501 763 1555 populorumque
781 1498 883 1538 olim
901 1498 982 1537 tibi
1004 1496 1285 1549 regendorum
1306 1495 1561 1536 felicitatem
1580 1495 1726 1549 possit

256 1568 497 1622 impertiri;
544 1567 730 1620 quoties,
769 1565 846 1618 qui
881 1567 981 1605 tuus
1017 1568 1097 1604 est
1118 1565 1163 1604 in
1198 1563 1397 1604 homines
1444 1562 1726 1604 doctissimos

258 1650 394 1685 amor,
418 1648 595 1675 suorum
627 1633 886 1674 Poematum
908 1632 1095 1672 lectione
1116 1632 1418 1672 delectaberis.

322 1703 464 1751 Utere,
486 1703 567 1742 hoc
598 1701 767 1741 interim
791 1700 953 1752 spatio,
978 1698 1232 1739 PRJNGEPs
1257 1698 1463 1748 MAGNE,
1480 1698 1586 1739 flore
1619 1700 1726 1739 aeta-

257 1770 314 1811 tis
347 1774 433 1811 tuae
466 1769 522 1809 ad
552 1767 828 1820 colligendos
866 1767 1078 1807 Parnassi
1114 1766 1250 1807 foetus
1285 1766 1568 1816 immortales,
1597 1770 1640 1806 et
1668 1764 1727 1807 ad

256 1835 470 1876 fovendas
506 1835 604 1875 illas
640 1834 939 1875 doctrinarum
990 1847 1044 1874 ac
1082 1834 1252 1874 virtutis
1302 1837 1508 1887 parentes
1550 1832 1726 1883 Musas,

258 1916 422 1956 easque
440 1903 483 1943 in
502 1902 664 1954 regium
687 1901 964 1954 splendorem
995 1900 1295 1941 restituendas.
1358 1900 1461 1941 Non
1480 1902 1602 1941 erunt
1620 1900 1725 1952 illae,

256 1982 343 2009 non
365 1972 487 2009 erunt
522 1969 629 2009 tanti
649 1969 756 2009 facti
778 1982 971 2022 unquam
1007 1968 1282 2008 immemores
1300 1982 1309 2009 :
1354 1972 1399 2008 te
1418 1968 1662 2022 loquentur,
1679 1970 1726 2014 te

254 2036 548 2084 celebrabunt,
584 2038 625 2075 te
661 2039 909 2088 sequentur,
933 2048 1209 2088 quocumque
1247 2035 1378 2085 ieris3
1424 2037 1596 2075 etcum
1619 2048 1727 2077 mox

258 2102 470 2143 invictum
519 2102 696 2142 Patrem
744 2102 1035 2150 comitaberis,
1068 2114 1157 2154 quo
1205 2100 1331 2142 Mars
1378 2101 1574 2151 vocabit,
1608 2102 1725 2154 ipsae

258 2169 455 2217 aderunt,
481 2171 666 2219 tuasque
689 2168 839 2206 lauros
868 2172 1040 2215 canent,
1072 2173 1121 2207 ut
1155 2167 1359 2215 Achillis,
1380 2170 1430 2206 ut
1464 2165 1725 2218 Alexandri,

258 2240 309 2276 ut
345 2233 539 2274 Caesaris
577 2233 785 2273 cecinere.
853 2232 935 2272 His
975 2233 1087 2272 enim
1123 2233 1365 2282 Heroibus,
1402 2246 1500 2273 cum
1535 2234 1724 2287 ingenio,

258 2300 480 2349 facundia,
515 2299 759 2352 studiisque
791 2302 834 2339 et
867 2300 1036 2339 artibus
1073 2313 1175 2352 quae
1198 2299 1449 2353 Principem
1474 2299 1640 2352 decent,
1661 2303 1725 2344 sis

253 2368 350 2423 jam
379 2367 535 2420 major,
571 2380 704 2421 quam
733 2367 798 2406 illi
833 2371 955 2407 erant
990 2366 1034 2406 id
1065 2368 1213 2408 aetatis
1250 2380 1339 2420 qua
1372 2380 1489 2408 nunc
1526 2369 1625 2422 ipse
1657 2382 1723 2420 es,

260 2447 383 2488 spem
403 2447 604 2487 magnam
636 2434 865 2482 habemus,
893 2437 936 2473 te
957 2434 1033 2473 tali
1069 2438 1211 2474 satum
1251 2434 1453 2483 Parente,
1481 2435 1559 2475 tali
1580 2436 1725 2478 indole

260 2503 510 2556 praeditum,
534 2502 688 2542 iisdem
709 2506 752 2541 et
787 2502 962 2541 heroica
992 2501 1255 2551 fortitudine,
1277 2507 1320 2542 et
1347 2515 1568 2543 armorum
1586 2503 1725 2544 felici-

259 2573 367 2619 tate,
388 2574 463 2611 aut
496 2570 587 2610 fore
616 2569 840 2623 majorem,
861 2573 938 2608 aut
968 2567 1076 2607 nihil
1097 2581 1196 2608 esse
1224 2581 1461 2610 cessurum.
1522 2568 1723 2619 Cadomi,

264 2635 371 2678 Kal.
389 2637 571 2678 Januar.
593 2649 702 2677 anno
720 2635 851 2676 Doni.
875 2645 1187 2676 iincnxxvil.
