1857 3177
568 219 618 249 ιΝ
658 220 948 252 uurnomuiu
985 222 1077 253 mn,
1110 222 1141 253 1.
1495 211 1579 252 473

127 309 321 354 Evectus
341 313 546 354 thalamis
568 328 761 355 summos
785 316 1157 358 invasithonores.

127 377 270 428 Quam
295 381 402 420 bene
426 381 689 433 dispositum
713 383 852 431 terris,
876 388 924 422 ut
946 383 1103 432 dignus
1126 383 1266 436 iniqui

127 444 312 486 Fructus
333 448 500 487 consilii
523 448 675 500 primis
698 449 947 489 auctoribus
968 451 1119 490 instet!

126 513 200 554 Sic
219 515 383 555 multos
406 511 541 556 fluvio
563 522 686 556 vates
709 521 852 556 arente
874 530 950 568 per
972 531 1122 567 annos,

125 579 319 634 Hospite
339 584 411 635 qui
429 595 549 622 eaeso
568 585 736 623 monuit
755 583 928 636 placare
950 583 1204 633 Tonantem,
1493 583 1578 625 160

123 646 334 689 Inventas
356 651 522 702 primus
545 651 762 690 Busiridis
785 649 939 690 imbuit
961 664 1074 700 aras,

123 712 182 754 Et
202 716 361 756 cecidit
381 717 505 764 saevi,
527 717 642 769 quod
665 717 854 765 dixerat,
876 716 1014 757 hostia
1035 718 1160 758 sacri.

123 779 197 821 Sic
220 782 374 835 opifex
397 784 524 832 tauri,
543 788 937 836 tormentorumque
957 788 1166 836 repertor,

122 846 212 898 Qui
232 848 406 889 funesta
427 863 541 890 novo
563 850 854 890 fabricaverat
875 862 964 890 aera
988 850 1146 899 dolori,

125 916 299 956 Primus
320 916 615 969 inexpertum,
636 915 789 956 Siculo
808 920 987 967 cogente
1007 920 1206 967 tyranno,
1495 916 1579 958 165

120 981 269 1024 Sensit
289 996 415 1037 opus,
438 983 673 1035 docuitque
695 995 819 1023 suum
838 983 1000 1036 mugire
1015 983 1273 1036 juvencum.

119 1132 232 1154 merces
245 1124 357 1154 merita
372 1125 492 1155 consilii
508 1126 581 1155 mali
606 1127 695 1156 cadat
719 1128 852 1166 primum
877 1127 912 1157 in
937 1127 1121 1157 consultores
1142 1125 1242 1165 ipsos.
1290 1124 1480 1164 Itaflumine
1494 1123 1578 1154 Nilo

117 1166 194 1197 sicco
211 1176 267 1206 per
291 1177 384 1197 annos
399 1169 577 1207 complures,
602 1173 695 1208 rates,
710 1171 761 1208 qui
786 1168 1082 1207 admonuitflectere
1108 1170 1229 1205 Jorem,
1255 1167 1374 1207 hospite
1404 1167 1574 1204 immolato,

113 1208 202 1248 prior
217 1209 315 1239 tinxit
328 1210 443 1240 altaria
464 1211 642 1247 excogitata
669 1221 688 1241 a
710 1212 867 1250 Busiride,
893 1216 922 1242 et
937 1211 1004 1251 suit
1020 1212 1145 1241 victima
1161 1209 1307 1250 sacrificii
1330 1210 1470 1247 trudeus,
1496 1210 1574 1248 quod

116 1250 320 1282 indicaverat.
364 1252 416 1282 Itu
441 1253 633 1283 machinator
662 1253 745 1284 boris
762 1255 854 1293 aerei,
869 1258 898 1284 et
913 1253 1034 1291 artifex
1049 1254 1250 1290 cruciatuum,
1266 1253 1317 1291 qui
1332 1251 1516 1291 conflaverat
1533 1260 1576 1280 (τε

116 1292 212 1323 fatale
226 1293 267 1323 ad
295 1303 371 1324 nora
396 1295 556 1334 supplicia,
576 1296 673 1336 prior,
698 1297 839 1337 Tyranno
868 1297 987 1327 Siciliae
1013 1295 1194 1327 Phalaride
1208 1294 1346 1332 jubente,
1370 1297 1515 1333 expertus
1531 1295 1576 1322 est

115 1344 189 1376 opus
205 1336 406 1377 intentatum,
422 1347 457 1368 ac
472 1338 575 1368 docuit
592 1338 695 1370 bovem
720 1349 809 1370 suum
834 1340 969 1370 reboare.
1016 1338 1186 1378 Eutropius
1213 1336 1367 1377 occuparit
1384 1336 1512 1366 divitius
1527 1344 1576 1366 ne-

731 1448 962 1462 eeeeeeeeeeee

116 1513 194 1544 Vat.
211 1522 277 1544 sec.
301 1513 398 1545 Rott.
428 1517 574 1554 quatuor
599 1514 693 1545 Med.
719 1514 783 1545 inc.
811 1514 929 1545 Heius.
949 1515 1029 1546 Put.
1054 1514 1182 1545 Tlinan.
1205 1518 1274 1545 tres
1296 1513 1416 1544 Petav.
1443 1512 1572 1543 Bonon.

115 1555 342 1587 Pat.'rh010s.
359 1556 425 1587 duo
444 1556 558 1587 Ambr.
573 1557 652 1587 Lov.
669 1558 792 1588 Moret.
811 1567 877 1588 sec.
895 1558 978 1588 Exc.
997 1558 1138 1589 Gevart.
1164 1557 1306 1587 Lucens.
1324 1565 1374 1595 pr.
1389 1554 1442 1585 ed.
1460 1554 1573 1585 vicet.

115 1602 151 1629 et
176 1598 291 1629 Parm.
312 1599 508 1639 primumque
526 1600 577 1629 vel
605 1600 762 1639 pronoque
784 1600 864 1630 Vat.
881 1609 932 1640 pr.
954 1601 1110 1639 primoque
1128 1600 1225 1629 etiam
1237 1603 1290 1628 est
1307 1598 1338 1627 iu
1357 1598 1437 1628 Lov.
1457 1596 1488 1627 in
1506 1605 1574 1636 quo

115 1641 324 1681 ascriptum:
351 1641 399 1671 sic
416 1641 457 1671 de
475 1641 562 1671 Bell.
581 1642 674 1672 Gild.
698 1645 772 1672 241.
791 1641 879 1672 infra
894 1644 967 1672 158.
984 1647 1019 1672 et
1046 1644 1117 1671 161.
1139 1640 1289 1681 produxit
1317 1640 1400 1669 Exc.
1426 1639 1573 1669 Lucens.

115 1691 184 1713 sec.
229 1683 378 1722 perduxit
403 1683 483 1713 Put.
516 1684 599 1713 Exc.
626 1684 728 1713 Laeti.
762 1684 841 1713 edd.
869 1685 981 1713 Vicet.
1007 1688 1042 1713 et
1069 1684 1293 1713 Parm.—156
1321 1681 1465 1710 Ecectum
1495 1679 1572 1710 Pat.

115 1724 243 1762 Eiectus
258 1725 389 1756 Mazar.
406 1724 460 1755 ed.
484 1724 596 1755 Parm.
622 1725 751 1755 Excivit
776 1725 856 1757 Jun.
874 1735 925 1764 pr.
949 1724 1076 1755 stabulis
1091 1724 1169 1755 Vat.
1186 1732 1252 1754 sec.
1273 1723 1398 1753 Mazar.
1414 1720 1571 1752 Ambros.

114 1766 190 1798 Pal.
208 1767 260 1798 ed.
277 1766 391 1798 Parni.
414 1766 543 1797 stabulis
560 1767 614 1797 vel
636 1767 781 1797 thalamis
806 1767 900 1797 Med.
918 1777 969 1807 pr.
993 1766 1108 1796 tabulis
1131 1765 1339 1805 conjiciebat
1356 1763 1572 1795 Heinsius.—

114 1811 176 1840 15⁷
199 1810 384 1849 dispositum
398 1812 443 1839 est
476 1808 557 1840 Jun.
575 1818 624 1847 pr.
647 1809 799 1848 Latioque
821 1808 941 1848 potenti
964 1817 1026 1848 pro
1040 1810 1075 1838 ut
1091 1808 1207 1846 dignus
1221 1806 1324 1845 iniqui
1351 1805 1473 1836 Petav.
1501 1815 1572 1837 sec.

109 1851 228 1891 iniquis
240 1851 320 1881 Vat.
337 1856 416 1882 tert.
433 1851 529 1881 Rott.
543 1850 648 1881 Oisel.
664 1851 744 1881 Put.
760 1851 882 1882 Petav.
899 1855 976 1881 tert.
993 1850 1126 1880 Bonon.
1139 1848 1235 1880 Leid.
1250 1857 1317 1878 sec.
1331 1847 1413 1877 Exc.
1428 1846 1569 1879 Gevart.

112 1896 220 1924 -158
243 1893 369 1924 Ausffii
386 1892 515 1929 fructus
532 1891 651 1923 Ambr.
668 1897 748 1923 tert.
777 1892 948 1923 Consilium
971 1892 1108 1922 Tholos.
1131 1889 1287 1921 actoribus
1302 1889 1381 1919 Vat.
1397 1892 1475 1918 tert.
1497 1887 1572 1920 Pal.

114 1935 208 1966 Med.
226 1945 276 1975 pr.
295 1936 434 1966 ·-Moret.
460 1945 510 1975 pr.
542 1935 639 1965 instat
666 1934 784 1965 Ambr.
813 1944 865 1974 pr.
897 1934 989 1965 instet
1007 1934 1059 1964 vel
1083 1933 1267 1970 obsitKVat.
1286 1935 1363 1962 tert.
1380 1930 1501 1961 Petav.
1519 1940 1567 1971 pr.

113 1977 210 2009 obstet
224 1977 427 2008 Leia—159
445 1977 545 2018 fluvio
562 1978 672 2007 multos
689 1976 805 2008 Ambr.
824 1986 892 2007 sec.
916 1976 1107 2016 ratesflutio
1121 1975 1231 2006 multos
1246 1973 1340 2004 Med.
1359 1982 1426 2004 sec.
1450 1977 1569 2004 errante

113 2020 240 2052 Moret.
258 2030 309 2060 pr.
327 2020 385 2061 qui
402 2026 437 2051 et
451 2020 507 2050 sub
520 2029 615 2050 annos
630 2019 854 2050 habet.—160
878 2019 972 2050 movit
987 2018 1066 2050 Jun.
1085 2027 1136 2057 pr.
1161 2016 1273 2047 meruit
1290 2015 1342 2046 vel
1359 2014 1475 2046 monuit
1492 2014 1568 2047 Pnt.

109 2066 273 2103 parentem
296 2063 374 2093 Vat.
398 2067 480 2093 tert.
507 2062 614 2093 Oisel.
643 2072 686 2092 ιιι.
716 2064 873 2102 [an—161
898 2061 1044 2092 laventus
1064 2060 1182 2099 primas
1197 2058 1290 2090 Med.
1307 2064 1416 2098 quart.
1435 2056 1569 2097 primum

113 2106 194 2136 Vat.
219 2115 271 2146 pr.
289 2106 372 2136 Exc.
401 2104 496 2136 Laeti.
519 2104 618 2144 primo
644 2105 727 2135 Lov.
751 2105 871 2143 primus
886 2103 952 2134 duo
969 2102 1088 2134 Leidd.
1107 2112 1181 2133 cum
1205 2101 1325 2141 viginti
1342 2099 1469 2130 duobus
1486 2099 1574 2138 aliis,

112 2148 200 2179 Exc.
218 2148 362 2180 chart.
389 2148 532 2178 Lucens.
563 2156 629 2178 sec.
655 2146 711 2177 ed.
736 2147 847 2178 vicet.
876 2146 956 2176 Var.
979 2145 1046 2176 LL.
1062 2144 1115 2175 ed.
1139 2143 1352 2174 Antv.—162
1374 2141 1447 2172 soeri
1462 2141 1573 2172 cecidit

112 2191 194 2222 Vat.
209 2191 318 2232 quint.
334 2190 426 2221 Prie.
445 2190 565 2220 Petav.
581 2199 632 2229 pr.
651 2195 686 2220 et
709 2194 788 2220 tert.
818 2188 944 2220 Moret.
969 2197 1019 2228 pr.
1047 2186 1100 2217 ed.
1124 2186 1240 2216 Parm.
1275 2185 1352 2225 quod
1364 2185 1489 2215 dixerat
1506 2183 1573 2214 duo

113 2233 234 2264 Leidd.
261 2237 297 2264 et
324 2232 465 2272 triginta
489 2232 557 2271 alii,
586 2232 670 2263 Exc.
696 2232 838 2263 Gevart.
868 2231 1011 2262 Lucens.
1033 2238 1102 2260 sec.
1128 2227 1253 2259 Sched.
1283 2226 1374 2258 Gud.
1392 2226 1446 2258 ed.
1462 2226 1574 2257 Vicet.

113 2275 167 2316 qui
181 2276 275 2308 Prie.
292 2275 386 2307 Med.
402 2285 470 2306 sec.
488 2285 530 2306 m.
545 2284 614 2306 sec.
629 2284 648 2327 2
664 2275 745 2306 Lov.
761 2284 819 2316 quo
846 2273 899 2304 vel
922 2273 975 2314 qui
992 2273 1076 2304 Exc.
1101 2271 1201 2302 Laeti.
1234 2270 1314 2311 quod
1329 2270 1382 2301 vel
1394 2269 1447 2310 qui
1461 2268 1573 2300 Oxou.

771 2363 912 2396 NOTAE

153 2455 217 2485 156
243 2451 414 2492 Thalamis]
447 2451 516 2484 Alii
531 2452 651 2493 legunt
665 2450 815 2483 Stabulis.
869 2450 993 2482 tiorum
1011 2446 1159 2488 tyranni.

154 2499 217 2535 138
239 2502 361 2534 Primi-5
386 2502 580 2542 auctoribus]
633 2501 816 2541 Hesiodus,
913 2501 974 2530 163
1001 2496 1118 2537 Opisex
1132 2495 1233 2535 tauri]
1266 2495 1413 2527 Petinus
1430 2494 1572 2527 Atheni-

111 2551 132 2590 ἦ
146 2551 182 2584 δὲ
196 2552 276 2589 κακὴ
289 2551 391 2590 βουλὴ
401 2554 445 2592 τῷ·
456 2551 663 2588 βουλεύσαντι
673 2551 816 2589 κακίσννη.
871 2549 972 2588 ensis,
986 2548 1041 2589 qui
1070 2557 1089 2577 a
1117 2545 1298 2577 Phaiaride
1323 2545 1495 2585 conjectus
1516 2548 1572 2576 est

115 2604 296 2635 Consanum
310 2604 402 2642 male,
416 2604 583 2634 cons-ultori
594 2603 815 2643 perniciosum.
870 2599 904 2630 in
921 2604 1055 2630 taurum
1071 2605 1215 2633 ameum,
1229 2604 1328 2635 quem
1345 2595 1416 2634 ipse
1433 2594 1570 2625 invene-

131 2692 134 2693 7
157 2655 221 2684 159
247 2652 357 2692 Vates]
386 2653 544 2685 Thrasius
566 2654 682 2694 Cypro
703 2653 815 2684 oriun-
870 2654 934 2688 rat,
949 2654 983 2679 et
999 2645 1140 2678 flammis
1155 2644 1318 2686 subjectis
1346 2652 1447 2675 voces
1470 2643 1569 2674 mise-

114 2701 188 2734 dus.
870 2698 994 2729 rabiles
1017 2697 1122 2728 instar
1134 2695 1280 2736 mugitus
1302 2693 1480 2726 moriendo
1497 2692 1570 2725 edi-

158 2754 218 2786 161
242 2749 418 2791 Busiridis]
442 2752 815 2794 CrudeiissimiAEgyp-
868 2749 933 2783 dit.
