1842 3193
226 223 283 263 72
739 223 816 254 cn.
848 219 1130 252 emuniuit
1164 218 1197 248 1.

226 326 516 378 Claustraque
537 320 755 374 congestis
772 315 968 370 scopulis
990 309 1429 361 durissimatendunt‚

227 393 332 434 Non
354 393 443 433 alia
459 389 693 432 reseranda
713 397 857 432 manu,
878 382 958 422 sed
980 381 1131 435 pervia
1152 384 1315 421 tantum

226 459 444 514 Augusto,
466 458 730 512 geminisque
752 451 880 492 fidem
901 449 1078 490 mentitu
1100 448 1312 502 tyrannis.

227 528 456 568 Semirutae
477 531 629 572 turres,
651 520 893 571 avulsaque
913 517 1077 557 moenia
1094 515 1284 556 fumant.

226 594 442 636 Crescunt
463 595 505 634 in
522 591 738 633 cumulum
761 591 943 639 strages,
965 585 1211 637 vallemque
1232 580 1497 636 profundam

228 663 475 716 AEquavere
487 661 616 715 jugis,
677 656 884 708 Stagnant
903 654 1107 693 immersa
1123 663 1272 692 cruore

227 729 448 784 Corpora:
480 730 704 770 turbantur
723 723 927 779 permisto
948 721 1099 762 funere
1119 732 1283 761 manes.

285 797 424 838 Haud
441 796 594 851 procul
613 799 773 835 exacto
793 792 921 832 laetus
942 789 1175 831 certamine
1197 788 1334 829 victor

225 863 405 918 Cespite
423 864 641 917 gramineo
658 860 932 908 consederat,
955 859 1107 898 arbore
1127 856 1264 897 fultus

225 931 430 973 Acclines
449 933 671 972 humeros:
704 929 927 969 dominum
947 926 1104 979 gavisa
1119 927 1298 966 coronat

1602 577 1689 619 110

1604 918 1691 959 115

225 1041 311 1071 vario
323 1040 466 1077 circuitu,
483 1039 515 1069 in
532 1041 669 1069 extremo
684 1037 808 1076 angulo,
825 1039 854 1066 et
869 1039 1023 1076 opponunt
1039 1035 1195 1065 obstacula
1209 1032 1380 1073 asperrima
1395 1031 1483 1062 saxis
1501 1029 1667 1061 cumulatis
1679 1039 1692 1065 ,·

224 1084 400 1113 obstacula
415 1092 474 1112 non
489 1081 654 1121 aperienda
676 1089 769 1110 manu
781 1079 920 1115 alterius,
935 1079 987 1107 sed
998 1078 1140 1117 patentia
1160 1079 1304 1115 Augusto
1327 1076 1398 1114 soli,
1424 1078 1605 1114 postquam
1622 1081 1691 1102 non

224 1125 494 1165 servaruntfidem
509 1123 626 1153 duobus
649 1123 801 1162 tyrannis.
849 1120 962 1150 Turres
977 1129 1104 1158 eversae,
1120 1123 1149 1149 et
1165 1119 1255 1149 urbes
1279 1118 1413 1148 incensoe
1427 1116 1576 1154 fumant.-
1599 1115 1690 1146 cada-

222 1177 295 1197 rera
306 1170 438 1206 surgunt
456 1175 513 1206 per
528 1174 661 1204 acervos,
676 1167 705 1194 et
722 1165 884 1202 adoequant
901 1162 1010 1192 vallem
1025 1171 1131 1192 cavam
1147 1161 1263 1192 monti:
1279 1170 1407 1200 corpora
1423 1168 1523 1190 mersa
1538 1157 1691 1196 sanguine

224 1213 355 1240 natant.-
378 1210 439 1241 Dii
460 1208 557 1246 inferi
583 1207 750 1238 turbantur
765 1205 891 1246 infinita
906 1205 1002 1235 clade.
1051 1204 1122 1235 Non
1147 1205 1235 1243 longe
1250 1202 1462 1233 Theodosius
1486 1201 1585 1232 victor
1601 1201 1692 1230 laetus

224 1253 301 1284 bello
313 1252 464 1294 perfecto,
478 1253 598 1282 sederat
616 1251 649 1281 in
663 1249 776 1291 cespite
792 1248 901 1287 viridi,
917 1247 1054 1285 fulciens
1069 1247 1178 1278 arbore
1192 1248 1332 1278 humeros
1347 1245 1544 1276 inclinantes.
1592 1243 1692 1275 Terra

838 1337 1072 1350 eeeaeeeeeeeeae

224 1398 340 1429 Vicet.
367 1396 476 1429 Colin.
503 1400 538 1427 et
563 1395 660 1427 Junt,
683 1394 865 1433 Angustam
894 1392 1082 1425 Ald.—1oo
1105 1393 1251 1431 conjectis
1276 1391 1371 1423 Med.
1397 1393 1508 1432 quart.
1537 1389 1693 1429 congestis

226 1442 308 1472 Vat.
331 1445 405 1481 opt.
429 1439 504 1470 Pal.
529 1439 630 1470 Farn.
648 1438 742 1469 Prie.
774 1436 917 1475 conjestis
932 1437 1011 1467 Vat.
1030 1437 1249 1478 quint.—107
1272 1434 1434 1473 referenda
1451 1443 1511 1474 pro
1525 1433 1693 1464 reseranda

226 1483 323 1515 Med.
341 1484 501 1524 pr.—110
524 1483 676 1512 tumulum
691 1481 787 1511 Med.
805 1489 858 1520 pr.
873 1479 950 1510 Pal.
977 1481 1109 1511 culmum
1125 1480 1226 1510 Farn.
1243 1478 1337 1509 Med.
1355 1482 1466 1518 quart.
1489 1476 1620 1508 culmine
1635 1474 1692 1507 ed.

225 1527 340 1558 Vicet.
364 1527 645 1565 corrupte—111
669 1524 802 1555 inmersa
828 1521 908 1554 Ald.
937 1522 1022 1554 Cod.
1051 1522 1195 1560 Bar-thil,
1222 1531 1322 1562 quem
1353 1520 1443 1551 vide.
1472 1520 1526 1550 ed.
1553 1519 1692 1550 Claver.

222 1569 360 1600 inmensa
377 1568 443 1599 duo
458 1568 541 1599 Vat.
569 1568 646 1598 Pal.
671 1567 794 1598 Petav.
819 1575 871 1606 pr.
897 1565 993 1596 Med.
1009 1572 1122 1607 quart.
1139 1571 1175 1597 et
1201 1565 1256 1596 ed.
1276 1565 1498 1595 vicen—112
1522 1561 1691 1593 turbantur

225 1612 292 1643 duo
308 1611 402 1643 Med.
420 1611 515 1642 Leid.
540 1620 592 1652 pr.
615 1610 740 1641 Petav.
758 1619 808 1650 pr.
827 1608 901 1640 Pal.
921 1614 957 1639 et
974 1609 1053 1641 Vat.
1074 1610 1181 1650 quint.
1218 1609 1389 1639 tradimtur
1405 1607 1483 1637 Vat.
1501 1615 1570 1637 sec.
1586 1605 1690 1636 Farn.

224 1655 390 1685 trahantur
406 1655 535 1685 Morct.
569 1654 736 1684 trudwztur
752 1652 807 1683 ed.
826 1651 939 1682 Parm.
959 1651 1072 1684 Vicet.
1091 1652 1245 1692 Lugdun.
1263 1655 1299 1681 et
1320 1650 1509 1681 Basileens.
1527 1653 1563 1679 et
1578 1647 1690 1680 Paris.

225 1703 328 1737 atque
342 1698 390 1728 ita
403 1701 603 1728 correxerat
624 1695 799 1733 Heinsius,
825 1699 859 1725 et
884 1694 1094 1735 ascripserat
1122 1696 1233 1726 locum
1260 1693 1335 1725 Lib.
1354 1702 1379 1724 1.
1404 1692 1439 1723 in
1469 1691 1585 1723 Rufin.
1613 1693 1691 1722 381.

224 1741 233 1755 ¹
251 1741 317 1771 imo
335 1740 487 1771 barathri
502 1740 651 1770 condere
667 1749 802 1770 recessu
814 1740 834 1770 ι’
858 1736 915 1768 ubi
932 1746 973 1767 ex
988 1739 1070 1770 Vat.
1086 1748 1156 1770 sec.
1175 1737 1327 1778 reposuit
1342 1736 1480 1773 tradere,
1497 1739 1533 1766 et
1548 1733 1631 1765 illud
1647 1732 1691 1764 ad

223 1783 314 1814 hunc
331 1783 442 1814 locum
457 1782 578 1814 referri
593 1788 753 1822 oportere
767 1781 1017 1813 monuit.—113
1042 1786 1170 1813 exaucto
1187 1782 1266 1812 Vat.
1283 1780 1390 1821 quint.
1428 1779 1575 1809 exhausto
1592 1776 1693 1810 Leid.

225 1836 276 1865 pr.
304 1831 340 1857 et
366 1826 601 1858 Morem—114
614 1826 735 1867 fluctus
761 1835 821 1866 pro
839 1823 946 1861 saltus
970 1825 1064 1856 Med.
1089 1826 1310 1866 quam—115
1334 1822 1464 1854 acclines
1487 1822 1611 1852 Petav.
1636 1829 1690 1861 pr.

888 1899 1030 1933 NOTAE

268 1968 329 1996 108
352 1964 511 2005 Augusto]
534 1963 748 1997 Theodosio:
777 1965 855 1997 vide
878 1975 928 1997 vs.

223 2019 275 2047 74.
293 2025 406 2057 supra.

269 2066 412 2098 Geminis
414 2066 515 2109 fidem
527 2068 659 2098 mentita
671 2067 831 2108 tyrannis]
841 2068 927 2101 Quae

223 2118 370 2148 claustra
387 2117 525 2158 Alpium
546 2117 745 2150 fefellerunt
761 2118 845 2150 duos
859 2119 927 2160 Ty-

224 2176 360 2205 rannos,
386 2166 588 2204 Maximum,
615 2171 651 2197 et
686 2167 878 2207 Eugenium
909 2177 928 2199 e

225 2216 460 2249 Grammatico
497 2216 539 2247 ab
570 2215 761 2256 Arbogaste
796 2216 930 2249 factum

224 2267 396 2299 exercitus
433 2267 692 2308 Imperatorem.
747 2267 823 2308 Isti,
852 2277 929 2299 cum

226 2318 332 2360 Alpes
363 2318 534 2360 pepigisse
564 2317 811 2358 quodammodo
837 2318 930 2349 vide-

225 2373 343 2399 rentur
368 2368 451 2408 ipsis
477 2366 614 2398 facilem
645 2367 825 2399 transitum
855 2378 930 2400 esse

225 2428 459 2457 concessuras,
488 2426 525 2448 re
561 2427 641 2448 vera
678 2417 815 2449 admissi
852 2423 930 2450 sunt

225 2469 320 2510 quasi
346 2467 413 2499 fide
441 2468 535 2508 data,
550 2467 609 2498 sed
635 2477 702 2499 non
725 2469 928 2510 transmissi,

221 2519 368 2560 ideoque
402 2524 522 2550 contra
550 2517 654 2549 fidem
684 2522 721 2550 et
745 2529 841 2560 spem
870 2520 928 2552 de-

225 2570 332 2611 cepti,
350 2573 386 2601 et
402 2570 501 2601 simul
517 2569 674 2611 oppressi
694 2574 772 2601 sunt
788 2580 808 2601 a
820 2571 928 2603 Theo-

225 2620 331 2652 dosio.

268 2674 331 2702 109
355 2671 535 2712 Semirutoe]
577 2670 827 2703 Describuntur
854 2672 930 2704 bre-

225 2721 313 2752 viter
327 2731 380 2760 ea,
404 2731 481 2763 quae
511 2722 565 2753 vel
590 2722 707 2754 Romae
735 2723 790 2754 vel
816 2723 927 2756 Theo-

226 2773 310 2805 dosii
326 2772 539 2806 fulminantis
568 2783 704 2807 currum
725 2780 928 2819 sequuntur,

981 1964 1142 1996 incendia
1152 1963 1297 2002 scilicet,
1309 1962 1457 2003 sanguis,
1471 1965 1614 2001 strages,
1626 1961 1692 1992 διο.

1027 2018 1088 2047 112
1115 2013 1306 2054 Tin-bantur]
1331 2013 1419 2044 Tam
1445 2012 1609 2043 immensa
1637 2015 1693 2042 est

981 2067 1186 2098 cadaverum
1213 2066 1312 2096 simul
1335 2064 1583 2105 permixtorum
1606 2063 1691 2094 mul-

982 2120 1108 2159 titudo,
1122 2125 1158 2150 ut
1176 2129 1251 2150 cum
1269 2117 1493 2149 tumultuaria
1511 2116 1691 2157 sepultura.

982 2171 1111 2211 captim
1152 2170 1407 2208 acervatimque
1445 2171 1692 2207 congerantur,

982 2220 1049 2260 ipsi
1066 2219 1247 2250 turbentur
1264 2222 1529 2258 terreanturque
1540 2226 1668 2248 manes.

1027 2273 1089 2300 114
1115 2269 1239 2309 Cespite
1265 2267 1443 2308 gramineo]
1469 2268 1568 2301 More
1597 2271 1692 2299 vete-

983 2329 1056 2351 rum
1080 2320 1233 2351 Heroum
1257 2320 1356 2350 sellas
1382 2319 1630 2359 spernentium,
1653 2322 1691 2350 et

983 2371 1018 2401 in
1046 2370 1176 2411 cespite
1202 2370 1406 2409 sedentium,
1428 2370 1544 2400 Duces
1559 2368 1637 2400 olim
1654 2369 1691 2401 in

983 2424 1076 2451 terra
1092 2425 1150 2451 aut
1165 2420 1326 2461 gramine,
1342 2419 1376 2450 in
1387 2425 1486 2451 antro
1500 2424 1558 2450 aut
1572 2429 1692 2462 specu,

983 2481 1065 2502 saxo
1098 2471 1318 2512 impendente
1348 2481 1388 2502 ac
1421 2475 1578 2511 tegente,
1613 2471 1692 2504 dor·

982 2522 1147 2554 miebant.
1193 2522 1247 2553 Sic
1264 2522 1396 2553 Plinius
1412 2522 1456 2553 de
1468 2521 1634 2564 Trajano.

1028 2576 1087 2605 115
1113 2573 1298 2614 Dominum]
1320 2573 1428 2606 Quasi
1450 2577 1544 2604 terra
1572 2583 1690 2614 agnos-

984 2630 1041 2656 cat
1056 2634 1131 2655 eum
1149 2634 1223 2655 esse
1239 2635 1333 2655 suum
1357 2623 1554 2664 Principem
1575 2623 1690 2664 legiti-

982 2685 1085 2715 mum,
1101 2685 1244 2717 eumque
1273 2681 1390 2707 natum
1419 2684 1502 2715 esse,
1519 2680 1558 2706 ut
1582 2675 1690 2707 domi·

983 2731 1095 2766 netur,
1122 2731 1162 2757 ut
1190 2731 1291 2757 terrae
1323 2726 1470 2767 imperet
1496 2725 1689 2758 universae:

983 2775 1074 2819 quod
1095 2776 1279 2810 coronandi
1307 2780 1366 2808 aut
1395 2773 1496 2808 flores
1521 2774 1688 2810 fundendi
