1852 3193
221 190 306 232 384
700 195 772 225 GL.
805 188 1084 222 cuminum
1122 188 1208 217 xv.

222 295 276 335 In
295 295 434 348 primo
456 292 661 345 genitore,
679 290 796 336 vide,
821 285 951 327 civile
973 283 1148 324 calebat

222 362 484 403 Dissidium.
546 358 698 400 Dubio
721 355 897 395 stabant
918 351 1125 392 Romana
1144 350 1226 391 sub
1248 351 1352 391 ictu.

223 429 338 480 Quis
363 428 516 482 procul
537 424 789 471 Armenius,
811 422 879 462 vel
902 421 1002 474 quis
1027 418 1239 460 Maeotide
1259 419 1357 471 ripa

224 497 329 538 Rex
350 497 522 549 ignotus
544 494 646 546 agit,
670 491 747 546 qui
768 502 838 530 me
860 501 947 529 non
964 488 1078 542 juvit
1098 486 1303 527 euntem?

223 564 409 605 Auxilio
430 564 576 603 fovere
600 560 749 608 Getae,
770 571 926 600 venere
947 556 1125 597 Geloni.

225 632 356 672 Solus
373 635 416 671 at
436 631 522 679 hic,
546 641 628 669 non
649 639 801 682 puppe
824 625 941 675 data,
963 637 1050 664 non
1071 624 1206 664 milite
1227 623 1381 670 misso,

225 698 450 748 Subsedit,
470 698 673 738 fluitante
694 695 791 736 fide.
851 694 899 734 Si
920 694 1045 746 signa
1065 692 1252 746 petisset

229 767 388 817 Obvia,
410 767 582 807 detecto
605 763 873 805 submissius
891 762 1017 802 hoste
1040 759 1250 801 dolerem.

1600 549 1686 590 245

226 904 313 926 amor
324 893 440 925 fratris
456 896 615 924 avertatur
630 891 777 929 ufratre.
823 888 990 919 Considera
1016 886 1149 927 primum
1169 882 1200 915 in
1226 893 1280 914 me
1304 885 1394 923 patre
1410 885 1468 912 tuo
1485 881 1605 911 merita
1622 878 1691 911 Gil-

228 938 336 968 donis.
382 937 504 967 Bellum
519 936 607 965 cit-ile
623 934 770 964 ardebat.-
792 941 841 961 res
865 931 1012 960 Romana>
1032 929 1156 958 stabant
1172 926 1226 957 sub
1242 928 1304 956 ictu
1319 924 1462 965 ancipiti.
1511 924 1590 958 Quis
1603 924 1693 962 longe

228 980 396 1011 Armenius
413 980 499 1015 Rex,
521 981 575 1007 aut
593 977 661 1016 quis·
678 976 749 1005 Rex
764 973 939 1011 incognitus
955 972 988 1001 in
1003 971 1108 1000 littore
1123 970 1267 999 Moeotico
1281 968 1371 1005 vicit,
1394 968 1446 1007 qui
1461 977 1520 997 uon
1536 966 1692 1004 adjuverit

229 1033 282 1053 me
296 1021 540 1062 proficiscentem
555 1020 594 1050 ad
611 1017 758 1048 bellum?
806 1016 898 1045 Getoe
923 1015 1135 1043 sustentarunt
1163 1021 1221 1041 nos
1246 1011 1313 1040 suis
1330 1010 1457 1047 viribus,
1476 1010 1588 1039 Geloni
1602 1008 1692 1039 adce-

229 1068 361 1095 nerunt:
383 1065 435 1093 sed
450 1063 509 1092 iste
524 1071 601 1092 unus
617 1060 720 1090 Gildo
734 1056 955 1097 ambiguafide
971 1055 1130 1092 remansit,
1149 1054 1219 1083 nari
1236 1063 1293 1083 nou
1311 1053 1502 1088 ministrata,
1516 1061 1576 1081 non
1591 1050 1693 1081 missis

230 1106 390 1138 militibus.
437 1105 475 1135 Si
489 1105 600 1135 ruisset
624 1103 656 1133 in
679 1101 792 1132 vexilla
808 1099 886 1130 mihi
902 1098 1072 1137 contraria,
1088 1098 1187 1127 minus
1208 1096 1368 1135 irascerer,
1385 1094 1458 1134 ipso
1475 1094 1559 1124 hoste
1574 1096 1693 1134 aperto.

859 1193 1095 1206 eeeeeeeeeeee

232 1256 308 1287 Pal.
324 1257 424 1286 Farn.
445 1254 543 1284 Rott.
575 1253 605 1282 in
616 1250 722 1290 fratre
738 1254 774 1282 et
790 1249 923 1281 emend.
947 1260 965 1280 α
983 1248 1091 1285 fratre
1108 1247 1204 1279 Leid.
1223 1257 1274 1287 pr.
1289 1247 1372 1278 Exe.
1386 1245 1520 1278 Ruben.
1550 1243 1699 1283 infrutre

232 1301 287 1330 vel
302 1299 438 1337 infructu
455 1297 605 1327 Florent.
622 1296 749 1325 '1¹l1uan.
782 1293 931 1333 infracta,
959 1292 1105 1326 infrutre
1127 1292 1180 1322 vel
1195 1290 1330 1329 afratre
1348 1290 1424 1321 Vat.
1442 1292 1521 1320 tert.
1546 1288 1699 1325 fraterna

233 1343 299 1382 leg.
318 1341 435 1372 Heius.
468 1339 583 1370 recedit
599 1338 677 1368 Vat.
695 1337 802 1377 quint.
822 1338 1004 1367 Pan-241
1030 1336 1114 1366 rides
1136 1335 1231 1365 Med.
1253 1337 1365 1374 quart.
1400 1332 1483 1363 videt
1500 1331 1595 1362 Prie.
1628 1331 1698 1361 vide

235 1386 289 1416 vel
306 1385 390 1415 tides
407 1383 528 1413 Petav.
557 1391 607 1421 pr.
639 1380 755 1410 colebat
772 1378 866 1410 Med.
891 1389 957 1409 sec,
983 1388 1026 1409 m.
1054 1380 1191 1409 5.--242
1214 1376 1392 1408 Discidium
1419 1374 1562 1415 triginta
1588 1372 1697 1405 Codd.

235 1429 322 1458 Exc.
352 1428 493 1457 Gevart‘
523 1425 619 1455 male.
652 1423 716 1454 vid.
741 1433 788 1453 vs.
816 1424 1000 1453 237.—-243
1024 1422 1092 1461 quis
1105 1421 1151 1451 rel
1168 1421 1242 1450 Vat.
1260 1429 1324 1450 sec.
1342 1419 1538 1450 Pria—244
1559 1417 1629 1455 agit
1645 1415 1700 1446 vel

235 1475 303 1501 erut
319 1471 398 1500 Pnt.
425 1479 484 1499 nan
501 1467 643 1506 mejurit
661 1466 757 1496 Leid.
773 1475 822 1506 pr.
835 1470 869 1496 et
887 1464 1007 1505 vigInti
1023 1464 1092 1505 alii,
1108 1463 1160 1494 ed.
1177 1464 1290 1494 Parni.
1308 1466 1344 1493 et
1359 1462 1473 1492 Vicet.
1509 1470 1555 1491 me
1571 1469 1630 1489 non
1646 1459 1701 1489 ad-

228 1513 314 1551 J'urit
338 1512 413 1543 Pal.
437 1512 533 1542 Med.
562 1520 610 1550 pr.
648 1519 708 1540 uon
733 1518 780 1539 me
796 1509 862 1548 quis
881 1507 994 1538 Oxou.
1011 1517 1076 1538 sec.
1112 1507 1186 1537 vicit
1204 1507 1328 1536 Petav.
1346 1514 1412 1535 sec.
1447 1504 1530 1534 novit
1548 1511 1607 1543 pro
1618 1501 1700 1540 juvit

238 1557 389 1587 Florent.
426 1557 565 1593 egentem
593 1552 709 1583 Ambr.
743 1554 900 1591 pia-245
925 1550 1044 1581 auxilio
1080 1559 1156 1580 cum
1186 1550 1314 1590 στιγμῇ,
1344 1548 1468 1578 Petav.
1498 1555 1563 1577 sec.
1595 1544 1702 1575 Hein-

236 1599 306 1629 sius
323 1598 541 1636 ascripserat,
563 1595 686 1634 ‘jau-et]
704 1599 797 1625 recte
813 1594 886 1624 haec
903 1594 1084 1633 leguntur3
1108 1592 1153 1622 nil
1172 1598 1277 1623 muta.
1302 1592 1350 1622 sic
1367 1590 1522 1628 etjurare
1538 1588 1703 1619 absolute.

237 1642 374 1672 Vulcat.
400 1640 565 1670 Gallicam.
589 1639 621 1668 in
641 1637 762 1667 Avidio
789 1636 925 1666 Cassio:
956 1635 1014 1665 sed
1032 1641 1068 1666 et
1086 1635 1159 1665 aliis
1175 1634 1384 1670 civitatibus,
1400 1642 1475 1673 quae
1490 1632 1584 1662 illum
1605 1630 1704 1670 juve-

241 1689 331 1721 rant,
359 1682 500 1723 ignovit.
544 1681 619 1710 Val.
650 1679 763 1709 Flacc.
789 1679 811 1708 l.
837 1687 886 1709 lv.
909 1681 986 1709 (518.
1008 1678 1208 1717 hostemque
1231 1676 1369 1716 juvabis
1402 1673 1562 1705 Αυκίὶίο.1
1595 1672 1705 1710 fovere

242 1726 338 1757 Leid.
356 1736 405 1765 pr.
422 1735 466 1754 m.
484 1733 534 1763 pr.
549 1722 638 1753 Prie.
654 1722 761 1753 Oisel.
777 1720 855 1751 Ald.
875 1722 958 1751 Exc.
977 1720 1072 1751 Laeti.
1088 1719 1200 1757 furere
1213 1719 1334 1759 viginti
1352 1717 1418 1747 duo
1435 1717 1504 1755 alii,
1517 1716 1573 1752 ed.,
1586 1716 1703 1746 Parm.

240 1774 276 1800 et
287 1770 400 1799 vicet.
411 1767 521 1805 farere
539 1765 706 1801 velserere
718 1765 796 1794 Vat.
809 1773 858 1803 pr.
872 1763 1071 1801 Put.forere
1084 1762 1196 1792 Geloni
1214 1763 1299 1792 Exc.
1314 1761 1554 1791 mmm—246
1571 1759 1659 1789 Solus
1672 1761 1705 1788 at

240 1812 291 1842 hic
302 1821 409 1847 marg.
422 1810 585 1840 Parn1.et
599 1808 678 1838 Var.
697 1807 765 1836 LL.
782 1806 834 1836 ed.
853 1806 955 1836 Antv.
973 1815 1015 1835 m.
1035 1815 1084 1844 pr.
1111 1805 1201 1835 Solus
1216 1805 1314 1834 adhuc
1326 1803 1405 1833 vat.
1419 1812 1471 1842 pr.
1485 1802 1578 1833 Prie.
1596 1801 1705 1833 Oisel.

242 1855 328 1885 Exc.
354 1853 486 1883 Ruben.
512 1851 564 1881 ed.
590 1850 704 1880 Parm.
723 1854 758 1879 et
776 1849 884 1879 Vicet.
916 1848 994 1887 pube
1009 1848 1135 1877 Thuau.
1154 1845 1280 1877 Mazar.
1312 1855 1411 1885 puppe
1428 1845 1479 1875 vel
1493 1844 1572 1884 pube
1595 1844 1708 1875 Oxou.

243 1898 417 1927 secu—247
442 1894 563 1925 tulisset
588 1893 662 1922 Pal.
689 1891 782 1922 Med.
803 1901 853 1930 pr.
871 1900 956 1921 unus
975 1890 1090 1920 Heius.
1121 1890 1269 1930 petissent
1292 1887 1388 1919 Med.
1404 1897 1470 1918 sec.
1486 1897 1530 1917 m.
1548 1889 1707 1927 lin—248

242 1939 356 1977 dejecto
371 1938 503 1969 ΤΙιοΙῡε.
540 1935 658 1973 defecto
680 1935 760 1965 Vat.
783 1943 834 1974 pr.
860 1933 968 1964 Oisel.
998 1933 1149 1964 Florent.
1176 1942 1218 1963 m.
1242 1942 1294 1972 pr.
1329 1932 1447 1962 detecto
1464 1929 1558 1961 Leid.
1574 1939 1624 1970 pr.
1641 1929 1708 1960 duo

245 1983 359 2012 Oxou.
382 1982 499 2011 detecto
517 1980 568 2010 vel
586 1978 701 2016 dejecto
720 1976 837 2007 Ambr.
854 1986 920 2007 see.
943 1976 1104 2007 Heinsius
1131 1976 1336 2015 ascripserat
1359 1974 1469 2005 locum
1487 1971 1659 2013 Lamprid.
1675 1971 1711 2002 in

249 2024 440 2055 Alexandro
457 2024 592 2053 Severo.
618 2031 651 2061 p.
672 2023 742 2051 120.
768 2022 776 2036 ‘
796 2029 837 2049 ne
866 2019 1046 2059 aliquando
1074 2019 1231 2050 detectus
1248 2017 1388 2058 capitali
1404 2015 1571 2056 supplicio
1587 2014 1710 2046 subde-

247 2067 362 2099 retur.’
388 2072 422 2098 et
436 2077 468 2107 p.
484 2068 556 2096 129.
582 2067 590 2082 ‘
606 2064 721 2095 statim
736 2063 767 2093 in
786 2062 877 2094 furto
891 2062 1050 2093 detectus
1063 2062 1139 2093 est.’
1163 2062 1293 2093 dolorem
1307 2070 1368 2101 pro
1381 2060 1513 2090 dolerem
1526 2059 1578 2090 ed.
1593 2058 1709 2089 Parm.

905 2181 933 2211 N
942 2180 1044 2212 OTAE

290 2260 351 2289 241
382 2256 473 2297 Vide]
509 2256 549 2286 In
578 2265 631 2285 me
664 2261 761 2295 patre
790 2259 848 2286 tuo
875 2255 951 2286 vide

249 2309 371 2340 merita
385 2308 554 2346 Gildonis,
569 2307 622 2348 qui
642 2316 694 2336 me
711 2306 801 2336 solus
814 2315 880 2336 non
899 2307 954 2337 ad-

244 2359 350 2400 juvit,
378 2368 455 2390 cum
478 2367 576 2398 reges
599 2366 712 2387 omnes
740 2365 793 2386 me
816 2356 954 2396 adjuva-

252 2415 342 2442 rent.

297 2460 413 2500 Civile]
438 2460 521 2491 Cum
539 2458 681 2489 Maximo
698 2461 733 2488 et
753 2457 887 2494 Victore,
899 2456 955 2496 qui

252 2522 273 2543 a
300 2511 485 2543 Theodosii
516 2510 643 2540 virtute
675 2508 828 2548 oppressi
866 2513 955 2538 sunt.

254 2563 311 2593 De
330 2562 472 2593 Maximo
485 2570 588 2601 supra
602 2571 610 2598 3
640 2559 743 2589 Victor
755 2563 867 2588 autem
884 2564 957 2588 erat

254 2612 395 2653 hujusce
418 2611 525 2642 filius:
554 2616 732 2650 utrumque
748 2608 957 2639 Theodosius

255 2664 288 2695 in
307 2664 389 2694 urbe
406 2663 568 2704 Aquileia
581 2667 689 2692 morte
704 2660 874 2691 multavit.

299 2717 363 2746 242
380 2715 444 2745 Sub
457 2714 537 2754 ictu]
558 2713 742 2755 Imperium
760 2713 960 2748 Romanum,

259 2765 353 2807 quasi
369 2764 518 2806 victima,
533 2763 658 2804 stabat,
673 2766 709 2794 et
730 2762 824 2793 velut
841 2770 963 2802 expec-

1009 2255 1104 2287 tabat
1121 2256 1223 2287 ictum
1238 2255 1401 2294 subitum,
1417 2253 1475 2295 qui
1488 2251 1626 2284 dubiam
1642 2249 1713 2281 effi-

1009 2311 1103 2336 ceret
1121 2307 1193 2346 ejus
1216 2307 1370 2337 salutem.

1051 2358 1113 2387 243
1138 2355 1317 2395 Armenius]
1356 2353 1518 2386 Armenia
1541 2356 1592 2383 est
1620 2349 1715 2391 regio

1011 2406 1114 2436 Asiae.

1055 2455 1220 2494 Maeotide]
1248 2456 1348 2486 Palus
1374 2453 1513 2485 Maeotis
1538 2456 1591 2482 est
1614 2459 1717 2490 supra

1013 2508 1162 2537 Pontum
1179 2506 1362 2543 Euxinum,
1373 2503 1470 2543 eujus
1485 2502 1592 2542 ripam
1610 2502 1717 2533 Meco-

1014 2557 1119 2587 tidem
1138 2557 1291 2586 incolunt
1310 2554 1392 2584 varii
1408 2552 1536 2592 populi.

1056 2610 1118 2638 245
1139 2607 1242 2643 Getoe,
1259 2603 1388 2643 Geloni]
1411 2603 1498 2633 Sunt
1511 2601 1628 2643 populi
1641 2610 1717 2632 ver-

1015 2667 1071 2688 sus
1087 2657 1254 2696 Septemtn
1265 2656 1387 2685 ionem.

1057 2710 1120 2739 248
1146 2708 1293 2747 Detecto]
1327 2705 1437 2736 Hoste
1471 2707 1603 2743 aperto.
1650 2700 1719 2733 Alii

1016 2759 1134 2799 legunt
1149 2759 1280 2798 defecto,
1306 2757 1328 2788 i.
1345 2766 1374 2787 e.
1402 2755 1482 2796 Ipso
1497 2753 1645 2786 Gildone
1661 2752 1719 2784 de-
