1857 3177
1497 202 1529 212 .-

471 212 520 242 {N
556 211 695 241 PROB.
732 210 792 240 m*
824 209 969 240 OLYB·
1002 211 1142 241 CONs.
1477 205 1534 242 (Ji.)

77 305 150 347 Ira
171 306 310 359 perit:
344 306 554 348 Plaustro
581 307 676 360 jam
699 319 797 348 rara
819 306 1069 347 intermicat
1089 304 1271 354 Arctos,

74 372 307 425 Indignata
329 374 418 424 tegi
437 388 445 413 :
471 375 565 428 jain
588 374 886 427 caligantibus
907 373 1040 414 armis

76 439 252 480 Debilis
276 439 413 480 Orion
436 441 639 481 dextram
663 443 842 482 miratur
863 442 1086 481 inermem.

75 506 218 557 Quem
243 509 364 560 prius
389 509 618 560 aggrediar
633 512 648 549 ’ἶ
681 510 842 549 veteris
864 510 961 562 quis
983 509 1102 549 facta
1124 507 1311 548 Probini

76 574 263 615 Nesciat
282 577 298 614 't
332 581 409 615 aut
432 576 592 616 nimias
614 577 769 617 laudes
790 578 957 628 ignoret
981 576 1135 629 (lebri
1151 576 1170 615 ”t

72 642 200 682 Vivit
221 642 381 690 adhuc,
403 644 683 698 completque
706 645 833 695 vag-is
854 643 1134 683 sermonibus
1157 656 1285 683 aures

72 709 229 750 Gloria
249 709 351 750 fusa
374 710 529 760 Probi,
552 725 681 764 quam
703 724 784 751 nec
808 716 994 751 ventura
1015 711 1208 751 silebunt

71 775 246 825 Lustra,
268 790 348 817 uec
371 777 521 829 ignota
542 778 681 831 rapiet
705 779 786 818 sub
808 778 924 818 nube
945 782 1158 818 vetustas.

70 842 201 884 Illum
222 843 338 884 fama
360 845 482 885 vehit
501 849 621 886 trans
644 858 844 898 aequora,
867 849 1074 898 transque
1094 848 1289 886 remotas

68 909 267 964 Tethyos
292 913 519 966 ambages,
541 912 869 967 Atlanteosque
891 926 1110 955 recessus.
1478 915 1535 956 :35

1478 576 1534 615 530

67 1032 138 1060 tunc
160 1029 256 1068 furor
271 1031 384 1062 Leonis
405 1033 493 1071 fult-i
517 1036 687 1065 evanescit:
700 1035 768 1073 jam
797 1036 905 1066 stella>
927 1035 1016 1066 I'rsae
1042 1040 1217 1066 recusantes
1241 1036 1404 1074 occultari,
1430 1036 1534 1066 rarius

67 1081 130 1111 per
147 1074 328 1104 intervalla
345 1076 445 1105 lucent
459 1077 491 1106 in
509 1077 656 1107 Planum
669 1089 678 1107 .·
692 1078 760 1115 jam
780 1078 879 1108 Orion
897 1079 1062 1116 languidus
1074 1081 1177 1118 stupet
1199 1089 1322 1109 manum
1338 1082 1534 1109 exarmatam

66 1116 136 1145 telis
156 1115 336 1147 obscuratis.
385 1118 485 1152 Quem
511 1119 609 1158 primo
635 1120 801 1159 suscipiam
832 1120 995 1149 laudare?
1044 1121 1123 1155 Quis
1150 1122 1269 1151 nesciat
1291 1122 1427 1151 actiones
1451 1127 1533 1151 natu

68 1158 192 1196 majoris
210 1159 351 1198 Probini,
365 1164 419 1190 aut
445 1162 567 1200 ignoret
593 1162 697 1191 laudes
724 1162 863 1203 infinitas
889 1160 1040 1202 Olybrii?
1088 1163 1185 1193 Fama
1214 1163 1309 1193 Probi
1324 1173 1431 1204 sparsa
1456 1164 1534 1194 citit

66 1201 178 1238 adhuc,
192 1205 221 1232 et
246 1203 342 1242 replet
359 1213 448 1234 aures
475 1204 573 1234 verbis
590 1204 716 1244 (Iiff'usz's
733 1215 742 1238 ,·
777 1204 879 1241 faula,
900 1215 989 1243 quam
1008 1205 1082 1235 unni
1102 1206 1208 1243 saturi
1225 1216 1282 1236 non
1301 1207 1455 1243 tacebunt,
1480 1217 1533 1237 nec

61 1244 234 1283 antiquitas
256 1246 384 1284 sepeliet
407 1246 461 1276 sub
478 1246 612 1277 tenebris
642 1246 778 1277 obscuris
804 1247 994 1276 oblivionis.
1043 1248 1141 1277 Fama
1164 1249 1233 1284 fert
1262 1249 1348 1278 illum
1375 1248 1527 1279 Probum

65 1289 153 1316 trans
179 1287 292 1327 maria,
309 1291 339 1318 et
355 1292 444 1319 trans
459 1289 607 1320 circuitus
631 1290 757 1320 ultimos
781 1288 925 1329 Tethyos,
952 1300 988 1319 ac
1013 1289 1149 1320 latebras
1166 1291 1317 1321 Atlantis.
1362 1290 1422 1321 Ille
1437 1290 1533 1321 etiam

680 1390 914 1402 eeeeeeeeeeee

64 1442 192 1474 Moret.
206 1444 287 1475 Vat.
301 1450 374 1485 opt.
391 1446 490 1477 Farn.
509 1445 604 1477 Med.
621 1449 733 1486 quart.
751 1448 785 1475 et
802 1444 854 1476 ed.
872 1444 1075 1476 Vicet.-29
1090 1444 1122 1474 iu
1136 1445 1259 1475 Petav.
1276 1454 1327 1486 pr.
1346 1454 1408 1485 pro
1422 1446 1535 1485 glossa

61 1486 245 1526 ascriptum
273 1493 360 1519 erat.
386 1490 467 1520 Stat.
488 1489 586 1524 Quem
600 1489 687 1529 prius
714 1487 854 1518 Heroum
874 1487 943 1518 Clio
965 1485 1080 1518 dabis?
1096 1487 1187 1525 sacta
1208 1487 1255 1518 id.
1287 1489 1407 1519 Petav.
1431 1489 1528 1520 Med.

63 1527 142 1565 (luo,
159 1534 228 1561 vet.
245 1530 299 1561 etl.
323 1531 434 1562 Parui.
460 1537 494 1562 et
524 1532 637 1562 Vicet.
654 1531 729 1570 fata
746 1531 844 1561 Exest
860 1531 959 1569 Laeti,
977 1530 1056 1561 Ald.
1081 1530 1189 1571 Ising.
1222 1530 1379 1562 Pulman.
1396 1531 1530 1563 Claver.

62 1576 98 1602 et
112 1571 178 1602 alii.
196 1573 264 1603 vid.
282 1574 489 1605 Barth—3⁰
513 1575 637 1613 ignorat
657 1575 749 1605 Prie.
779 1574 854 1604 Pal.
872 1573 990 1604 Olimbz'
1005 1574 1084 1604 Vat.
1112 1579 1181 1613 opt.
1197 1574 1324 1604 Moret.
1340 1574 1463 1605 Petav.
1481 1585 1532 1615 pr.

63 1613 159 1645 Med.
175 1615 242 1646 duo
257 1621 291 1647 et
310 1616 363 1648 ed.
379 1617 494 1648 Vicet.
511 1618 646 1648 Olimbrz‘
662 1618 741 1648 Vat.
756 1617 864 1657 quint.
883 1617 980 1647 Leia.
995 1625 1048 1656 pr.
1068 1620 1104 1647 et
1121 1617 1308 1647 Fara—32
1332 1626 1420 1657 quem
1436 1617 1531 1649 Med.

62 1665 114 1696 pr.
132 1662 166 1688 et
182 1658 308 1690 Moret.
332 1669 393 1690 non
411 1659 455 1691 id.
482 1661 609 1692 Mor-et.
635 1665 671 1692 et
698 1660 862 1691 pah—33
886 1659 1026 1698 ignotam
1044 1659 1129 1698 legit
1145 1659 1297 1690 Gronov.
1315 1659 1356 1690 ad
1375 1661 1532 1691 Barthia·

63 1709 141 1730 nam
167 1701 285 1733 Claud.
299 1702 382 1733 edit.
407 1702 535 1734 obscura
552 1704 766 1744 Isingr.-—35
793 1703 1058 1742 Athalanteosque
1072 1703 1173 1734 Varr.
1190 1703 1258 1733 LL.
1277 1712 1295 1733 e
1309 1703 1463 1742 margine
1477 1703 1533 1735 ed.

64 1742 178 1775 Parm.
223 1745 462 1787 Atlantidosque
489 1747 584 1778 Med.
604 1751 717 1788 quart.
744 1745 888 1787 margini
905 1745 990 1777 edit.
1009 1745 1117 1786 Lugd.
1135 1745 1342 1786 ascripserat
1357 1746 1532 1786 Heinsius,

726 1832 866 1864 NOTAE

103 1907 145 1935 26
168 1905 330 1947 Plaustro]
349 1907 425 1938 Hoc
436 1908 628 1947 estsignum
645 1907 766 1938 itidem

63 1954 218 1994 coeleste,
233 1961 269 1987 et
284 1957 410 1988 dicitur
426 1958 526 1997 Ursa,
541 1959 639 1998 cujus
655 1960 765 1989 stellae

62 2009 195 2045 septem
209 2007 256 2036 ita
272 2006 444 2048 dispositae
458 2015 550 2047 sunt,
565 2015 601 2040 ut
616 2009 767 2040 Plaustri

62 2055 211 2094 speciem
221 2057 467 2097 quodammodo
479 2058 653 2090 referant:
680 2059 768 2090 adde

61 2106 153 2146 quod
182 2106 248 2137 illa·
273 2109 382 2139 stellae
401 2114 534 2149 septem
562 2109 664 2140 dictae
689 2115 769 2140 sunt

61 2157 220 2197 Triones,
243 2163 301 2189 aut
315 2159 492 2190 'rei-rienes
516 2161 645 2190 rustico
670 2170 768 2191 voca-

61 2207 154 2246 bulo,
181 2207 215 2238 id
238 2214 304 2247 est,
336 2208 463 2247 boves;
499 2215 534 2240 et
564 2210 642 2240 inde
675 2209 765 2240 sidus

62 2259 152 2299 quod
169 2261 360 2300 proximum
388 2267 451 2301 est,
467 2262 593 2293 dicitur
615 2261 767 2302 ἀρκτοφύ-

60 2312 131 2350 λαξ,
155 2311 228 2343 sive
248 2313 359 2343 Custos
375 2313 485 2350 Ursoe;
508 2314 637 2345 dictum
664 2315 767 2346 etiam

61 2361 193 2402 βοώτης,
208 2363 241 2394 id
257 2369 322 2401 est,
341 2364 517 2401 Bubulcus;
540 2371 576 2396 et
592 2365 671 2397 inde
688 2376 768 2407 quo-

60 2422 127 2453 que
137 2413 766 2455 Septemtrionisappellatiomanavit.

103 2465 231 2506 Arctos]
290 2464 330 2495 ld
372 2470 438 2504 est,
479 2466 587 2497 stellae
627 2466 765 2507 majoris

62 2514 173 2545 Ursae.
219 2515 346 2546 Arctos
371 2514 435 2547 fuit
451 2517 531 2547 olim
552 2517 684 2548 Calisto
699 2518 766 2558 Ly-

60 2566 175 2596 caonis
191 2565 270 2605 filia,
285 2577 302 2596 a
327 2566 415 2599 Jove
441 2572 566 2606 amata,
594 2578 614 2598 a
628 2567 766 2600 Juuone

62 2614 97 2645 in
111 2614 231 2647 Ursam
250 2623 391 2656 mutata,
408 2623 442 2649 et
467 2617 508 2649 ab
532 2618 652 2649 eodem
676 2618 765 2651 Jove

62 2665 172 2696 relata
187 2667 278 2698 inter
295 2667 419 2699 sidera.

105 2717 148 2745 is
173 2716 286 2757 Orion]
333 2719 417 2749 Eum
450 2719 602 2750 nonnulli
645 2718 766 2750 dicunt

63 2770 184 2797 contra
218 2767 440 2808 Scorpionem
476 2768 659 2802 fortissime
685 2779 767 2811 pug-

149 2819 271 2861 Delph.
285 2823 314 2851 et
335 2821 410 2854 Vur.
425 2823 510 2855 Clas.

826 1917 965 1945 nantem
983 1914 1016 1945 in
1034 1913 1156 1945 coelum
1173 1923 1249 1945 curn
1274 1914 1374 1945 armis
1390 1915 1532 1946 transla-
1571 1913 1574 1916 ⁴

826 1972 898 1998 tum
915 1976 1010 1997 esse:
1035 1966 1092 1996 alii
1108 1966 1172 1996 alia
1196 1965 1362 2005 sentiunt,
1376 1971 1413 1996 ut
1431 1966 1471 1996 de
1498 1976 1532 1996 re

826 2017 953 2049 fabulis
981 2017 1154 2048 involuta:
1179 2016 1340 2057 quicquid
1364 2016 1419 2056 sit,
1446 2026 1530 2047 seni-

824 2078 886 2109 per
901 2073 1051 2098 armatus
1075 2066 1227 2107 fingitur.

866 2122 907 2149 30
933 2119 1072 2159 Nimius]
1096 2118 1294 2155 Inimensas,
1309 2115 1470 2147 infinitas.

865 2172 905 2200 31
936 2168 1034 2206 Vagis
1055 2166 1259 2206 sermonibus]
1283 2166 1350 2198 Qui
1367 2176 1531 2207 spargun-

822 2223 878 2250 tur
892 2217 996 2255 abiis,
1007 2217 1063 2257 qui
1078 2217 1166 2247 ultro
1179 2217 1337 2258 citroque
1352 2223 1531 2257 vagantur.

865 2271 906 2299 32
933 2266 1046 2306 Probi]
1070 2267 1103 2297 Is
1127 2271 1202 2297 erat
1218 2271 1319 2307 pater
1336 2265 1480 2298 Probini
1494 2272 1530 2297 et

822 2317 972 2359 Olybrii,
1002 2322 1039 2348 et
1072 2317 1114 2348 ad
1146 2326 1291 2348 summas
1323 2322 1531 2357 pervenerat

823 2368 1024 2408 dignitates,
1040 2371 1076 2398 et
1092 2367 1132 2398 iis
1157 2366 1284 2407 optime
1301 2364 1438 2398 functus
1456 2372 1529 2399 erat

822 2419 855 2450 in
873 2418 1026 2459 regenda
1038 2416 1159 2449 Africa
1174 2417 1317 2458 aliisque
1330 2417 1531 2457 provinciis.

866 2472 906 2500 35
934 2469 1068 2510 Tethyos
1093 2467 1254 2508 ambages]
1290 2468 1368 2500 Qua
1395 2468 1526 2509 longius

818 2519 960 2560 Tethys,
972 2529 1031 2550 seu
1047 2528 1154 2558 mare,
1171 2528 1232 2560 per
1243 2518 1353 2549 varios
1367 2518 1530 2551 circuitus

820 2568 994 2610 flexusque
1008 2573 1185 2610 evagatur.
1197 2569 1326 2609 Tethys
1341 2572 1393 2600 est
1405 2569 1529 2609 conjux

821 2620 990 2661 Neptuni,
1016 2624 1124 2651 mater
1156 2619 1389 2660 Nympharum
1418 2620 1530 2662 maris,

821 2674 856 2701 at
867 2670 922 2702 hic
935 2670 1074 2711 ponitur
1090 2679 1156 2710 pro
1167 2669 1241 2711 ipso
1256 2670 1352 2702 mari.

862 2720 1086 2761 Atlanteosque
1128 2718 1279 2761 recessus]
1328 2719 1426 2753 Anas
1473 2726 1527 2752 est

819 2781 916 2803 mons
934 2770 1154 2803 Mauritaniae
1171 2771 1206 2802 in
1222 2769 1353 2804 Africa.

747 2825 860 2856 Claud.
1410 2826 1439 2857 E
