1857 3177
1508 206 1591 246 311

502 225 564 254 1)ss
597 223 744 254 NUPT.
775 221 961 251 lioNOR.
997 220 1054 250 ET
1090 220 1210 250 MAR.

133 316 350 372 Deposui,
369 318 570 370 gessique
591 330 767 370 procum
788 330 798 357 :
833 316 886 356 de
909 315 1055 356 limine
1077 326 1203 354 sacro

135 386 322 426 Oratuin
344 385 446 424 misi
468 398 684 438 proceres,
709 385 782 436 qui
805 383 1009 435 proxima
1029 381 1156 421 nobis

131 452 243 492 ‚Iura
265 456 420 492 tenent.
484 452 658 500 Fateor,
679 451 908 494 Stilichou,
934 462 1017 489 uon
1040 460 1179 501 parva
1199 444 1385 499 poposci
1404 456 1413 483 :

133 518 219 558 Sed
243 524 358 558 certe
377 531 544 557 mereor
566 519 794 569 PrinccpS,
818 516 899 555 hoc
929 515 1133 567 Principe
1154 519 1302 561 natus,
1533 508 1589 548 30

135 584 224 634 Qui
248 586 332 625 sibi
357 593 399 625 tc
421 598 621 636 generum
645 585 837 624 fraterna
858 582 980 633 prole
1004 582 1210 629 revinxit,

134 651 220 692 Cui
244 652 432 692 Mariam
451 652 599 691 debes,
662 651 832 690 Firmis
853 648 958 687 milii
981 648 1102 687 solvo
1125 652 1366 700 paternum.

135 718 291 759 Redde
315 732 418 759 suos
441 720 569 758 aula&
631 718 778 757 Mater
800 717 982 756 sortasse
1006 715 1148 764 rogari

137 784 329 825 Mollior,
392 786 429 823 (⁷)
451 785 595 836 patrui
616 784 806 835 germen,
828 782 899 822 cui
920 781 1107 820 nominis
1128 781 1268 820 haeres

135 894 269 931 (oriani,
279 896 307 924 ct
318 892 368 931 egi
377 902 429 922 me
442 902 577 932 procum.
604 892 772 930 Primores,
783 892 834 931 qui
843 895 990 931 occupant
1000 892 1096 921 Iocum
1106 890 1307 930 propinquum
1318 887 1414 926 uobis,
1424 886 1509 916 missi
1521 889 1598 915 sunt

135 947 179 968 ex
193 937 263 967 aula
278 939 400 965 sacratu
417 935 572 973 rogaturi.
614 934 781 975 Confiteor,
795 945 815 965 ο
832 934 976 972 Stilicho,
992 944 1049 964 non
1065 933 1162 972 peliri
1177 942 1247 962 rem
1260 931 1417 969 exiguum,
1429 932 1462 959 at
1476 927 1598 968 quidem

134 979 197 1010 hac
213 979 326 1016 diguus
339 987 403 1007 sum
421 987 484 1016 rgo
499 978 673 1016 Imperator
683 977 832 1007 oriundus
841 978 898 1006 tali
911 977 1101 1016 Imperatore
1113 973 1376 1012 Theodosimqui
1390 971 1529 1002 ‹lerina-it
1541 969 1600 999 sibi

138 1026 169 1052 te
179 1030 326 1060 generum
339 1029 401 1060 per
418 1019 662 1060 JiIiamsratris,
675 1019 723 1050 cui
740 1019 829 1049 debes
850 1020 1000 1049 Marium.
1028 1018 1172 1057 Repende
1184 1016 1260 1047 milii
1279 1025 1401 1044 usurum
1414 1017 1577 1053 paternum
1592 1021 1601 1041 .·

135 1064 265 1094 restitue
279 1072 350 1093 suos
358 1063 487 1102 palutio.
512 1062 639 1092 Serena
656 1066 753 1091 muter
768 1060 1137 1098 Muria’Jbrsansacilior
1148 1064 1199 1089 est
1216 1058 1350 1088 exorari.
1379 1058 1407 1086 Ο
1419 1055 1532 1086 soboles
1545 1063 1599 1094 pa-

137 1106 204 1137 trui
225 1105 291 1137 mei
315 1104 460 1135 Honorii
475 1115 482 1134 :
506 1104 556 1134 cni
573 1113 636 1143 ego
660 1103 831 1134 Honorius
847 1104 978 1134 successi
997 1103 1094 1132 lueres
1110 1101 1239 1131 nominis
1256 1099 1422 1140 ejusdem,
1434 1108 1452 1129 o
1469 1099 1599 1128 Serena.

754 1186 986 1198 eeeeeeeeeeee

138 1246 236 1276 {imur
250 1245 378 1276 Thuan.
398 1244 536 1282 fastidia
551 1245 628 1274 Vnt.
659 1253 710 1283 pr.
727 1243 860 1281 simplex
882 1242 1068 1272 Farn.—32
1090 1240 1222 1279 cessiqne
1248 1239 1353 1278 procul
1376 1236 1470 1268 Med.
1488 1238 1599 1275 quart.

135 1297 261 1327 procum
281 1289 333 1317 vei
352 1288 459 1327 procul
478 1286 570 1316 Med.
588 1288 740 1316 sec.*33
769 1286 913 1313 Ortatum
930 1284 1029 1314 Farn.
1048 1283 1117 1312 misi
1135 1287 1278 1321 quatuor
1294 1281 1389 1309 Vatt.
1407 1279 1480 1308 Pal.
1509 1278 1599 1308 Prie.

139 1331 237 1360 Rott.
259 1330 345 1360 missi
362 1330 441 1360 Vat.
460 1334 540 1358 tert.
559 1327 652 1358 Med.
669 1337 736 1357 sec.
762 1327 843 1356 l‘ut.
872 1326 994 1355 Petav,
1012 1330 1091 1355 tert.
1111 1323 1228 1353 Ambr.
1253 1327 1333 1352 tert.
1351 1322 1422 1351 misi
1445 1320 1497 1349 vel
1514 1320 1601 1349 missi

139 1371 237 1402 Med.
261 1382 312 1411 pr.
340 1372 467 1402 Morct.
496 1380 546 1410 pr.
566 1370 696 1399 Stilicho
713 1369 792 1398 Vat.
810 1377 860 1407 pr.
887 1367 1000 1397 Stilico
1031 1367 1108 1396 Vat.
1126 1375 1192 1395 sec.
1209 1364 1317 1402 fateor
1333 1363 1444 1393 Stilico
1461 1362 1602 1399 triginta

138 1413 211 1444 fere
229 1413 337 1445 Codd.
351 1415 435 1444 Exc.
454 1413 599 1442 Lucens.
625 1421 676 1451 pr.
700 1411 782 1440 Var.
799 1410 868 1440 LL.
897 1419 914 1440 e
930 1418 1036 1448 marg.
1054 1409 1169 1438 Parin.
1186 1412 1221 1437 et
1238 1406 1315 1436 edd.
1340 1406 1454 1435 Yicet.
1486 1404 1603 1434 Parm.

136 1456 259 1496 Isiugr.
274 1457 406 1497 Gryph.
424 1455 534 1487 Colin.
555 1463 655 1494 parta
671 1453 723 1484 vel
744 1462 841 1493 prava
859 1452 939 1483 Put.
964 1451 1087 1491 poposci
1108 1451 1161 1480 vei
1178 1449 1294 1489 reposci
1311 1448 1422 1478 Oxou.
1450 1448 1600 1477 seo—35

139 1499 189 1529 hic
216 1499 356 1539 principe
373 1498 456 1529 (lod.
474 1497 591 1537 Epigr.
615 1495 733 1527 Ambr.
778 1495 817 1525 Si
835 1495 974 1534 principe
992 1494 1083 1524 Med.
1097 1497 1177 1523 tert.
1193 1495 1222 1522 et
1247 1491 1387 1532 principe
1398 1489 1479 1520 Vat.
1497 1488 1604 1530 quint.

139 1551 177 1571 ac
189 1541 330 1581 principe
346 1542 427 1571 Vat.
444 1544 553 1580 quai-t.
569 1538 772 1578 hocprincipe
786 1537 906 1577 viginti
922 1537 991 1575 alii,
1003 1537 1085 1566 Exc.
1102 1535 1234 1566 Schott.
1247 1538 1282 1564 et
1300 1534 1441 1563 Lueens.
1455 1541 1505 1571 pr.
1523 1531 1604 1561 Var.

142 1583 212 1614 LL.
237 1593 256 1614 e
271 1584 434 1623 :margine
460 1583 574 1613 Parm.
605 1582 642 1611 de
662 1580 804 1620 principe
831 1584 900 1610 vet.
923 1580 1007 1619 Gyr.
1022 1579 1104 1609 Var.
1123 1578 1190 1608 LL.
1222 1576 1275 1607 ed.
1303 1575 1406 1606 Antv.
1436 1575 1490 1604 sed
1516 1573 1604 1613 prin-

138 1626 208 1665 cipe
223 1626 304 1657 Jun.
323 1628 462 1665 pin—36
485 1626 562 1655 mole
590 1624 784 1654 Oisel.—37
810 1620 945 1661 differs?
969 1621 1048 1651 Ald.
1065 1620 1153 1650 debes
1168 1618 1290 1658 viginti
1306 1618 1371 1647 duo
1388 1615 1494 1647 Codd.
1522 1616 1606 1646 Exc-

141 1668 290 1699 Lucens.
305 1678 354 1708 pr.
368 1668 448 1698 Var.
473 1668 539 1697 LL.
556 1676 574 1696 e
590 1675 695 1705 marg.
712 1666 826 1695 Parin.
851 1664 905 1694 ed.
932 1664 1043 1694 Vicet.
1059 1662 1154 1700 fenus
1170 1662 1301 1692 Bonan.
1323 1659 1431 1697 soedus
1460 1661 1606 1698 quatuor

142 1710 238 1741 Vatt.
252 1710 327 1741 Pal.
354 1710 448 1741 Rott.
462 1709 569 1746 foenus
593 1708 697 1739 Oisei.
717 1707 838 1737 Petav.
856 1716 924 1736 sec.
943 1705 1047 1743 foenus
1064 1705 1117 1735 vel
1133 1704 1239 1741 soedus
1254 1703 1333 1733 Vat.
1351 1711 1401 1741 pr.
1417 1701 1538 1732 Petav.
1554 1708 1605 1739 pr.

142 1757 178 1783 et
189 1752 280 1784 Prie.
294 1752 456 1783 Heinsius
469 1749 756 1791 ascripseratloca
772 1749 935 1789 Propert.
952 1748 1027 1779 Lib.
1044 1756 1069 1779 1.
1094 1747 1190 1777 E1.7.
1206 1750 1242 1776 et
1258 1745 1333 1776 Lib.
1350 1753 1407 1774 111.
1423 1743 1518 1783 Eleg.
1533 1745 1607 1773 l.—

141 1797 185 1827 38
197 1798 266 1826 tuos
282 1795 466 1827 Fara—39
481 1794 517 1825 ob
533 1793 618 1826 Cod.
634 1792 760 1824 Ursini.
777 1792 916 1832 patrium
931 1791 1010 1822 Jun.
1025 1799 1074 1830 pr.
1102 1788 1265 1820 Heinsius
1282 1787 1530 1827 legitpatruum.
1557 1783 1607 1815 cui

805 1888 950 1920 NOTAE

330 1932 359 1955 ip·-

145 1968 286 2008 niorem,
302 1962 360 2009 q'ui
382 1966 468 1998 filios
484 1966 604 1997 habuit
619 1963 845 1996 Theodosium

146 2019 323 2059 Magnum,
361 2023 396 2048 et
436 2016 623 2047 Honorium
658 2015 844 2045 seniorem:

143 2068 245 2108 hujus
272 2066 417 2098 Honorii
440 2065 544 2096 filiam
569 2065 728 2095 Serenam
757 2063 848 2093 Stili-

146 2118 210 2148 cho
235 2126 375 2147 uxorem
400 2115 565 2145 duxerat:
592 2123 634 2144 ex
660 2113 788 2144 Serena
815 2117 850 2142 ct

146 2167 333 2198 Stilichone
356 2170 437 2195 nata
452 2169 506 2194 est
521 2163 645 2199 Maria,
662 2172 735 2203 quae
753 2162 851 2192 nubit

147 2217 302 2248 Honorio
327 2214 474 2255 juniori:
510 2213 587 2243 hinc
617 2217 650 2242 et
682 2211 851 2242 Honorius

143 2268 262 2309 junior
283 2270 320 2297 et
347 2264 457 2296 Maria
485 2268 677 2303 agnoscunt
705 2271 851 2292 cominu-

148 2327 239 2357 nem,
269 2316 342 2347 haec
373 2323 536 2356 proavum
568 2318 770 2351 maternum,
796 2311 852 2341 ilie

150 2377 250 2399 avum
268 2370 458 2407 paternum,
473 2363 700 2394 Theodosium
722 2361 855 2392 scilicet

147 2417 326 2449 seniorem.

192 2465 354 2506 fastigia]
378 2465 464 2506 Ego,
490 2463 546 2505 qui
577 2461 798 2503 Imperatoris
813 2461 854 2492 ti-

151 2518 224 2549 tulo
254 2517 422 2557 imperare
453 2518 620 2556 poteram,
646 2522 699 2542 me
729 2511 855 2552 suppli-

153 2576 227 2599 cem
243 2565 392 2597 exhibui.

195 2620 236 2649 33
260 2616 341 2647 Misi
361 2613 517 2656 proceres]
554 2613 641 2645 Haec
666 2613 759 2644 dicta
776 2616 855 2644 sunt

154 2666 196 2698 ad
212 2664 567 2697 Stilichonis-laudem.

196 2718 239 2746 36
263 2715 326 2750 Qui
353 2715 414 2745 sibi
442 2718 473 2745 te
503 2713 668 2753 generum]
718 2713 856 2744 Mereor

154 2766 304 2799 Mariam
320 2776 382 2806 ego
400 2770 500 2797 natus
512 2765 716 2804 Theodosio,
726 2764 782 2806 qui
793 2764 856 2795 tibi

901 1962 985 1992 dans
1020 1968 1159 1990 uxorem
1198 1958 1359 1988 Serenam
1399 1953 1515 1985 fratris
1554 1952 1605 1983 sui

903 2011 1046 2042 Honorii
1064 2009 1181 2048 filiam,
1198 2014 1233 2038 et
1250 2017 1269 2038 a
1293 2015 1327 2037 se
1345 2005 1556 2045 adoptatam,
1572 2008 1605 2034 te

902 2061 985 2093 fecit
1003 2070 1098 2091 suum
1113 2068 1285 2100 generum.

946 2115 986 2143 37
1013 2112 1073 2142 Cui
1088 2110 1190 2150 debes]
1216 2109 1280 2140 Cui
1295 2104 1488 2138 Theodosio
1501 2103 1606 2134 debes

905 2163 1071 2194 Mariam:
1096 2162 1182 2191 hanc
1208 2159 1295 2190 enim
1311 2155 1507 2195 accepistia
1529 2162 1608 2184 con-

901 2214 986 2253 juge
1002 2214 1141 2250 Serena,
1158 2219 1254 2251 quam
1270 2208 1342 2247 ipse
1360 2206 1420 2236 tibi
1437 2203 1544 2235 dedit.

951 2263 1064 2294 Foenus
1074 2260 1169 2300 solz-e]
1192 2260 1249 2291 Da
1265 2256 1344 2288 mihi
1360 2255 1516 2293 Mariam,
1532 2262 1608 2294 quae

907 2312 987 2343 milii
1003 2312 1070 2343 erit
1093 2311 1188 2342 velut
1212 2308 1322 2339 foenus
1335 2310 1371 2336 et
1394 2311 1526 2334 merces
1541 2310 1608 2332 am-

908 2363 964 2403 pla
994 2371 1124 2401 eorum,
1159 2369 1233 2401 quae
1271 2355 1373 2387 debes
1411 2352 1502 2394 patri
1535 2360 1608 2382 meo

907 2412 1109 2444 Theodosio.

952 2466 993 2493 38
1017 2461 1123 2501 Auloe]
1159 2457 1276 2490 Redde
1308 2465 1384 2487 suas
1427 2453 1607 2494 Principes

908 2514 995 2545 aulae
1012 2514 1190 2545 Caesareae.

951 2567 992 2595 39
1018 2565 1046 2594 0
1059 2561 1164 2603 patrui
1177 2557 1318 2599 germen]
1341 2557 1372 2587 Ο
1397 2555 1525 2586 Serena
1541 2551 1610 2582 filia

910 2614 1021 2654 patrui
1052 2612 1118 2644 inei
1146 2608 1287 2642 Honorii
1317 2605 1472 2641 senioris,
1511 2601 1609 2641 cujus

909 2673 1030 2695 nomen
1068 2672 1131 2703 ego
1169 2657 1339 2692 Honorius
1377 2654 1472 2685 velut
1501 2652 1610 2684 haeres

909 2723 1003 2755 gero.
