1857 3177
540 235 601 263 DE
634 234 697 263 lv.

87 329 458 382 praecipitemque
481 332 562 369 sui.

733 233 869 263 CONS.
904 233 1089 262 HONoR.

627 330 770 370 Rubie
794 343 1010 370 succensu
1035 331 1238 370 tumescit
1258 344 1266 370 :

85 396 372 438 Contrahitur
393 396 621 449 tepefacta
639 404 781 438 motu:
815 411 998 451 cumque
1019 399 1167 438 onmia
1191 410 1338 438 secum

85 464 291 511 Duceret,
309 467 350 503 et
368 464 559 516 requiem
581 465 787 504 membris
808 477 967 504 vesana
993 472 1194 517 negarem
1455 465 1538 504 245

85 530 260 570 Invenit
284 530 500 583 pulmonis
521 544 665 584 opem,
687 531 998 584 madidumque
1020 533 1176 573 furenti

85 597 302 647 Praebust,
322 602 370 638 ut
393 599 570 639 tumidae
595 604 761 639 ruerent
782 600 826 638 in
846 600 997 639 mollia
1012 600 1148 640 fibrae.

84 663 147 705 At
166 665 251 705 sibi
274 670 427 705 cuncta
450 672 620 719 petenS‚
644 667 703 706 nil
725 667 936 706 collatura
959 666 1149 719 Cupido,

85 731 136 771 In
151 732 274 785 jecur
289 738 331 771 ct
354 737 515 773 tractus
533 734 644 773 imos
667 733 900 785 compulsa
920 734 1116 773 recessit.

87 797 217 848 Quae,
239 800 359 840 velut
383 801 593 840 immanes
616 805 780 840 reserat
801 800 904 840 dum
926 800 1074 840 bellua
1094 801 1245 850 rictus,

83 906 113 933 ct
129 903 270 942 cupidam
286 902 422 937 nocendi,
437 905 466 932 et
482 911 513 932 se
527 903 785 942 prtrcipz'tantem.

1459 800 1543 841 250

834 904 883 934 Ea
908 904 1003 940 i‘catio
1021 903 1333 943 instammatujurore
1348 907 1465 943 turget,
1484 905 1543 934 ad-

82 945 147 976 huc
163 944 331 982 subeunda,
359 948 546 983 angustatur
568 945 703 981 timore;
726 949 756 976 et
772 957 839 976 cum
855 947 905 976 ira
923 950 1045 986 raperet
1068 950 1177 977 cnmcta
1200 957 1312 985 secum,
1327 950 1416 987 atque
1433 948 1539 977 insana

81 996 141 1017 non
155 989 244 1017 daret
259 988 393 1026 quietem
405 987 538 1027 corpori,
555 988 667 1027 reperit
692 989 843 1019 uusrilium
864 990 1026 1029 pulmonis,
1042 992 1071 1020 et
1090 989 1181 1019 illuni
1199 990 1304 1027 objecit
1321 990 1477 1020 humidum
1493 1000 1543 1019 ar—

82 1029 180 1066 denti,
196 1032 229 1059 ut
235 1029 332 1070 fibrce
348 1033 507 1067 turgentes
521 1030 711 1060 subsiderent
730 1031 852 1062 leniter.
897 1031 959 1061 Sed
981 1032 1138 1070 cupiditas
1157 1042 1282 1071 poscens
1307 1042 1367 1071 pro
1383 1042 1414 1062 se
1430 1032 1545 1067 onmia,

83 1077 119 1103 et
140 1072 219 1103 niltil
240 1073 364 1112 datura,
384 1074 473 1112 pulsu
496 1073 618 1103 secessit
632 1073 664 1103 in
671 1073 772 1112 jecur,
785 1078 814 1104 et
830 1074 972 1112 regiones
986 1074 1119 1114 infimas.
1168 1074 1247 1108 Quae
1270 1073 1453 1115 cupiditas,
1468 1075 1546 1105 sicut

697 1165 929 1176 eeeeeeeeeeee

84 1231 137 1261 vel
150 1230 387 1261 tremescitVat.
401 1235 618 1272 quarn—244
630 1232 780 1272 tepefacta
794 1236 863 1262 tres
874 1234 950 1263 Vat.
964 1234 1061 1263 Farn.
1075 1233 1166 1263 Pric.
1180 1232 1286 1262 Oisol.
1301 1234 1384 1263 Exc.
1399 1232 1545 1262 Luccns.

85 1283 137 1312 pr.
173 1273 346 1313 stupefacta
365 1284 453 1303 nlanu
473 1274 524 1304 vel
541 1278 621 1304 metu
640 1275 718 1305 Lov.
754 1274 926 1314 stupefacta
945 1276 1015 1305 Pau.
1034 1276 1128 1305 Mod.
1148 1285 1198 1314 pr.
1214 1274 1330 1304 Atnbr.
1349 1284 1399 1314 pr.
1416 1279 1450 1304 et
1468 1284 1537 1305 sec.

84 1325 128 1346 m.
147 1325 215 1346 sec.
234 1317 287 1346 ed.
308 1316 418 1345 Parni.
435 1317 548 1346 Vicet.
566 1322 601 1346 et
626 1317 672 1346 sic
697 1316 804 1346 edidit
826 1317 931 1347 Gesu.
967 1317 1122 1352 tabefacta
1148 1321 1213 1346 vet.
1242 1317 1326 1346 Cod.
1356 1316 1443 1346 iinde
1465 1316 1545 1346 labe-

74 1357 168 1394 facta
184 1358 268 1396 legit
288 1357 460 1387 Heinsius.
480 1364 516 1389 nt
534 1358 608 1388 Lib.
625 1368 649 1388 1.
680 1359 714 1388 in
738 1357 820 1389 Ruf.
839 1358 914 1389 init.
941 1360 949 1375 ‘
968 1369 1080 1389 rursus·
1098 1358 1267 1389 labefacta
1284 1357 1431 1387 radebat
1457 1358 1548 1388 Reli-

84 1399 162 1439 gio!
193 1399 376 1437 tremefacta
405 1400 496 1431 Pric.
520 1400 689 1438 tumefacta
716 1401 810 1430 Med.
838 1406 917 1431 tert.
943 1400 1097 1441 tepefacta
1119 1402 1170 1431 vel
1195 1400 1367 1440 stupefacta
1394 1401 1472 1430 Vat.
1498 1410 1548 1440 pr.

83 1441 237 1480 tabefacta
254 1443 305 1472 vel
321 1442 494 1482 stupefacta
512 1444 596 1481 Reg.
615 1444 729 1473 Oxou.
754 1443 836 1481 fecit
854 1453 915 1483 pro
931 1453 1029 1474 secum
1053 1442 1147 1475 Med.
1163 1446 1382 1483 quart.—-—:2-l.‘›
1407 1443 1547 1473 Verteret

84 1485 214 1516 Moret.
228 1495 278 1525 pr.
293 1485 394 1516 rabies
405 1496 516 1516 vesana
529 1486 609 1516 Put.
623 1487 737 1516 let-aret
749 1487 986 1518 ninam—246
995 1485 1120 1524 furenti
1134 1486 1251 1524 viginti
1264 1486 1369 1516 Codd.
1384 1486 1466 1516 Exc.
1481 1485 1548 1516 Ge-

85 1532 170 1558 vart.
195 1528 338 1558 Lucens.
365 1537 434 1559 sec.
462 1529 541 1559 Var.
568 1529 633 1559 LL.
651 1539 668 1557 e
692 1539 794 1567 marg.
812 1529 1060 1570 Parm.fluenti
1076 1528 1130 1560 ed.
1145 1530 1255 1559 X‘icet.
1283 1527 1408 1566 furoris
1424 1529 1548 1558 ΡΜ.-

84 1572 147 1601 247
170 1570 291 1601 timidce
307 1580 367 1611 pro
383 1572 512 1601 tzmeidae
530 1572 622 1602 Leid.
641 1574 801 1612 piu—248
823 1571 868 1602 At
880 1571 939 1602 sibi
954 1575 1064 1602 cuncta
1083 1576 1199 1611 petens.
1230 1571 1389 1601 Heinsius
1423 1570 1548 1610 ascrip-

84 1617 175 1643 serat
192 1613 301 1643 locum
328 1614 404 1644 Val.
430 1614 524 1644 Max.
543 1623 592 1645 lx.
610 1617 639 1645 4.
670 1617 754 1644 certa
772 1615 850 1644 Var.
869 1615 934 1645 LL.
951 1615 1003 1645 ed.
1021 1615 1123 1645 Antv.
1154 1625 1208 1645 nec
1220 1614 1369 1644 collatum
1388 1613 1470 1650 Ηυξ.
1504 1612 1550 1642 nil

83 1656 235 1686 collatura
252 1656 336 1686 Exc.
356 1657 452 1687 L'aeti.
489 1658 650 1687 conlatura
666 1658 749 1688 Exc.
768 1657 912 1687 Lucens.
926 1667 974 1697 pr.
1011 1667 1111 1687 secum
1124 1657 1228 1687 lutura
1247 1656 1322 1686 Ald.
1363 1666 1429 1685 cum
1444 1657 1548 1685 latura

85 1698 179 1728 Med.
203 1702 282 1729 tert.
306 1699 443 1729 celatura
468 1699 521 1729 ed.
546 1699 658 1730 Vicet.
692 1702 880 1739 praestatura
897 1700 1096 1731 Pria—249
1119 1709 1288 1739 compressu
1306 1699 1390 1728 Exn.
1408 1698 1550 1728 Voss.—

84 1742 149 1771 250
172 1741 316 1771 immanis
341 1741 433 1772 Med.
462 1747 537 1772 tert.
563 1742 646 1778 Rea.
672 1742 749 1772 Pat.
775 1742 886 1773 Oxon.
903 1752 953 1782 pr.
974 1743 1055 1773 Exc.
1072 1744 1214 1773 Luccns.
1232 1751 1281 1780 pr.
1299 1746 1334 1772 et
1351 1742 1430 1771 Var.
1448 1741 1513 1770 LL.
1532 1749 1550 1770 e

86 1792 192 1823 marg.
210 1783 323 1814 Parm.
358 1787 476 1815 reserat
495 1785 587 1815 Med.
613 1794 679 1815 sec.
718 1788 832 1816 reseret
847 1785 926 1817 Jun.
944 1784 1037 1815 Leid.
1063 1785 1188 1816 Lovan.
1218 1785 1301 1814 Var.
1328 1783 1392 1814 LL.
1411 1792 1428 1813 e
1445 1791 1548 1819 marg,

85 1825 199 1858 Parm.
215 1825 292 1858 Ald.
307 1831 343 1857 et
359 1827 428 1858 alii.
460 1828 532 1858 dum
549 1827 614 1858 dno
632 1827 724 1858 Med.
743 1827 823 1858 Put.
846 1829 928 1858 Var.
942 1827 1010 1858 LL.
1028 1836 1046 1857 e
1064 1837 1169 1867 marg.
1184 1827 1296 1857 Parin.
1313 1830 1348 1856 et
1365 1825 1442 1856 Ald.
1478 1825 1552 1854 dum

746 1911 884 1943 NOTAE

129 1983 192 2012 243
217 1982 477 2022 Proecipitemque
493 1981 558 2021 sui]
580 1982 588 1998 ‘
606 1982 713 2012 Furor
727 1980 790 2011 ira-

88 2040 154 2072 que
181 2036 329 2061 mentem
354 2031 604 2071 Praecipitant,'
621 2036 655 2061 et
680 2030 721 2060 ad
744 2036 791 2060 te-

87 2087 180 2113 mere
197 2081 364 2121 agendum
383 2081 573 2120 impellunt.

133 2131 233 2162 Rubie
247 2131 405 2171 succensa]
442 2131 502 2161 Illa
521 2131 613 2170 regio
632 2139 691 2170 per
708 2130 789 2160 iram

88 2180 279 2213 effervescit
302 2187 405 2221 atque
435 2180 566 2219 ebullit,
594 2180 689 2210 venis
717 2184 791 2210 toto

88 2242 233 2272 corpore
251 2232 406 2262 incensis.

133 2284 196 2313 244
230 2279 409 2321 Tepesacta]
458 2280 578 2311 Adhuc
610 2279 794 2319 subcalida,

89 2338 125 2364 et
145 2331 371 2373 refrigescens
391 2341 432 2361 ex
451 2331 507 2361 illo
525 2330 646 2362 ardore
664 2331 798 2367 iracunff

89 2384 154 2414 diae
185 2383 409 2420 contrahitur,
449 2382 662 2412 detumescit.
723 2381 794 2412 Alii

89 2434 209 2474 legunt
224 2432 405 2471 tremefacta
425 2435 520 2472 metu,
535 2432 588 2462 vel
609 2431 794 2472 stupefacta,

90 2494 154 2515 nec
171 2485 272 2515 male.

131 2537 194 2565 245
218 2535 370 2575 Duceret]
399 2534 483 2565 Cum
515 2534 563 2564 ira
590 2542 704 2564 secum
729 2540 797 2563 om-

91 2585 148 2616 nia
172 2593 324 2626 raperet,
353 2588 537 2623 everteret,
553 2589 589 2615 et
616 2593 674 2614 sno
703 2587 796 2613 motu

93 2639 201 2666 totum
226 2645 363 2675 corpus,
391 2636 484 2666 velut
511 2638 656 2671 torrens,
681 2631 796 2672 oppri-

92 2689 200 2716 meret
216 2691 317 2727 atque
340 2684 585 2726 pessumdaret,
601 2683 793 2724 pulmonem

92 2734 235 2773 invenit,
270 2736 367 2775 cujus
406 2734 542 2765 humido
580 2738 615 2764 et
651 2731 794 2763 salutari

93 2784 189 2825 flatu,
204 2783 371 2816 fervorem
386 2784 497 2816 cordis
517 2782 668 2814 ardentis
692 2787 794 2822 atque

845 1979 988 2010 furentis
1006 1979 1112 2010 leniat
1125 1983 1228 2019 atque
1244 1977 1419 2007 eventilet.

893 2032 955 2060 247
981 2029 1019 2059 In
1040 2029 1158 2068 mollia]
1184 2029 1232 2059 Ut
1258 2027 1353 2057 fibrae
1379 2030 1550 2057 tumentes

845 2077 1019 2109 subsidant
1036 2078 1170 2114 leniter,
1184 2076 1331 2117 fiantque
1348 2076 1530 2106 molliores.

888 2131 951 2159 2-18
977 2127 1110 2168 Cupido]
1134 2126 1314 2166 Cupiditas
1344 2129 1453 2156 mater
1482 2134 1551 2154 om-

846 2179 936 2209 nium
954 2178 1133 2215 scelerum,
1155 2176 1214 2207 sed
1241 2174 1430 2216 μήπω-ΗΠ]
1446 2173 1552 2204 avari-

847 2229 904 2259 tiae
932 2234 967 2259 et
990 2237 1153 2265 amorum,
1180 2227 1214 2256 in
1242 2226 1381 2265 regione
1407 2224 1549 2264 jecoris,

847 2289 922 2320 quae
949 2279 1042 2318 regIo
1070 2275 1211 2307 inferior
1236 2280 1287 2306 est
1315 2284 1414 2316 quam
1450 2273 1549 2304 sedes

848 2329 971 2366 cordis,
985 2328 1151 2359 collocata
1163 2333 1226 2358 est.
1266 2326 1354 2356 Hinc
1369 2323 1551 2354 distichum

848 2380 950 2410 illud:
973 2380 981 2396 ‘
1000 2380 1067 2411 Cor
1084 2379 1187 2417 sapit,
1204 2382 1238 2407 et
1252 2376 1371 2406 Pulmo
1390 2374 1552 2413 loquitur,

848 2431 908 2461 Fel
925 2430 1075 2461 concitat
1101 2429 1179 2463 iras,
1194 2428 1297 2466 Spu-n
1320 2424 1429 2455 ridere
1455 2423 1549 2463 facit,

849 2481 942 2519 cogit
956 2489 1067 2511 amare
1086 2477 1215 2510 Jecnr.’

894 2533 957 2561 249
983 2530 1113 2560 Tractus
1128 2526 1216 2566 imus]
1243 2526 1335 2557 Quos
1353 2524 1461 2564 pudor
1477 2523 1552 2554 abs-

852 2579 982 2617 condit,
999 2585 1033 2610 et
1052 2578 1223 2608 nominare
1242 2579 1347 2604 vetat.

897 2628 1074 2669 Compulsu]
1108 2626 1284 2666 Cupiditas
1301 2628 1335 2654 et
1353 2623 1469 2661 libido,
1485 2621 1549 2652 nisi

849 2680 1084 2717 cocrceantur,
1099 2677 1255 2713 emicant,
1280 2679 1314 2705 et
1339 2678 1468 2715 partem
1496 2681 1549 2702 su-

848 2731 1016 2771 periorem
1058 2726 1232 2766 invadunt,
1266 2723 1549 2764 impudenterque

850 2779 1003 2811 turbant.
