<?xml version="1.0" encoding="UTF-8"?>
<!DOCTYPE html PUBLIC "-//W3C//DTD XHTML 1.0 Transitional//EN"
    "http://www.w3.org/TR/xhtml1/DTD/xhtml1-transitional.dtd">
<html xmlns="http://www.w3.org/1999/xhtml" xml:lang="en" lang="en">
 <head>
  <title>
</title>
<meta http-equiv="Content-Type" content="text/html;charset=utf-8" />
  <meta name='ocr-system' content='tesseract 3.04.00' />
  <meta name='ocr-capabilities' content='ocr_page ocr_carea ocr_par ocr_line ocrx_word'/>
</head>
<body>
  <div class='ocr_page' id='page_1' title='image "./operaomniaexedit01clauuoft_0240.png"; bbox 0 0 1852 3193; ppageno 0'>
   <div class='ocr_carea' id='block_1_1' title="bbox 250 200 1253 246">
    <p class='ocr_par' dir='ltr' id='par_1_1' title="bbox 250 200 1253 246">
     <span class='ocr_line' id='line_1_1' title="bbox 250 200 1253 246; baseline 0.003 -3"><span class='ocrx_word' id='word_1_1' title='bbox 250 200 336 244; x_wconf 77' lang='lat'>220</span> <span class='ocrx_word' id='word_1_2' title='bbox 740 215 816 245; x_wconf 66' lang='lat' dir='ltr'>ct„</span> <span class='ocrx_word' id='word_1_3' title='bbox 848 213 1129 245; x_wconf 72' lang='lat' dir='ltr'>CLAUmANi</span> <span class='ocrx_word' id='word_1_4' title='bbox 1166 214 1253 246; x_wconf 68' lang='lat' dir='ltr'>vm</span> 
     </span>
    </p>
   </div>
   <div class='ocr_carea' id='block_1_2' title="bbox 246 306 1427 969">
    <p class='ocr_par' dir='ltr' id='par_1_2' title="bbox 251 306 1427 564">
     <span class='ocr_line' id='line_1_2' title="bbox 251 306 1307 363; baseline 0.003 -15"><span class='ocrx_word' id='word_1_5' title='bbox 251 306 486 350; x_wconf 86' lang='lat' dir='ltr'>Australes</span> <span class='ocrx_word' id='word_1_6' title='bbox 502 313 668 350; x_wconf 80' lang='lat' dir='ltr'><strong>reserat</strong></span> <span class='ocrx_word' id='word_1_7' title='bbox 687 314 838 363; x_wconf 82' lang='lat' dir='ltr'>portas</span> <span class='ocrx_word' id='word_1_8' title='bbox 861 309 1118 349; x_wconf 84' lang='lat' dir='ltr'>succinctus</span> <span class='ocrx_word' id='word_1_9' title='bbox 1141 307 1280 350; x_wconf 88' lang='lat' dir='ltr'>Orion</span> <span class='ocrx_word' id='word_1_10' title='bbox 1298 323 1307 351; x_wconf 79' lang='lat' dir='ltr'>z</span> 
     </span>
     <span class='ocr_line' id='line_1_3' title="bbox 251 375 1414 430; baseline 0.002 -15"><span class='ocrx_word' id='word_1_11' title='bbox 251 375 534 430; x_wconf 84' lang='lat' dir='ltr'>Invitantque</span> <span class='ocrx_word' id='word_1_12' title='bbox 553 391 714 417; x_wconf 82' lang='lat' dir='ltr'>novum</span> <span class='ocrx_word' id='word_1_13' title='bbox 737 377 875 424; x_wconf 80' lang='lat' dir='ltr'>sidus,</span> <span class='ocrx_word' id='word_1_14' title='bbox 898 376 1178 429; x_wconf 82' lang='lat' dir='ltr'>pendentque</span> <span class='ocrx_word' id='word_1_15' title='bbox 1196 377 1414 427; x_wconf 87' lang='lat' dir='ltr'>vicissim,</span> 
     </span>
     <span class='ocr_line' id='line_1_4' title="bbox 252 441 1427 497; baseline 0.001 -13"><span class='ocrx_word' id='word_1_16' title='bbox 252 441 377 492; x_wconf 86' lang='lat' dir='ltr'>Quas</span> <span class='ocrx_word' id='word_1_17' title='bbox 397 451 544 497; x_wconf 77' lang='lat' dir='ltr'>partes</span> <span class='ocrx_word' id='word_1_18' title='bbox 567 446 669 485; x_wconf 76' lang='lat' dir='ltr'>velit</span> <span class='ocrx_word' id='word_1_19' title='bbox 692 444 765 483; x_wconf 88' lang='lat' dir='ltr'>ille</span> <span class='ocrx_word' id='word_1_20' title='bbox 786 444 924 496; x_wconf 86' lang='lat' dir='ltr'>sequi,</span> <span class='ocrx_word' id='word_1_21' title='bbox 948 445 1111 496; x_wconf 86' lang='lat' dir='ltr'>quibus</span> <span class='ocrx_word' id='word_1_22' title='bbox 1133 458 1232 485; x_wconf 87' lang='lat' dir='ltr'>esse</span> <span class='ocrx_word' id='word_1_23' title='bbox 1259 445 1427 485; x_wconf 84' lang='lat' dir='ltr'>sodalis</span> 
     </span>
     <span class='ocr_line' id='line_1_5' title="bbox 251 510 1257 564; baseline 0.003 -14"><span class='ocrx_word' id='word_1_24' title='bbox 251 510 471 563; x_wconf 84' lang='lat' dir='ltr'>Dignetur</span> <span class='ocrx_word' id='word_1_25' title='bbox 492 513 646 561; x_wconf 78' lang='lat' dir='ltr'>stellis,</span> <span class='ocrx_word' id='word_1_26' title='bbox 678 516 751 552; x_wconf 79' lang='lat' dir='ltr'>aut</span> <span class='ocrx_word' id='word_1_27' title='bbox 771 524 859 564; x_wconf 82' lang='lat' dir='ltr'>qua</span> <span class='ocrx_word' id='word_1_28' title='bbox 880 513 1052 563; x_wconf 68' lang='lat' dir='ltr'>regione</span> <span class='ocrx_word' id='word_1_29' title='bbox 1076 513 1257 553; x_wconf 84' lang='lat' dir='ltr'>moveri.</span> 
     </span>
    </p>

    <p class='ocr_par' dir='ltr' id='par_1_3' title="bbox 247 576 1356 699">
     <span class='ocr_line' id='line_1_6' title="bbox 251 576 1356 633; baseline 0.003 -16"><span class='ocrx_word' id='word_1_30' title='bbox 251 576 290 617; x_wconf 92' lang='lat' dir='ltr'>O</span> <span class='ocrx_word' id='word_1_31' title='bbox 313 578 447 619; x_wconf 85' lang='lat' dir='ltr'>decus</span> <span class='ocrx_word' id='word_1_32' title='bbox 469 580 709 629; x_wconf 68' lang='lat' dir='ltr'>aeiherium,</span> <span class='ocrx_word' id='word_1_33' title='bbox 731 584 939 620; x_wconf 82' lang='lat' dir='ltr'>terrarum</span> <span class='ocrx_word' id='word_1_34' title='bbox 963 580 1103 632; x_wconf 77' lang='lat' dir='ltr'>gloria</span> <span class='ocrx_word' id='word_1_35' title='bbox 1119 580 1356 633; x_wconf 87' lang='lat' dir='ltr'>quondam,</span> 
     </span>
     <span class='ocr_line' id='line_1_7' title="bbox 247 644 1192 699; baseline 0.001 -14"><span class='ocrx_word' id='word_1_36' title='bbox 247 644 314 685; x_wconf 89' lang='lat' dir='ltr'>Te</span> <span class='ocrx_word' id='word_1_37' title='bbox 336 650 433 686; x_wconf 80' lang='lat' dir='ltr'>tuus</span> <span class='ocrx_word' id='word_1_38' title='bbox 457 647 661 687; x_wconf 79' lang='lat' dir='ltr'>Oceanus</span> <span class='ocrx_word' id='word_1_39' title='bbox 682 647 821 687; x_wconf 80' lang='lat' dir='ltr'>natali</span> <span class='ocrx_word' id='word_1_40' title='bbox 840 648 1006 699; x_wconf 69' lang='lat' dir='ltr'>gurgite</span> <span class='ocrx_word' id='word_1_41' title='bbox 1027 648 1192 687; x_wconf 83' lang='lat' dir='ltr'>lassum</span> 
     </span>
    </p>

    <p class='ocr_par' dir='ltr' id='par_1_4' title="bbox 246 711 1352 969">
     <span class='ocr_line' id='line_1_8' title="bbox 246 711 1236 768; baseline 0.002 -17"><span class='ocrx_word' id='word_1_42' title='bbox 246 711 445 767; x_wconf 82' lang='lat' dir='ltr'>Excipit,</span> <span class='ocrx_word' id='word_1_43' title='bbox 467 724 504 755; x_wconf 71' lang='lat' dir='ltr'>ei</span> <span class='ocrx_word' id='word_1_44' title='bbox 527 717 638 756; x_wconf 79' lang='lat' dir='ltr'>notis</span> <span class='ocrx_word' id='word_1_45' title='bbox 662 714 886 768; x_wconf 82' lang='lat' dir='ltr'>Hispania</span> <span class='ocrx_word' id='word_1_46' title='bbox 907 716 1071 767; x_wconf 84' lang='lat' dir='ltr'>proluit</span> <span class='ocrx_word' id='word_1_47' title='bbox 1090 715 1236 755; x_wconf 86' lang='lat' dir='ltr'>undis.</span> 
     </span>
     <span class='ocr_line' id='line_1_9' title="bbox 250 778 1352 836; baseline 0.002 -17"><span class='ocrx_word' id='word_1_48' title='bbox 250 778 486 823; x_wconf 81' lang='lat' dir='ltr'>Fortunate</span> <span class='ocrx_word' id='word_1_49' title='bbox 509 797 682 836; x_wconf 80' lang='lat' dir='ltr'>parens,</span> <span class='ocrx_word' id='word_1_50' title='bbox 716 783 882 836; x_wconf 86' lang='lat' dir='ltr'>primos</span> <span class='ocrx_word' id='word_1_51' title='bbox 907 796 1005 823; x_wconf 90' lang='lat' dir='ltr'>cum</span> <span class='ocrx_word' id='word_1_52' title='bbox 1026 783 1196 835; x_wconf 81' lang='lat' dir='ltr'>detegis</span> <span class='ocrx_word' id='word_1_53' title='bbox 1216 785 1352 830; x_wconf 85' lang='lat' dir='ltr'>ortus,</span> 
     </span>
     <span class='ocr_line' id='line_1_10' title="bbox 249 846 1327 903; baseline 0.002 -17"><span class='ocrx_word' id='word_1_54' title='bbox 249 846 430 900; x_wconf 84' lang='lat' dir='ltr'>Aspicis</span> <span class='ocrx_word' id='word_1_55' title='bbox 447 848 688 890; x_wconf 86' lang='lat' dir='ltr'>Arcadium</span> <span class='ocrx_word' id='word_1_56' title='bbox 706 862 715 888; x_wconf 78' lang='lat' dir='ltr'>t</span> <span class='ocrx_word' id='word_1_57' title='bbox 740 863 838 890; x_wconf 90' lang='lat' dir='ltr'>cum</span> <span class='ocrx_word' id='word_1_58' title='bbox 859 854 899 890; x_wconf 86' lang='lat' dir='ltr'>te</span> <span class='ocrx_word' id='word_1_59' title='bbox 919 850 1160 902; x_wconf 84' lang='lat' dir='ltr'>proclivior</span> <span class='ocrx_word' id='word_1_60' title='bbox 1182 862 1327 903; x_wconf 80' lang='lat' dir='ltr'>urges,</span> 
     </span>
     <span class='ocr_line' id='line_1_11' title="bbox 249 912 1321 969; baseline 0.003 -15"><span class='ocrx_word' id='word_1_61' title='bbox 249 912 497 956; x_wconf 76' lang='lat' dir='ltr'>Occiduum</span> <span class='ocrx_word' id='word_1_62' title='bbox 518 918 640 957; x_wconf 86' lang='lat' dir='ltr'>visus</span> <span class='ocrx_word' id='word_1_63' title='bbox 664 921 898 957; x_wconf 78' lang='lat' dir='ltr'>remoratur</span> <span class='ocrx_word' id='word_1_64' title='bbox 922 917 1145 957; x_wconf 83' lang='lat' dir='ltr'>Honorius</span> <span class='ocrx_word' id='word_1_65' title='bbox 1164 918 1321 969; x_wconf 84' lang='lat' dir='ltr'>ignem.</span> 
     </span>
    </p>
   </div>
   <div class='ocr_carea' id='block_1_3' title="bbox 1632 578 1717 619">
    <p class='ocr_par' dir='ltr' id='par_1_5' title="bbox 1632 578 1717 619">
     <span class='ocr_line' id='line_1_12' title="bbox 1632 578 1717 619; baseline 0 0"><span class='ocrx_word' id='word_1_66' title='bbox 1632 578 1717 619; x_wconf 84' lang='lat'>175</span> 
     </span>
    </p>
   </div>
   <div class='ocr_carea' id='block_1_4' title="bbox 1632 917 1717 958">
    <p class='ocr_par' dir='ltr' id='par_1_6' title="bbox 1632 917 1717 958">
     <span class='ocr_line' id='line_1_13' title="bbox 1632 917 1717 958; baseline 0.012 -1"><span class='ocrx_word' id='word_1_67' title='bbox 1632 917 1717 958; x_wconf 77' lang='lat'>180</span> 
     </span>
    </p>
   </div>
   <div class='ocr_carea' id='block_1_5' title="bbox 243 1040 1720 1297">
    <p class='ocr_par' dir='ltr' id='par_1_7' title="bbox 243 1040 1720 1297">
     <span class='ocr_line' id='line_1_14' title="bbox 245 1040 1717 1079; baseline 0.004 -11"><span class='ocrx_word' id='word_1_68' title='bbox 245 1041 344 1079; x_wconf 71' lang='lat' dir='ltr'>reperit</span> <span class='ocrx_word' id='word_1_69' title='bbox 365 1040 480 1078; x_wconf 79' lang='lat' dir='ltr'>januas</span> <span class='ocrx_word' id='word_1_70' title='bbox 504 1041 715 1076; x_wconf 64' lang='lat' dir='ltr'>BIeri‹liarms;</span> <span class='ocrx_word' id='word_1_71' title='bbox 738 1045 768 1071; x_wconf 84' lang='lat' dir='ltr'>et</span> <span class='ocrx_word' id='word_1_72' title='bbox 793 1043 942 1071; x_wconf 69' lang='lat' dir='ltr'>‹ulvocant</span> <span class='ocrx_word' id='word_1_73' title='bbox 969 1045 1088 1071; x_wconf 73' lang='lat' dir='ltr'>astrum</span> <span class='ocrx_word' id='word_1_74' title='bbox 1112 1051 1226 1079; x_wconf 84' lang='lat' dir='ltr'>recens,</span> <span class='ocrx_word' id='word_1_75' title='bbox 1251 1045 1282 1071; x_wconf 78' lang='lat' dir='ltr'>et</span> <span class='ocrx_word' id='word_1_76' title='bbox 1309 1042 1453 1072; x_wconf 76' lang='lat' dir='ltr'>dubitant</span> <span class='ocrx_word' id='word_1_77' title='bbox 1478 1042 1568 1073; x_wconf 78' lang='lat' dir='ltr'>inter</span> <span class='ocrx_word' id='word_1_78' title='bbox 1584 1052 1619 1074; x_wconf 85' lang='lat' dir='ltr'>se</span> <span class='ocrx_word' id='word_1_79' title='bbox 1636 1042 1717 1074; x_wconf 76' lang='lat' dir='ltr'>invi-</span> 
     </span>
     <span class='ocr_line' id='line_1_15' title="bbox 245 1084 1717 1126; baseline 0.003 -13"><span class='ocrx_word' id='word_1_80' title='bbox 245 1091 320 1120; x_wconf 83' lang='lat' dir='ltr'>cem,</span> <span class='ocrx_word' id='word_1_81' title='bbox 337 1093 411 1122; x_wconf 78' lang='lat' dir='ltr'>quas</span> <span class='ocrx_word' id='word_1_82' title='bbox 423 1086 530 1122; x_wconf 76' lang='lat' dir='ltr'>partes</span> <span class='ocrx_word' id='word_1_83' title='bbox 546 1084 642 1121; x_wconf 74' lang='lat' dir='ltr'>eligat</span> <span class='ocrx_word' id='word_1_84' title='bbox 660 1084 722 1120; x_wconf 78' lang='lat' dir='ltr'>ipse</span> <span class='ocrx_word' id='word_1_85' title='bbox 734 1085 890 1122; x_wconf 78' lang='lat' dir='ltr'>amplecti,</span> <span class='ocrx_word' id='word_1_86' title='bbox 904 1093 970 1122; x_wconf 81' lang='lat' dir='ltr'>quoe</span> <span class='ocrx_word' id='word_1_87' title='bbox 983 1084 1085 1112; x_wconf 73' lang='lat' dir='ltr'>sidera</span> <span class='ocrx_word' id='word_1_88' title='bbox 1100 1084 1272 1113; x_wconf 81' lang='lat' dir='ltr'>cohonestet</span> <span class='ocrx_word' id='word_1_89' title='bbox 1287 1094 1348 1114; x_wconf 86' lang='lat' dir='ltr'>sua</span> <span class='ocrx_word' id='word_1_90' title='bbox 1362 1085 1519 1124; x_wconf 76' lang='lat' dir='ltr'>societate,</span> <span class='ocrx_word' id='word_1_91' title='bbox 1538 1087 1584 1116; x_wconf 75' lang='lat' dir='ltr'>rel</span> <span class='ocrx_word' id='word_1_92' title='bbox 1608 1096 1666 1126; x_wconf 82' lang='lat' dir='ltr'>qua</span> <span class='ocrx_word' id='word_1_93' title='bbox 1683 1087 1717 1117; x_wconf 81' lang='lat' dir='ltr'>in</span> 
     </span>
     <span class='ocr_line' id='line_1_16' title="bbox 243 1125 1715 1163; baseline 0.005 -10"><span class='ocrx_word' id='word_1_94' title='bbox 243 1127 333 1163; x_wconf 78' lang='lat' dir='ltr'>parte</span> <span class='ocrx_word' id='word_1_95' title='bbox 350 1125 486 1163; x_wconf 78' lang='lat' dir='ltr'>placeat</span> <span class='ocrx_word' id='word_1_96' title='bbox 503 1135 633 1155; x_wconf 74' lang='lat' dir='ltr'>munere.</span> <span class='ocrx_word' id='word_1_97' title='bbox 666 1126 694 1154; x_wconf 89' lang='grc' dir='ltr'><strong>Ο</strong></span> <span class='ocrx_word' id='word_1_98' title='bbox 710 1125 890 1161; x_wconf 78' lang='lat' dir='ltr'>Theodosi,</span> <span class='ocrx_word' id='word_1_99' title='bbox 901 1125 996 1155; x_wconf 80' lang='lat' dir='ltr'>honor</span> <span class='ocrx_word' id='word_1_100' title='bbox 1015 1125 1105 1161; x_wconf 73' lang='lat' dir='ltr'>Caeli,</span> <span class='ocrx_word' id='word_1_101' title='bbox 1122 1127 1195 1155; x_wconf 81' lang='lat' dir='ltr'>olim</span> <span class='ocrx_word' id='word_1_102' title='bbox 1210 1129 1421 1156; x_wconf 79' lang='lat' dir='ltr'>ornamentum</span> <span class='ocrx_word' id='word_1_103' title='bbox 1437 1129 1611 1158; x_wconf 78' lang='lat' dir='ltr'>terrarum.-</span> <span class='ocrx_word' id='word_1_104' title='bbox 1638 1130 1715 1160; x_wconf 85' lang='lat' dir='ltr'>Oce-</span> 
     </span>
     <span class='ocr_line' id='line_1_17' title="bbox 244 1166 1715 1208; baseline 0.005 -13"><span class='ocrx_word' id='word_1_105' title='bbox 244 1176 321 1196; x_wconf 80' lang='lat' dir='ltr'>anus</span> <span class='ocrx_word' id='word_1_106' title='bbox 329 1166 454 1205; x_wconf 81' lang='lat' dir='ltr'>patrius</span> <span class='ocrx_word' id='word_1_107' title='bbox 464 1167 575 1206; x_wconf 76' lang='lat' dir='ltr'>recipit</span> <span class='ocrx_word' id='word_1_108' title='bbox 589 1171 618 1197; x_wconf 90' lang='lat' dir='ltr'>te</span> <span class='ocrx_word' id='word_1_109' title='bbox 630 1168 700 1197; x_wconf 77' lang='lat' dir='ltr'>sinu</span> <span class='ocrx_word' id='word_1_110' title='bbox 713 1168 994 1204; x_wconf 58' lang='lat' dir='ltr'>natalitiofessnm,</span> <span class='ocrx_word' id='word_1_111' title='bbox 1005 1171 1035 1197; x_wconf 87' lang='lat' dir='ltr'>et</span> <span class='ocrx_word' id='word_1_112' title='bbox 1053 1168 1210 1208; x_wconf 74' lang='lat' dir='ltr'>Hispania</span> <span class='ocrx_word' id='word_1_113' title='bbox 1221 1171 1252 1199; x_wconf 84' lang='lat' dir='ltr'>te</span> <span class='ocrx_word' id='word_1_114' title='bbox 1261 1169 1377 1207; x_wconf 72' lang='lat' dir='ltr'>irrigat</span> <span class='ocrx_word' id='word_1_115' title='bbox 1389 1170 1715 1208; x_wconf 77' lang='lat' dir='ltr'>aquisfumz&#39;liarihus.</span> 
     </span>
     <span class='ocr_line' id='line_1_18' title="bbox 245 1208 1718 1253; baseline 0.003 -14"><span class='ocrx_word' id='word_1_116' title='bbox 245 1208 276 1239; x_wconf 94' lang='lat' dir='ltr'>O</span> <span class='ocrx_word' id='word_1_117' title='bbox 288 1208 483 1248; x_wconf 71' lang='lat' dir='ltr'>paterfeliae,</span> <span class='ocrx_word' id='word_1_118' title='bbox 499 1220 565 1240; x_wconf 82' lang='lat' dir='ltr'>cum</span> <span class='ocrx_word' id='word_1_119' title='bbox 580 1211 680 1249; x_wconf 76' lang='lat' dir='ltr'>primo</span> <span class='ocrx_word' id='word_1_120' title='bbox 696 1212 832 1250; x_wconf 64' lang='lat' dir='ltr'>explicas</span> <span class='ocrx_word' id='word_1_121' title='bbox 846 1214 950 1250; x_wconf 77' lang='lat' dir='ltr'>caput,</span> <span class='ocrx_word' id='word_1_122' title='bbox 966 1211 1098 1241; x_wconf 77' lang='lat' dir='ltr'>intueris</span> <span class='ocrx_word' id='word_1_123' title='bbox 1113 1212 1304 1241; x_wconf 73' lang='lat' dir='ltr'>Arcadium:</span> <span class='ocrx_word' id='word_1_124' title='bbox 1332 1222 1399 1241; x_wconf 84' lang='lat' dir='ltr'>cnm</span> <span class='ocrx_word' id='word_1_125' title='bbox 1420 1212 1548 1252; x_wconf 78' lang='lat' dir='ltr'>pronior</span> <span class='ocrx_word' id='word_1_126' title='bbox 1569 1214 1718 1253; x_wconf 81' lang='lat' dir='ltr'>prcecz‘pi-</span> 
     </span>
     <span class='ocr_line' id='line_1_19' title="bbox 243 1251 1720 1297; baseline 0.005 -16"><span class='ocrx_word' id='word_1_127' title='bbox 243 1254 294 1281; x_wconf 78' lang='lat' dir='ltr'>tas</span> <span class='ocrx_word' id='word_1_128' title='bbox 310 1251 353 1282; x_wconf 90' lang='lat' dir='ltr'>ad</span> <span class='ocrx_word' id='word_1_129' title='bbox 367 1251 550 1291; x_wconf 82' lang='lat' dir='ltr'>Occasum,</span> <span class='ocrx_word' id='word_1_130' title='bbox 570 1253 731 1283; x_wconf 77' lang='lat' dir='ltr'>Honorius</span> <span class='ocrx_word' id='word_1_131' title='bbox 742 1257 882 1293; x_wconf 83' lang='lat' dir='ltr'>aspectus</span> <span class='ocrx_word' id='word_1_132' title='bbox 897 1253 1207 1294; x_wconf 78' lang='lat' dir='ltr'>rctardatflammam</span> <span class='ocrx_word' id='word_1_133' title='bbox 1227 1255 1436 1286; x_wconf 78' lang='lat' dir='ltr'>Occidentem.</span> <span class='ocrx_word' id='word_1_134' title='bbox 1473 1255 1517 1284; x_wconf 85' lang='lat' dir='ltr'>Et</span> <span class='ocrx_word' id='word_1_135' title='bbox 1530 1265 1720 1297; x_wconf 81' lang='lat' dir='ltr'>quacumque</span> 
     </span>
    </p>
   </div>
   <div class='ocr_carea' id='block_1_6' title="bbox 867 1344 1101 1355">
    <p class='ocr_par' dir='ltr' id='par_1_8' title="bbox 867 1344 1101 1355">
     <span class='ocr_line' id='line_1_20' title="bbox 867 1344 1101 1355; baseline 0 -1"><span class='ocrx_word' id='word_1_136' title='bbox 867 1344 1101 1355; x_wconf 63' lang='lat' dir='ltr'>eeeeeeeeeeee</span> 
     </span>
    </p>
   </div>
   <div class='ocr_carea' id='block_1_7' title="bbox 245 1391 1720 1947">
    <p class='ocr_par' dir='ltr' id='par_1_9' title="bbox 245 1391 1720 1947">
     <span class='ocr_line' id='line_1_21' title="bbox 246 1391 1716 1433; baseline 0.002 -10"><span class='ocrx_word' id='word_1_137' title='bbox 246 1391 379 1424; x_wconf 86' lang='lat' dir='ltr'>Bonon.</span> <span class='ocrx_word' id='word_1_138' title='bbox 399 1392 515 1424; x_wconf 86' lang='lat' dir='ltr'>Ambr.</span> <span class='ocrx_word' id='word_1_139' title='bbox 533 1403 584 1433; x_wconf 87' lang='lat' dir='ltr'>pr.</span> <span class='ocrx_word' id='word_1_140' title='bbox 617 1398 744 1433; x_wconf 74' lang='lat' dir='ltr'>penates</span> <span class='ocrx_word' id='word_1_141' title='bbox 769 1403 828 1432; x_wconf 86' lang='lat' dir='ltr'>pro</span> <span class='ocrx_word' id='word_1_142' title='bbox 856 1394 972 1424; x_wconf 77' lang='lat' dir='ltr'>Bootes</span> <span class='ocrx_word' id='word_1_143' title='bbox 999 1395 1083 1425; x_wconf 77' lang='lat' dir='ltr'>Exe.</span> <span class='ocrx_word' id='word_1_144' title='bbox 1108 1394 1314 1424; x_wconf 63' lang='lat' dir='ltr'>Voss—171</span> <span class='ocrx_word' id='word_1_145' title='bbox 1342 1394 1500 1424; x_wconf 74' lang='lat' dir='ltr'>Australis</span> <span class='ocrx_word' id='word_1_146' title='bbox 1517 1394 1596 1425; x_wconf 87' lang='lat' dir='ltr'>Put.</span> <span class='ocrx_word' id='word_1_147' title='bbox 1618 1395 1716 1426; x_wconf 89' lang='lat' dir='ltr'>Leid.</span> 
     </span>
     <span class='ocr_line' id='line_1_22' title="bbox 245 1436 1718 1478; baseline 0.002 -12"><span class='ocrx_word' id='word_1_148' title='bbox 245 1445 314 1466; x_wconf 88' lang='lat' dir='ltr'>see.</span> <span class='ocrx_word' id='word_1_149' title='bbox 352 1439 458 1476; x_wconf 79' lang='lat' dir='ltr'>partes</span> <span class='ocrx_word' id='word_1_150' title='bbox 483 1437 608 1466; x_wconf 83' lang='lat' dir='ltr'>Moret.</span> <span class='ocrx_word' id='word_1_151' title='bbox 628 1446 676 1475; x_wconf 84' lang='lat' dir='ltr'>pr.</span> <span class='ocrx_word' id='word_1_152' title='bbox 713 1436 844 1466; x_wconf 79' lang='lat' dir='ltr'>Sicileus</span> <span class='ocrx_word' id='word_1_153' title='bbox 867 1446 927 1476; x_wconf 86' lang='lat' dir='ltr'>pro</span> <span class='ocrx_word' id='word_1_154' title='bbox 953 1438 1131 1468; x_wconf 60' lang='lat' dir='ltr'>sacchia-ens</span> <span class='ocrx_word' id='word_1_155' title='bbox 1146 1437 1242 1467; x_wconf 87' lang='lat' dir='ltr'>Med.</span> <span class='ocrx_word' id='word_1_156' title='bbox 1268 1440 1460 1467; x_wconf 79' lang='lat' dir='ltr'>tert.-—17·2</span> <span class='ocrx_word' id='word_1_157' title='bbox 1485 1437 1718 1478; x_wconf 75' lang='lat' dir='ltr'>immittuntque</span> 
     </span>
     <span class='ocr_line' id='line_1_23' title="bbox 246 1479 1716 1520; baseline 0.003 -12"><span class='ocrx_word' id='word_1_158' title='bbox 246 1488 351 1519; x_wconf 84' lang='lat' dir='ltr'>marg.</span> <span class='ocrx_word' id='word_1_159' title='bbox 373 1479 511 1509; x_wconf 83' lang='lat' dir='ltr'>Marcil.</span> <span class='ocrx_word' id='word_1_160' title='bbox 545 1482 735 1519; x_wconf 78' lang='lat' dir='ltr'>pcnsantque</span> <span class='ocrx_word' id='word_1_161' title='bbox 764 1479 841 1510; x_wconf 71' lang='lat' dir='ltr'>Pat.</span> <span class='ocrx_word' id='word_1_162' title='bbox 878 1481 1046 1519; x_wconf 79' lang='lat' dir='ltr'>pendetque</span> <span class='ocrx_word' id='word_1_163' title='bbox 1074 1480 1149 1511; x_wconf 87' lang='lat' dir='ltr'>Pal.</span> <span class='ocrx_word' id='word_1_164' title='bbox 1184 1483 1386 1520; x_wconf 79' lang='lat' dir='ltr'>qnoeruntque</span> <span class='ocrx_word' id='word_1_165' title='bbox 1413 1480 1506 1511; x_wconf 85' lang='lat' dir='ltr'>Med.</span> <span class='ocrx_word' id='word_1_166' title='bbox 1527 1483 1716 1512; x_wconf 59' lang='lat' dir='ltr'>tert—173</span> 
     </span>
     <span class='ocr_line' id='line_1_24' title="bbox 246 1521 1718 1563; baseline 0.002 -12"><span class='ocrx_word' id='word_1_167' title='bbox 246 1521 311 1560; x_wconf 77' lang='lat' dir='ltr'>ipse</span> <span class='ocrx_word' id='word_1_168' title='bbox 328 1521 406 1552; x_wconf 82' lang='lat' dir='ltr'>Vat.</span> <span class='ocrx_word' id='word_1_169' title='bbox 423 1526 502 1552; x_wconf 86' lang='lat' dir='ltr'>tert.</span> <span class='ocrx_word' id='word_1_170' title='bbox 520 1522 613 1552; x_wconf 77' lang='lat' dir='ltr'>Rott.</span> <span class='ocrx_word' id='word_1_171' title='bbox 635 1522 787 1552; x_wconf 85' lang='lat' dir='ltr'>Florent.</span> <span class='ocrx_word' id='word_1_172' title='bbox 804 1523 933 1553; x_wconf 88' lang='lat' dir='ltr'>Mazar.</span> <span class='ocrx_word' id='word_1_173' title='bbox 952 1523 1064 1553; x_wconf 81' lang='lat' dir='ltr'>Oxon.</span> <span class='ocrx_word' id='word_1_174' title='bbox 1091 1527 1125 1553; x_wconf 86' lang='lat' dir='ltr'>et</span> <span class='ocrx_word' id='word_1_175' title='bbox 1150 1522 1272 1553; x_wconf 84' lang='lat' dir='ltr'>Ambr.</span> <span class='ocrx_word' id='word_1_176' title='bbox 1301 1532 1352 1563; x_wconf 87' lang='lat' dir='ltr'>pr.</span> <span class='ocrx_word' id='word_1_177' title='bbox 1375 1523 1462 1562; x_wconf 85' lang='lat' dir='ltr'>Reg.</span> <span class='ocrx_word' id='word_1_178' title='bbox 1478 1533 1521 1552; x_wconf 86' lang='lat' dir='ltr'>m.</span> <span class='ocrx_word' id='word_1_179' title='bbox 1550 1532 1602 1563; x_wconf 89' lang='lat' dir='ltr'>pr.</span> <span class='ocrx_word' id='word_1_180' title='bbox 1620 1523 1718 1555; x_wconf 87' lang='lat' dir='ltr'>Leid.</span> 
     </span>
     <span class='ocr_line' id='line_1_25' title="bbox 246 1562 1719 1606; baseline 0.002 -13"><span class='ocrx_word' id='word_1_181' title='bbox 246 1573 316 1594; x_wconf 87' lang='lat' dir='ltr'>sec.</span> <span class='ocrx_word' id='word_1_182' title='bbox 335 1562 412 1594; x_wconf 76' lang='grc' dir='ltr'>ΑΜ.</span> <span class='ocrx_word' id='word_1_183' title='bbox 431 1570 465 1595; x_wconf 88' lang='lat' dir='ltr'>et</span> <span class='ocrx_word' id='word_1_184' title='bbox 483 1565 564 1595; x_wconf 79' lang='lat' dir='ltr'>Exc.</span> <span class='ocrx_word' id='word_1_185' title='bbox 584 1564 726 1595; x_wconf 78' lang='lat' dir='ltr'>Gevart.</span> <span class='ocrx_word' id='word_1_186' title='bbox 765 1565 819 1594; x_wconf 77' lang='lat' dir='ltr'>illa</span> <span class='ocrx_word' id='word_1_187' title='bbox 835 1565 887 1594; x_wconf 86' lang='lat' dir='ltr'>vel</span> <span class='ocrx_word' id='word_1_188' title='bbox 905 1566 967 1605; x_wconf 79' lang='lat' dir='ltr'>ipse</span> <span class='ocrx_word' id='word_1_189' title='bbox 984 1565 1079 1596; x_wconf 80' lang='lat' dir='ltr'>Med.</span> <span class='ocrx_word' id='word_1_190' title='bbox 1100 1575 1151 1605; x_wconf 85' lang='lat' dir='ltr'>pr.</span> <span class='ocrx_word' id='word_1_191' title='bbox 1190 1566 1258 1605; x_wconf 80' lang='lat' dir='ltr'>quis</span> <span class='ocrx_word' id='word_1_192' title='bbox 1275 1565 1354 1596; x_wconf 84' lang='lat' dir='ltr'>Vat.</span> <span class='ocrx_word' id='word_1_193' title='bbox 1373 1569 1485 1606; x_wconf 84' lang='lat' dir='ltr'>quart.</span> <span class='ocrx_word' id='word_1_194' title='bbox 1521 1565 1586 1606; x_wconf 80' lang='lat' dir='ltr'>ipse</span> <span class='ocrx_word' id='word_1_195' title='bbox 1602 1566 1719 1597; x_wconf 81' lang='lat' dir='ltr'>sodalis</span> 
     </span>
     <span class='ocr_line' id='line_1_26' title="bbox 247 1606 1718 1648; baseline 0.002 -12"><span class='ocrx_word' id='word_1_196' title='bbox 247 1606 328 1636; x_wconf 72' lang='lat' dir='ltr'>vat.</span> <span class='ocrx_word' id='word_1_197' title='bbox 344 1611 423 1637; x_wconf 87' lang='lat' dir='ltr'>tert.</span> <span class='ocrx_word' id='word_1_198' title='bbox 443 1607 542 1637; x_wconf 84' lang='lat' dir='ltr'>Rott.</span> <span class='ocrx_word' id='word_1_199' title='bbox 561 1608 715 1637; x_wconf 84' lang='lat' dir='ltr'>Florent.</span> <span class='ocrx_word' id='word_1_200' title='bbox 733 1607 820 1647; x_wconf 69' lang='lat' dir='ltr'>Reg.</span> <span class='ocrx_word' id='word_1_201' title='bbox 835 1608 964 1638; x_wconf 85' lang='lat' dir='ltr'>Mazar.</span> <span class='ocrx_word' id='word_1_202' title='bbox 989 1608 1042 1639; x_wconf 80' lang='lat' dir='ltr'>ille</span> <span class='ocrx_word' id='word_1_203' title='bbox 1056 1608 1122 1638; x_wconf 88' lang='lat' dir='ltr'>duo</span> <span class='ocrx_word' id='word_1_204' title='bbox 1135 1608 1215 1638; x_wconf 82' lang='lat' dir='ltr'>Vat.</span> <span class='ocrx_word' id='word_1_205' title='bbox 1233 1608 1370 1638; x_wconf 78' lang='lat' dir='ltr'>Tholos.</span> <span class='ocrx_word' id='word_1_206' title='bbox 1387 1608 1516 1638; x_wconf 82' lang='lat' dir='ltr'>Moret.</span> <span class='ocrx_word' id='word_1_207' title='bbox 1532 1618 1582 1648; x_wconf 91' lang='lat' dir='ltr'>pr.</span> <span class='ocrx_word' id='word_1_208' title='bbox 1597 1607 1718 1640; x_wconf 84' lang='lat' dir='ltr'>Ambr.</span> 
     </span>
     <span class='ocr_line' id='line_1_27' title="bbox 248 1650 1718 1690; baseline 0.002 -11"><span class='ocrx_word' id='word_1_209' title='bbox 248 1652 425 1680; x_wconf 64' lang='lat' dir='ltr'>sem—174</span> <span class='ocrx_word' id='word_1_210' title='bbox 448 1659 466 1679; x_wconf 81' lang='grc' dir='ltr'>ιι</span> <span class='ocrx_word' id='word_1_211' title='bbox 483 1659 542 1689; x_wconf 78' lang='lat' dir='ltr'>qua</span> <span class='ocrx_word' id='word_1_212' title='bbox 565 1650 691 1688; x_wconf 78' lang='lat' dir='ltr'>regione</span> <span class='ocrx_word' id='word_1_213' title='bbox 706 1650 803 1680; x_wconf 82' lang='lat' dir='ltr'>Med.</span> <span class='ocrx_word' id='word_1_214' title='bbox 820 1654 901 1680; x_wconf 88' lang='lat' dir='ltr'>tert.</span> <span class='ocrx_word' id='word_1_215' title='bbox 938 1651 983 1680; x_wconf 72' lang='lat' dir='ltr'>rel</span> <span class='ocrx_word' id='word_1_216' title='bbox 998 1661 1057 1690; x_wconf 78' lang='lat' dir='ltr'>qna</span> <span class='ocrx_word' id='word_1_217' title='bbox 1074 1650 1152 1680; x_wconf 89' lang='lat' dir='ltr'>Pat.</span> <span class='ocrx_word' id='word_1_218' title='bbox 1194 1651 1309 1680; x_wconf 70' lang='lat' dir='ltr'>moveri</span> <span class='ocrx_word' id='word_1_219' title='bbox 1324 1650 1400 1681; x_wconf 85' lang='lat' dir='ltr'>Vat.</span> <span class='ocrx_word' id='word_1_220' title='bbox 1419 1654 1497 1680; x_wconf 85' lang='lat' dir='ltr'>tert.</span> <span class='ocrx_word' id='word_1_221' title='bbox 1512 1650 1604 1681; x_wconf 80' lang='lat' dir='ltr'>Prie.</span> <span class='ocrx_word' id='word_1_222' title='bbox 1624 1652 1718 1683; x_wconf 78' lang='lat' dir='ltr'>Rott.</span> 
     </span>
     <span class='ocr_line' id='line_1_28' title="bbox 248 1691 1718 1734; baseline 0.002 -13"><span class='ocrx_word' id='word_1_223' title='bbox 248 1691 357 1722; x_wconf 84' lang='lat' dir='ltr'>Oisel.</span> <span class='ocrx_word' id='word_1_224' title='bbox 374 1692 564 1724; x_wconf 77' lang='lat' dir='ltr'>teneriJun.</span> <span class='ocrx_word' id='word_1_225' title='bbox 583 1702 633 1732; x_wconf 89' lang='lat' dir='ltr'>pr.</span> <span class='ocrx_word' id='word_1_226' title='bbox 656 1692 771 1723; x_wconf 75' lang='lat' dir='ltr'>morari</span> <span class='ocrx_word' id='word_1_227' title='bbox 789 1693 842 1723; x_wconf 89' lang='lat' dir='ltr'>ed.</span> <span class='ocrx_word' id='word_1_228' title='bbox 859 1692 961 1723; x_wconf 83' lang='lat' dir='ltr'>Gesn.</span> <span class='ocrx_word' id='word_1_229' title='bbox 979 1693 1057 1723; x_wconf 80' lang='lat' dir='ltr'>Vat.</span> <span class='ocrx_word' id='word_1_230' title='bbox 1077 1698 1236 1733; x_wconf 87' lang='lat' dir='ltr'>quatuor,</span> <span class='ocrx_word' id='word_1_231' title='bbox 1254 1694 1329 1723; x_wconf 85' lang='lat' dir='ltr'>Pal.</span> <span class='ocrx_word' id='word_1_232' title='bbox 1349 1693 1416 1722; x_wconf 90' lang='lat' dir='ltr'>duo</span> <span class='ocrx_word' id='word_1_233' title='bbox 1432 1692 1527 1723; x_wconf 89' lang='lat' dir='ltr'>Med.</span> <span class='ocrx_word' id='word_1_234' title='bbox 1546 1699 1612 1724; x_wconf 84' lang='lat' dir='ltr'>vet.</span> <span class='ocrx_word' id='word_1_235' title='bbox 1633 1693 1718 1734; x_wconf 85' lang='lat' dir='ltr'>Gyr.</span> 
     </span>
     <span class='ocr_line' id='line_1_29' title="bbox 247 1734 1719 1776; baseline 0.002 -12"><span class='ocrx_word' id='word_1_236' title='bbox 247 1738 284 1764; x_wconf 87' lang='lat' dir='ltr'>et</span> <span class='ocrx_word' id='word_1_237' title='bbox 300 1734 423 1765; x_wconf 83' lang='lat' dir='ltr'>Petav.</span> <span class='ocrx_word' id='word_1_238' title='bbox 450 1745 500 1773; x_wconf 86' lang='lat' dir='ltr'>pr.</span> <span class='ocrx_word' id='word_1_239' title='bbox 525 1735 639 1765; x_wconf 78' lang='lat' dir='ltr'>morari</span> <span class='ocrx_word' id='word_1_240' title='bbox 656 1736 707 1765; x_wconf 73' lang='lat' dir='ltr'>vel</span> <span class='ocrx_word' id='word_1_241' title='bbox 731 1736 845 1765; x_wconf 73' lang='lat' dir='ltr'>moveri</span> <span class='ocrx_word' id='word_1_242' title='bbox 863 1736 992 1766; x_wconf 85' lang='lat' dir='ltr'>Mazar.</span> <span class='ocrx_word' id='word_1_243' title='bbox 1018 1736 1133 1767; x_wconf 84' lang='lat' dir='ltr'>Oxon.</span> <span class='ocrx_word' id='word_1_244' title='bbox 1158 1738 1336 1766; x_wconf 74' lang='lat' dir='ltr'>sec.—-l76</span> <span class='ocrx_word' id='word_1_245' title='bbox 1359 1735 1458 1765; x_wconf 77' lang='lat' dir='ltr'>titiali</span> <span class='ocrx_word' id='word_1_246' title='bbox 1477 1735 1569 1766; x_wconf 83' lang='lat' dir='ltr'>Prie.</span> <span class='ocrx_word' id='word_1_247' title='bbox 1598 1737 1719 1776; x_wconf 81' lang='lat' dir='ltr'>lapsum</span> 
     </span>
     <span class='ocr_line' id='line_1_30' title="bbox 247 1776 1717 1818; baseline 0.003 -12"><span class='ocrx_word' id='word_1_248' title='bbox 247 1776 315 1807; x_wconf 89' lang='lat' dir='ltr'>duo</span> <span class='ocrx_word' id='word_1_249' title='bbox 326 1777 423 1808; x_wconf 72' lang='lat' dir='ltr'>Med.</span> <span class='ocrx_word' id='word_1_250' title='bbox 435 1778 556 1808; x_wconf 86' lang='lat' dir='ltr'>Petav.</span> <span class='ocrx_word' id='word_1_251' title='bbox 573 1787 623 1817; x_wconf 88' lang='lat' dir='ltr'>pr.</span> <span class='ocrx_word' id='word_1_252' title='bbox 639 1786 682 1808; x_wconf 83' lang='lat' dir='ltr'>m.</span> <span class='ocrx_word' id='word_1_253' title='bbox 698 1788 765 1808; x_wconf 85' lang='lat' dir='ltr'>sec.</span> <span class='ocrx_word' id='word_1_254' title='bbox 785 1777 903 1809; x_wconf 86' lang='lat' dir='ltr'>Ambr.</span> <span class='ocrx_word' id='word_1_255' title='bbox 920 1783 999 1809; x_wconf 86' lang='lat' dir='ltr'>tert.</span> <span class='ocrx_word' id='word_1_256' title='bbox 1014 1788 1119 1818; x_wconf 83' lang='lat' dir='ltr'>marg.</span> <span class='ocrx_word' id='word_1_257' title='bbox 1132 1778 1364 1818; x_wconf 84' lang='lat' dir='ltr'>Isingr.—177</span> <span class='ocrx_word' id='word_1_258' title='bbox 1378 1778 1494 1817; x_wconf 80' lang='lat' dir='ltr'>perluit</span> <span class='ocrx_word' id='word_1_259' title='bbox 1513 1778 1630 1809; x_wconf 81' lang='lat' dir='ltr'>A&#39;nibr.</span> <span class='ocrx_word' id='word_1_260' title='bbox 1648 1789 1717 1810; x_wconf 85' lang='lat' dir='ltr'>sec.</span> 
     </span>
     <span class='ocr_line' id='line_1_31' title="bbox 247 1820 1720 1861; baseline 0.001 -11"><span class='ocrx_word' id='word_1_261' title='bbox 247 1822 354 1850; x_wconf 79' lang='lat'>-178</span> <span class='ocrx_word' id='word_1_262' title='bbox 378 1820 586 1860; x_wconf 68' lang='lat' dir='ltr'>Fortunzeque</span> <span class='ocrx_word' id='word_1_263' title='bbox 599 1830 710 1860; x_wconf 79' lang='lat' dir='ltr'>parens</span> <span class='ocrx_word' id='word_1_264' title='bbox 721 1821 807 1851; x_wconf 80' lang='lat' dir='ltr'>Exc.</span> <span class='ocrx_word' id='word_1_265' title='bbox 825 1821 972 1851; x_wconf 86' lang='lat' dir='ltr'>Lucens.</span> <span class='ocrx_word' id='word_1_266' title='bbox 990 1830 1056 1852; x_wconf 82' lang='lat' dir='ltr'>see.</span> <span class='ocrx_word' id='word_1_267' title='bbox 1080 1821 1199 1861; x_wconf 78' lang='lat' dir='ltr'>primus</span> <span class='ocrx_word' id='word_1_268' title='bbox 1215 1820 1268 1851; x_wconf 90' lang='lat' dir='ltr'>ed.</span> <span class='ocrx_word' id='word_1_269' title='bbox 1285 1821 1400 1851; x_wconf 83' lang='lat' dir='ltr'>Parm.</span> <span class='ocrx_word' id='word_1_270' title='bbox 1418 1827 1453 1851; x_wconf 88' lang='lat' dir='ltr'>et</span> <span class='ocrx_word' id='word_1_271' title='bbox 1466 1821 1580 1851; x_wconf 63' lang='lat' dir='ltr'>Yicet.</span> <span class='ocrx_word' id='word_1_272' title='bbox 1616 1821 1720 1861; x_wconf 84' lang='lat' dir='ltr'>primo</span> 
     </span>
     <span class='ocr_line' id='line_1_32' title="bbox 247 1861 1718 1903; baseline 0.001 -10"><span class='ocrx_word' id='word_1_273' title='bbox 247 1861 329 1893; x_wconf 89' lang='lat' dir='ltr'>Juu.</span> <span class='ocrx_word' id='word_1_274' title='bbox 348 1872 397 1902; x_wconf 87' lang='lat' dir='ltr'>pr.</span> <span class='ocrx_word' id='word_1_275' title='bbox 430 1867 518 1893; x_wconf 81' lang='lat' dir='ltr'>artus</span> <span class='ocrx_word' id='word_1_276' title='bbox 543 1864 595 1893; x_wconf 89' lang='lat' dir='ltr'>vel</span> <span class='ocrx_word' id='word_1_277' title='bbox 610 1866 697 1893; x_wconf 79' lang='lat' dir='ltr'>ortus</span> <span class='ocrx_word' id='word_1_278' title='bbox 714 1863 779 1893; x_wconf 90' lang='lat' dir='ltr'>duo</span> <span class='ocrx_word' id='word_1_279' title='bbox 804 1864 995 1894; x_wconf 51' lang='lat' dir='ltr'>Van—179</span> <span class='ocrx_word' id='word_1_280' title='bbox 1020 1864 1161 1903; x_wconf 75' lang='lat' dir='ltr'>Respicis</span> <span class='ocrx_word' id='word_1_281' title='bbox 1183 1863 1278 1894; x_wconf 84' lang='lat' dir='ltr'>Med.</span> <span class='ocrx_word' id='word_1_282' title='bbox 1296 1866 1487 1894; x_wconf 65' lang='lat' dir='ltr'>tert—180</span> <span class='ocrx_word' id='word_1_283' title='bbox 1510 1863 1577 1894; x_wconf 77' lang='lat' dir='ltr'>risu</span> <span class='ocrx_word' id='word_1_284' title='bbox 1596 1864 1718 1896; x_wconf 75' lang='lat' dir='ltr'>Petav.</span> 
     </span>
     <span class='ocr_line' id='line_1_33' title="bbox 247 1905 1718 1947; baseline 0.002 -12"><span class='ocrx_word' id='word_1_285' title='bbox 247 1914 300 1944; x_wconf 86' lang='lat' dir='ltr'>pr.</span> <span class='ocrx_word' id='word_1_286' title='bbox 318 1905 415 1936; x_wconf 86' lang='lat' dir='ltr'>Leid.</span> <span class='ocrx_word' id='word_1_287' title='bbox 450 1906 549 1936; x_wconf 68' lang='lat' dir='ltr'>risum</span> <span class='ocrx_word' id='word_1_288' title='bbox 569 1906 698 1937; x_wconf 83' lang='lat' dir='ltr'>Moret.</span> <span class='ocrx_word' id='word_1_289' title='bbox 714 1916 764 1946; x_wconf 83' lang='lat' dir='ltr'>pr.</span> <span class='ocrx_word' id='word_1_290' title='bbox 782 1907 861 1937; x_wconf 66' lang='lat' dir='ltr'>Yat.</span> <span class='ocrx_word' id='word_1_291' title='bbox 878 1912 990 1947; x_wconf 82' lang='lat' dir='ltr'>quart.</span> <span class='ocrx_word' id='word_1_292' title='bbox 1028 1909 1214 1937; x_wconf 75' lang='lat' dir='ltr'>memoratur</span> <span class='ocrx_word' id='word_1_293' title='bbox 1228 1905 1309 1937; x_wconf 87' lang='lat' dir='ltr'>Jun.</span> <span class='ocrx_word' id='word_1_294' title='bbox 1326 1916 1377 1946; x_wconf 89' lang='lat' dir='ltr'>pr.</span> <span class='ocrx_word' id='word_1_295' title='bbox 1417 1906 1500 1945; x_wconf 81' lang='lat' dir='ltr'>ignis</span> <span class='ocrx_word' id='word_1_296' title='bbox 1519 1907 1594 1937; x_wconf 84' lang='lat' dir='ltr'>Pat.</span> <span class='ocrx_word' id='word_1_297' title='bbox 1610 1912 1645 1938; x_wconf 90' lang='lat' dir='ltr'>et</span> <span class='ocrx_word' id='word_1_298' title='bbox 1663 1907 1718 1938; x_wconf 87' lang='lat' dir='ltr'>ed.</span> 
     </span>
    </p>
   </div>
   <div class='ocr_carea' id='block_1_8' title="bbox 916 1997 1056 2028">
    <p class='ocr_par' dir='ltr' id='par_1_10' title="bbox 916 1997 1056 2028">
     <span class='ocr_line' id='line_1_34' title="bbox 916 1997 1056 2028; baseline 0 0"><span class='ocrx_word' id='word_1_299' title='bbox 916 1997 1056 2028; x_wconf 83' lang='lat' dir='ltr'>NOTAE</span> 
     </span>
    </p>
   </div>
   <div class='ocr_carea' id='block_1_9' title="bbox 248 2071 961 2820">
    <p class='ocr_par' dir='ltr' id='par_1_11' title="bbox 248 2071 956 2363">
     <span class='ocr_line' id='line_1_35' title="bbox 248 2071 955 2113; baseline 0.001 -11"><span class='ocrx_word' id='word_1_300' title='bbox 248 2078 288 2103; x_wconf 87' lang='lat' dir='ltr'>ut</span> <span class='ocrx_word' id='word_1_301' title='bbox 312 2080 378 2102; x_wconf 90' lang='lat' dir='ltr'>non</span> <span class='ocrx_word' id='word_1_302' title='bbox 403 2071 542 2112; x_wconf 86' lang='lat' dir='ltr'>amplius</span> <span class='ocrx_word' id='word_1_303' title='bbox 571 2075 638 2102; x_wconf 79' lang='lat' dir='ltr'>tarn</span> <span class='ocrx_word' id='word_1_304' title='bbox 666 2072 831 2112; x_wconf 83' lang='lat' dir='ltr'>Plaustri,</span> <span class='ocrx_word' id='word_1_305' title='bbox 855 2082 955 2113; x_wconf 86' lang='lat' dir='ltr'>quam</span> 
     </span>
     <span class='ocr_line' id='line_1_36' title="bbox 248 2121 955 2163; baseline 0.003 -11"><span class='ocrx_word' id='word_1_306' title='bbox 248 2122 346 2153; x_wconf 85' lang='lat' dir='ltr'>Ursae</span> <span class='ocrx_word' id='word_1_307' title='bbox 372 2122 516 2152; x_wconf 85' lang='lat' dir='ltr'>haberet</span> <span class='ocrx_word' id='word_1_308' title='bbox 540 2121 708 2163; x_wconf 82' lang='lat' dir='ltr'>effigiem:</span> <span class='ocrx_word' id='word_1_309' title='bbox 734 2128 805 2153; x_wconf 88' lang='lat' dir='ltr'>tum</span> <span class='ocrx_word' id='word_1_310' title='bbox 831 2127 867 2154; x_wconf 87' lang='lat' dir='ltr'>et</span> <span class='ocrx_word' id='word_1_311' title='bbox 894 2133 955 2163; x_wconf 87' lang='lat' dir='ltr'>pro</span> 
     </span>
     <span class='ocr_line' id='line_1_37' title="bbox 248 2171 955 2213; baseline 0 -11"><span class='ocrx_word' id='word_1_312' title='bbox 248 2172 411 2202; x_wconf 85' lang='lat' dir='ltr'>Plaustro</span> <span class='ocrx_word' id='word_1_313' title='bbox 428 2171 538 2211; x_wconf 79' lang='grc' dir='ltr'>ἄρκτος</span> <span class='ocrx_word' id='word_1_314' title='bbox 557 2172 628 2202; x_wconf 85' lang='lat' dir='ltr'>sive</span> <span class='ocrx_word' id='word_1_315' title='bbox 653 2173 733 2202; x_wconf 81' lang='lat' dir='ltr'>Ursa</span> <span class='ocrx_word' id='word_1_316' title='bbox 750 2172 818 2203; x_wconf 86' lang='lat' dir='ltr'>dici</span> <span class='ocrx_word' id='word_1_317' title='bbox 837 2173 955 2213; x_wconf 79' lang='lat' dir='ltr'>coepit,</span> 
     </span>
     <span class='ocr_line' id='line_1_38' title="bbox 249 2222 955 2262; baseline 0.001 -10"><span class='ocrx_word' id='word_1_318' title='bbox 249 2226 285 2252; x_wconf 88' lang='lat' dir='ltr'>et</span> <span class='ocrx_word' id='word_1_319' title='bbox 310 2222 432 2258; x_wconf 81' lang='grc' dir='ltr'>βοώτης</span> <span class='ocrx_word' id='word_1_320' title='bbox 457 2222 611 2252; x_wconf 70' lang='lat' dir='ltr'>similiter</span> <span class='ocrx_word' id='word_1_321' title='bbox 637 2227 776 2253; x_wconf 80' lang='lat' dir='ltr'>vocatus</span> <span class='ocrx_word' id='word_1_322' title='bbox 804 2222 955 2262; x_wconf 81' lang='grc' dir='ltr'>ἀρκτοφύ-</span> 
     </span>
     <span class='ocr_line' id='line_1_39' title="bbox 249 2272 956 2312; baseline 0.001 -10"><span class='ocrx_word' id='word_1_323' title='bbox 249 2274 321 2311; x_wconf 85' lang='grc' dir='ltr'>λαξ,</span> <span class='ocrx_word' id='word_1_324' title='bbox 337 2273 400 2303; x_wconf 90' lang='lat' dir='ltr'>hoc</span> <span class='ocrx_word' id='word_1_325' title='bbox 417 2277 481 2312; x_wconf 84' lang='lat' dir='ltr'>est,</span> <span class='ocrx_word' id='word_1_326' title='bbox 501 2272 589 2302; x_wconf 77' lang='lat' dir='ltr'>Ursoe</span> <span class='ocrx_word' id='word_1_327' title='bbox 603 2276 713 2311; x_wconf 80' lang='lat' dir='ltr'>custos,</span> <span class='ocrx_word' id='word_1_328' title='bbox 734 2274 823 2312; x_wconf 87' lang='lat' dir='ltr'>quod</span> <span class='ocrx_word' id='word_1_329' title='bbox 840 2274 956 2304; x_wconf 88' lang='lat' dir='ltr'>stellas</span> 
     </span>
     <span class='ocr_line' id='line_1_40' title="bbox 252 2323 913 2363; baseline 0 -9"><span class='ocrx_word' id='word_1_330' title='bbox 252 2324 346 2354; x_wconf 80' lang='lat' dir='ltr'>Ursae</span> <span class='ocrx_word' id='word_1_331' title='bbox 364 2332 481 2363; x_wconf 83' lang='lat' dir='ltr'>regere</span> <span class='ocrx_word' id='word_1_332' title='bbox 496 2332 535 2354; x_wconf 89' lang='lat' dir='ltr'>ac</span> <span class='ocrx_word' id='word_1_333' title='bbox 553 2323 728 2353; x_wconf 78' lang='lat' dir='ltr'>custodire</span> <span class='ocrx_word' id='word_1_334' title='bbox 745 2323 913 2355; x_wconf 83' lang='lat' dir='ltr'>videatur.</span> 
     </span>
    </p>

    <p class='ocr_par' dir='ltr' id='par_1_12' title="bbox 250 2373 955 2465">
     <span class='ocr_line' id='line_1_41' title="bbox 293 2373 955 2413; baseline 0 -8"><span class='ocrx_word' id='word_1_335' title='bbox 293 2377 354 2405; x_wconf 79' lang='lat'>171</span> <span class='ocrx_word' id='word_1_336' title='bbox 380 2373 558 2413; x_wconf 82' lang='lat' dir='ltr'>Austrules]</span> <span class='ocrx_word' id='word_1_337' title='bbox 582 2373 803 2413; x_wconf 82' lang='lat' dir='ltr'>Meridianas,</span> <span class='ocrx_word' id='word_1_338' title='bbox 819 2374 860 2405; x_wconf 87' lang='lat' dir='ltr'>ab</span> <span class='ocrx_word' id='word_1_339' title='bbox 872 2374 955 2405; x_wconf 84' lang='lat' dir='ltr'>Aus-</span> 
     </span>
     <span class='ocr_line' id='line_1_42' title="bbox 250 2422 796 2465; baseline -0.004 -10"><span class='ocrx_word' id='word_1_340' title='bbox 250 2429 304 2455; x_wconf 85' lang='lat' dir='ltr'>tro</span> <span class='ocrx_word' id='word_1_341' title='bbox 321 2428 436 2463; x_wconf 88' lang='lat' dir='ltr'>vento,</span> <span class='ocrx_word' id='word_1_342' title='bbox 454 2423 510 2465; x_wconf 88' lang='lat' dir='ltr'>qni</span> <span class='ocrx_word' id='word_1_343' title='bbox 523 2422 583 2454; x_wconf 83' lang='lat' dir='ltr'>flat</span> <span class='ocrx_word' id='word_1_344' title='bbox 601 2434 620 2454; x_wconf 89' lang='lat' dir='ltr'>a</span> <span class='ocrx_word' id='word_1_345' title='bbox 635 2423 796 2454; x_wconf 84' lang='lat' dir='ltr'>Meridie.</span> 
     </span>
    </p>

    <p class='ocr_par' dir='ltr' id='par_1_13' title="bbox 249 2474 961 2820">
     <span class='ocr_line' id='line_1_43' title="bbox 292 2474 956 2514; baseline -0.003 -8"><span class='ocrx_word' id='word_1_346' title='bbox 292 2474 490 2514; x_wconf 75' lang='lat' dir='ltr'>Succinctus]</span> <span class='ocrx_word' id='word_1_347' title='bbox 525 2474 700 2513; x_wconf 83' lang='lat' dir='ltr'>Armatus,</span> <span class='ocrx_word' id='word_1_348' title='bbox 731 2474 771 2504; x_wconf 90' lang='lat' dir='ltr'>ad</span> <span class='ocrx_word' id='word_1_349' title='bbox 808 2484 956 2514; x_wconf 84' lang='lat' dir='ltr'>pugnam</span> 
     </span>
     <span class='ocr_line' id='line_1_44' title="bbox 252 2525 957 2567; baseline 0 -10"><span class='ocrx_word' id='word_1_350' title='bbox 252 2526 457 2567; x_wconf 84' lang='lat' dir='ltr'>expeditus;</span> <span class='ocrx_word' id='word_1_351' title='bbox 483 2526 529 2556; x_wconf 81' lang='lat' dir='ltr'>sic</span> <span class='ocrx_word' id='word_1_352' title='bbox 554 2525 642 2556; x_wconf 88' lang='lat' dir='ltr'>enim</span> <span class='ocrx_word' id='word_1_353' title='bbox 667 2525 819 2565; x_wconf 83' lang='lat' dir='ltr'>pingitur</span> <span class='ocrx_word' id='word_1_354' title='bbox 836 2525 957 2557; x_wconf 89' lang='lat' dir='ltr'>Orion.</span> 
     </span>
     <span class='ocr_line' id='line_1_45' title="bbox 252 2575 958 2616; baseline -0.004 -7"><span class='ocrx_word' id='word_1_355' title='bbox 252 2578 360 2609; x_wconf 87' lang='lat' dir='ltr'>Orion</span> <span class='ocrx_word' id='word_1_356' title='bbox 389 2577 498 2616; x_wconf 84' lang='lat' dir='ltr'>Jovis‚</span> <span class='ocrx_word' id='word_1_357' title='bbox 527 2575 695 2616; x_wconf 88' lang='lat' dir='ltr'>Neptuni,</span> <span class='ocrx_word' id='word_1_358' title='bbox 726 2579 762 2606; x_wconf 85' lang='lat' dir='ltr'>et</span> <span class='ocrx_word' id='word_1_359' title='bbox 792 2576 958 2606; x_wconf 87' lang='lat' dir='ltr'>Mercurii</span> 
     </span>
     <span class='ocr_line' id='line_1_46' title="bbox 249 2626 959 2667; baseline -0.007 -7"><span class='ocrx_word' id='word_1_360' title='bbox 249 2629 361 2667; x_wconf 84' lang='lat' dir='ltr'>filius;</span> <span class='ocrx_word' id='word_1_361' title='bbox 386 2628 438 2658; x_wconf 81' lang='lat' dir='ltr'>vel</span> <span class='ocrx_word' id='word_1_362' title='bbox 461 2626 667 2667; x_wconf 88' lang='lat' dir='ltr'>Scorpionis,</span> <span class='ocrx_word' id='word_1_363' title='bbox 695 2634 768 2656; x_wconf 86' lang='lat' dir='ltr'>cum</span> <span class='ocrx_word' id='word_1_364' title='bbox 794 2636 860 2667; x_wconf 89' lang='lat' dir='ltr'>quo</span> <span class='ocrx_word' id='word_1_365' title='bbox 877 2636 959 2666; x_wconf 85' lang='lat' dir='ltr'>pug-</span> 
     </span>
     <span class='ocr_line' id='line_1_47' title="bbox 249 2676 959 2719; baseline -0.006 -9"><span class='ocrx_word' id='word_1_366' title='bbox 249 2680 366 2719; x_wconf 83' lang='lat' dir='ltr'>nabat,</span> <span class='ocrx_word' id='word_1_367' title='bbox 382 2679 466 2717; x_wconf 80' lang='lat' dir='ltr'>ictu,</span> <span class='ocrx_word' id='word_1_368' title='bbox 482 2678 536 2708; x_wconf 83' lang='lat' dir='ltr'>vel</span> <span class='ocrx_word' id='word_1_369' title='bbox 552 2677 677 2708; x_wconf 84' lang='lat' dir='ltr'>Dianae</span> <span class='ocrx_word' id='word_1_370' title='bbox 694 2677 770 2707; x_wconf 88' lang='lat' dir='ltr'>telis</span> <span class='ocrx_word' id='word_1_371' title='bbox 796 2676 959 2716; x_wconf 80' lang='lat' dir='ltr'>confixus,</span> 
     </span>
     <span class='ocr_line' id='line_1_48' title="bbox 251 2727 961 2769; baseline -0.004 -9"><span class='ocrx_word' id='word_1_372' title='bbox 251 2734 290 2760; x_wconf 89' lang='lat' dir='ltr'>ut</span> <span class='ocrx_word' id='word_1_373' title='bbox 315 2733 470 2760; x_wconf 82' lang='lat' dir='ltr'>tentator</span> <span class='ocrx_word' id='word_1_374' title='bbox 490 2728 693 2768; x_wconf 88' lang='lat' dir='ltr'>impudens:</span> <span class='ocrx_word' id='word_1_375' title='bbox 717 2733 751 2758; x_wconf 87' lang='lat' dir='ltr'>at</span> <span class='ocrx_word' id='word_1_376' title='bbox 774 2732 897 2769; x_wconf 86' lang='lat' dir='ltr'>postea</span> <span class='ocrx_word' id='word_1_377' title='bbox 912 2727 961 2757; x_wconf 86' lang='lat' dir='ltr'>in-</span> 
     </span>
     <span class='ocr_line' id='line_1_49' title="bbox 251 2778 753 2820; baseline 0 -10"><span class='ocrx_word' id='word_1_378' title='bbox 251 2784 307 2811; x_wconf 84' lang='lat' dir='ltr'>ter</span> <span class='ocrx_word' id='word_1_379' title='bbox 322 2780 420 2820; x_wconf 85' lang='lat' dir='ltr'>signa</span> <span class='ocrx_word' id='word_1_380' title='bbox 437 2778 595 2810; x_wconf 82' lang='lat' dir='ltr'>coelestia</span> <span class='ocrx_word' id='word_1_381' title='bbox 611 2778 753 2810; x_wconf 84' lang='lat' dir='ltr'>relatus.</span> 
     </span>
    </p>
   </div>
   <div class='ocr_carea' id='block_1_10' title="bbox 1009 2071 1748 2811">
    <p class='ocr_par' dir='ltr' id='par_1_14' title="bbox 1009 2071 1721 2364">
     <span class='ocr_line' id='line_1_50' title="bbox 1055 2071 1720 2111; baseline -0.002 -8"><span class='ocrx_word' id='word_1_382' title='bbox 1055 2075 1118 2103; x_wconf 84' lang='grc'>176</span> <span class='ocrx_word' id='word_1_383' title='bbox 1142 2073 1183 2103; x_wconf 85' lang='lat' dir='ltr'>Te</span> <span class='ocrx_word' id='word_1_384' title='bbox 1200 2076 1271 2102; x_wconf 79' lang='lat' dir='ltr'>tuus</span> <span class='ocrx_word' id='word_1_385' title='bbox 1285 2071 1440 2111; x_wconf 80' lang='lat' dir='ltr'>Oceanus]</span> <span class='ocrx_word' id='word_1_386' title='bbox 1466 2071 1626 2102; x_wconf 83' lang='lat' dir='ltr'>Oceanus</span> <span class='ocrx_word' id='word_1_387' title='bbox 1642 2071 1720 2103; x_wconf 87' lang='lat' dir='ltr'>His-</span> 
     </span>
     <span class='ocr_line' id='line_1_51' title="bbox 1011 2122 1720 2164; baseline -0.001 -10"><span class='ocrx_word' id='word_1_388' title='bbox 1011 2124 1123 2164; x_wconf 84' lang='lat' dir='ltr'>paniae</span> <span class='ocrx_word' id='word_1_389' title='bbox 1153 2123 1275 2164; x_wconf 80' lang='lat' dir='ltr'>patriae</span> <span class='ocrx_word' id='word_1_390' title='bbox 1308 2127 1376 2153; x_wconf 85' lang='lat' dir='ltr'>tuae</span> <span class='ocrx_word' id='word_1_391' title='bbox 1403 2122 1554 2163; x_wconf 82' lang='lat' dir='ltr'>excipiet</span> <span class='ocrx_word' id='word_1_392' title='bbox 1581 2127 1615 2153; x_wconf 82' lang='lat' dir='ltr'>te</span> <span class='ocrx_word' id='word_1_393' title='bbox 1644 2132 1720 2153; x_wconf 90' lang='lat' dir='ltr'>cum</span> 
     </span>
     <span class='ocr_line' id='line_1_52' title="bbox 1012 2172 1721 2204; baseline -0.003 0"><span class='ocrx_word' id='word_1_394' title='bbox 1012 2174 1085 2204; x_wconf 81' lang='lat' dir='ltr'>aliis</span> <span class='ocrx_word' id='word_1_395' title='bbox 1103 2173 1272 2204; x_wconf 86' lang='lat' dir='ltr'>sideribus</span> <span class='ocrx_word' id='word_1_396' title='bbox 1287 2172 1414 2203; x_wconf 87' lang='lat' dir='ltr'>fessum</span> <span class='ocrx_word' id='word_1_397' title='bbox 1430 2177 1488 2203; x_wconf 88' lang='lat' dir='ltr'>tuo</span> <span class='ocrx_word' id='word_1_398' title='bbox 1510 2182 1623 2203; x_wconf 82' lang='lat' dir='ltr'>cursu.</span> <span class='ocrx_word' id='word_1_399' title='bbox 1655 2172 1721 2202; x_wconf 92' lang='lat' dir='ltr'>Po-</span> 
     </span>
     <span class='ocr_line' id='line_1_53' title="bbox 1012 2222 1719 2263; baseline -0.003 -9"><span class='ocrx_word' id='word_1_400' title='bbox 1012 2224 1078 2254; x_wconf 71' lang='lat' dir='ltr'>etae</span> <span class='ocrx_word' id='word_1_401' title='bbox 1106 2223 1239 2263; x_wconf 79' lang='lat' dir='ltr'>fingunt</span> <span class='ocrx_word' id='word_1_402' title='bbox 1266 2223 1380 2253; x_wconf 82' lang='lat' dir='ltr'>sidera</span> <span class='ocrx_word' id='word_1_403' title='bbox 1408 2229 1484 2262; x_wconf 90' lang='lat' dir='ltr'>post</span> <span class='ocrx_word' id='word_1_404' title='bbox 1500 2222 1657 2253; x_wconf 84' lang='lat' dir='ltr'>diurnum</span> <span class='ocrx_word' id='word_1_405' title='bbox 1674 2224 1719 2253; x_wconf 85' lang='lat' dir='ltr'>la-</span> 
     </span>
     <span class='ocr_line' id='line_1_54' title="bbox 1010 2273 1719 2313; baseline 0 -9"><span class='ocrx_word' id='word_1_406' title='bbox 1010 2274 1126 2304; x_wconf 86' lang='lat' dir='ltr'>borem</span> <span class='ocrx_word' id='word_1_407' title='bbox 1152 2273 1363 2304; x_wconf 82' lang='lat' dir='ltr'>descendere</span> <span class='ocrx_word' id='word_1_408' title='bbox 1379 2274 1412 2303; x_wconf 91' lang='lat' dir='ltr'>in</span> <span class='ocrx_word' id='word_1_409' title='bbox 1430 2282 1534 2313; x_wconf 83' lang='lat' dir='ltr'>mare,</span> <span class='ocrx_word' id='word_1_410' title='bbox 1550 2277 1585 2303; x_wconf 87' lang='lat' dir='ltr'>et</span> <span class='ocrx_word' id='word_1_411' title='bbox 1611 2273 1659 2303; x_wconf 91' lang='lat' dir='ltr'>ibi</span> <span class='ocrx_word' id='word_1_412' title='bbox 1683 2282 1719 2304; x_wconf 87' lang='lat' dir='ltr'>se</span> 
     </span>
     <span class='ocr_line' id='line_1_55' title="bbox 1009 2324 1525 2364; baseline -0.002 -10"><span class='ocrx_word' id='word_1_413' title='bbox 1009 2325 1138 2364; x_wconf 83' lang='lat' dir='ltr'>lavare,</span> <span class='ocrx_word' id='word_1_414' title='bbox 1153 2324 1231 2353; x_wconf 87' lang='lat' dir='ltr'>inde</span> <span class='ocrx_word' id='word_1_415' title='bbox 1248 2328 1352 2363; x_wconf 87' lang='lat' dir='ltr'>capnt</span> <span class='ocrx_word' id='word_1_416' title='bbox 1369 2332 1525 2354; x_wconf 82' lang='lat' dir='ltr'>exerere.</span> 
     </span>
    </p>

    <p class='ocr_par' dir='ltr' id='par_1_15' title="bbox 1011 2372 1719 2515">
     <span class='ocr_line' id='line_1_56' title="bbox 1054 2372 1719 2414; baseline 0 -10"><span class='ocrx_word' id='word_1_417' title='bbox 1054 2377 1116 2405; x_wconf 83' lang='grc'>177</span> <span class='ocrx_word' id='word_1_418' title='bbox 1141 2374 1236 2404; x_wconf 76' lang='lat' dir='ltr'>Notis</span> <span class='ocrx_word' id='word_1_419' title='bbox 1251 2374 1355 2414; x_wconf 74' lang='lat' dir='ltr'>unctis]</span> <span class='ocrx_word' id='word_1_420' title='bbox 1391 2373 1558 2413; x_wconf 77' lang='lat' dir='ltr'>Cognitis,</span> <span class='ocrx_word' id='word_1_421' title='bbox 1574 2372 1719 2404; x_wconf 72' lang='lat' dir='ltr'>familia-</span> 
     </span>
     <span class='ocr_line' id='line_1_57' title="bbox 1011 2424 1717 2456; baseline 0.001 -1"><span class='ocrx_word' id='word_1_422' title='bbox 1011 2425 1115 2456; x_wconf 84' lang='lat' dir='ltr'>ribus.</span> <span class='ocrx_word' id='word_1_423' title='bbox 1176 2425 1265 2455; x_wconf 85' lang='lat' dir='ltr'>Nam</span> <span class='ocrx_word' id='word_1_424' title='bbox 1302 2424 1514 2455; x_wconf 85' lang='lat' dir='ltr'>Theodosius</span> <span class='ocrx_word' id='word_1_425' title='bbox 1553 2424 1717 2456; x_wconf 88' lang='lat' dir='ltr'>oriundus</span> 
     </span>
     <span class='ocr_line' id='line_1_58' title="bbox 1011 2474 1689 2515; baseline 0 -10"><span class='ocrx_word' id='word_1_426' title='bbox 1011 2480 1087 2506; x_wconf 83' lang='lat' dir='ltr'>erat</span> <span class='ocrx_word' id='word_1_427' title='bbox 1103 2485 1144 2505; x_wconf 81' lang='lat' dir='ltr'>ex</span> <span class='ocrx_word' id='word_1_428' title='bbox 1162 2475 1329 2505; x_wconf 80' lang='lat' dir='ltr'>Gallaeeia</span> <span class='ocrx_word' id='word_1_429' title='bbox 1345 2474 1521 2515; x_wconf 64' lang='lat' dir='ltr'>Hispaniae</span> <span class='ocrx_word' id='word_1_430' title='bbox 1537 2475 1689 2515; x_wconf 84' lang='lat' dir='ltr'>regione.</span> 
     </span>
    </p>

    <p class='ocr_par' dir='ltr' id='par_1_16' title="bbox 1012 2525 1748 2717">
     <span class='ocr_line' id='line_1_59' title="bbox 1055 2525 1720 2566; baseline 0.002 -10"><span class='ocrx_word' id='word_1_431' title='bbox 1055 2528 1118 2556; x_wconf 83' lang='lat'>179</span> <span class='ocrx_word' id='word_1_432' title='bbox 1143 2525 1328 2564; x_wconf 82' lang='lat' dir='ltr'>Arcadium]</span> <span class='ocrx_word' id='word_1_433' title='bbox 1362 2525 1615 2566; x_wconf 86' lang='lat' dir='ltr'>Imperatorem</span> <span class='ocrx_word' id='word_1_434' title='bbox 1643 2527 1720 2558; x_wconf 87' lang='lat' dir='ltr'>Ori-</span> 
     </span>
     <span class='ocr_line' id='line_1_60' title="bbox 1012 2576 1718 2608; baseline 0.001 -1"><span class='ocrx_word' id='word_1_435' title='bbox 1012 2577 1125 2608; x_wconf 87' lang='lat' dir='ltr'>entis:</span> <span class='ocrx_word' id='word_1_436' title='bbox 1151 2581 1248 2606; x_wconf 81' lang='lat' dir='ltr'>vetns</span> <span class='ocrx_word' id='word_1_437' title='bbox 1274 2576 1360 2606; x_wconf 87' lang='lat' dir='ltr'>liber</span> <span class='ocrx_word' id='word_1_438' title='bbox 1384 2576 1502 2606; x_wconf 86' lang='lat' dir='ltr'>scribit</span> <span class='ocrx_word' id='word_1_439' title='bbox 1524 2576 1718 2608; x_wconf 74' lang='lat' dir='ltr'>Arclmdium</span> 
     </span>
     <span class='ocr_line' id='line_1_61' title="bbox 1012 2626 1748 2667; baseline -0.001 -8"><span class='ocrx_word' id='word_1_440' title='bbox 1012 2638 1087 2659; x_wconf 87' lang='lat' dir='ltr'>cum</span> <span class='ocrx_word' id='word_1_441' title='bbox 1127 2627 1346 2667; x_wconf 79' lang='lat' dir='ltr'>aspiratione,</span> <span class='ocrx_word' id='word_1_442' title='bbox 1391 2627 1484 2666; x_wconf 84' lang='lat' dir='ltr'>quasi</span> <span class='ocrx_word' id='word_1_443' title='bbox 1523 2626 1718 2658; x_wconf 82' lang='lat' dir='ltr'>deducatur</span> <span class='ocrx_word' id='word_1_444' title='bbox 1741 2661 1748 2665; x_wconf 67' lang='grc'><strong>,</strong></span> 
     </span>
     <span class='ocr_line' id='line_1_62' title="bbox 1013 2676 1479 2717; baseline -0.009 -8"><span class='ocrx_word' id='word_1_445' title='bbox 1013 2678 1073 2709; x_wconf 81' lang='grc' dir='ltr'>ἀπὸ</span> <span class='ocrx_word' id='word_1_446' title='bbox 1088 2680 1144 2714; x_wconf 77' lang='grc' dir='ltr'>τῆς</span> <span class='ocrx_word' id='word_1_447' title='bbox 1161 2677 1270 2717; x_wconf 82' lang='grc' dir='ltr'>ἀρχῆς,</span> <span class='ocrx_word' id='word_1_448' title='bbox 1286 2677 1324 2707; x_wconf 85' lang='lat' dir='ltr'>ab</span> <span class='ocrx_word' id='word_1_449' title='bbox 1340 2676 1479 2716; x_wconf 79' lang='lat' dir='ltr'>imperio.</span> 
     </span>
    </p>

    <p class='ocr_par' dir='ltr' id='par_1_17' title="bbox 1014 2726 1717 2811">
     <span class='ocr_line' id='line_1_63' title="bbox 1059 2726 1717 2768; baseline -0.003 -9"><span class='ocrx_word' id='word_1_450' title='bbox 1059 2732 1120 2759; x_wconf 87' lang='grc'>180</span> <span class='ocrx_word' id='word_1_451' title='bbox 1143 2727 1321 2768; x_wconf 79' lang='lat' dir='ltr'>Honorius]</span> <span class='ocrx_word' id='word_1_452' title='bbox 1337 2726 1528 2768; x_wconf 81' lang='lat' dir='ltr'>Imperator</span> <span class='ocrx_word' id='word_1_453' title='bbox 1545 2726 1717 2758; x_wconf 87' lang='lat' dir='ltr'>Occiden-</span> 
     </span>
     <span class='ocr_line' id='line_1_64' title="bbox 1014 2780 1070 2811; baseline -0.018 0"><span class='ocrx_word' id='word_1_454' title='bbox 1014 2780 1070 2811; x_wconf 80' lang='lat' dir='ltr'>tis.</span> 
     </span>
    </p>
   </div>
  </div>
 </body>
</html>
