1857 3177
515 230 568 259 IN
603 228 678 258 GL.
712 225 966 256 cLAUmAN
979 225 1066 255 rm.
1458 212 1513 254 41

59 337 144 379 pue
162 324 206 364 in
227 323 416 364 secundo
438 327 478 364 et
499 323 664 376 quinto,
696 321 854 374 quibus
875 319 1089 372 principia
1111 317 1353 366 obtigerunt
1375 318 1512 369 magis

59 393 115 432 ab
149 394 332 432 oratoris
370 404 499 443 quim]
537 404 561 430 a
593 389 736 442 poeta}
761 387 965 427 facultate
988 385 1208 437 profectam
1244 383 1319 421 sed
1356 384 1397 421 in
1432 385 1513 423 hoc

62 459 219 499 Martis
260 463 300 499 et
343 458 542 505 Veneris,
588 469 768 509 quorum
802 455 871 494 ille
902 466 957 492 ex
999 452 1127 500 ferro,
1172 451 1267 490 ha‘c
1301 463 1357 488 ex
1398 463 1515 497 mag:-

60 532 156 567 nete
187 531 277 566 erat
308 526 437 573 sacta,
471 525 735 564 connubium
771 523 983 574 eleganter
1020 523 1085 559 cst
1121 518 1403 569 descriptum,
1438 529 1515 555 nec

61 594 152 633 sine
192 593 430 645 voluptatis
470 605 599 631 sensu
642 592 817 641 legetur.
881 588 1095 637 Quartum
1134 595 1309 625 carmen
1348 583 1391 621 in
1432 582 1515 621 fine

61 673 258 700 mancum
280 663 361 706 est,
396 671 688 710 pannumque,
726 657 770 696 ni
806 655 946 702 fallor,
982 653 1112 693 stulte
1154 654 1354 692 assutum
1376 650 1519 689 habet.

62 726 173 766 Pars
211 726 376 773 ultima,
413 739 511 777 quae
554 725 694 777 periit,
730 723 1065 774 descriptionem
1101 719 1195 759 Nili
1238 716 1517 765 exundantis,

59 792 303 845 faciemque
329 793 505 845 .2Egypti
530 791 742 831 inferioris
764 790 808 829 in
826 802 959 837 lirare,
990 787 1142 827 insulis
1164 785 1402 826 innumeris
1419 796 1520 823 con-

61 860 203 907 situm,
226 863 414 907 nmtatae,
440 858 707 899 continuisse
737 856 919 896 videtur.
982 855 1034 894 In
1056 853 1347 906 descriptione
1370 849 1519 903 Aponi

60 925 202 975 fontis,
225 925 340 978 quod
364 928 658 977 argumentum
692 928 758 964 est
776 923 889 963 sexti
910 921 1131 970 carminis,
1154 920 1321 973 passim
1339 919 1516 959 virtutes

61 997 103 1033 et
118 994 225 1034 vitia
247 992 398 1033 Ovidii
422 997 714 1045 agnoscuntur
734 1005 742 1032 :
780 996 848 1031 est
872 994 1014 1031 tamen
1037 1002 1092 1028 ex
1114 987 1314 1028 omnibus
1338 985 1521 1025 therma-

61 1073 154 1100 rum
175 1060 559 1112 descriptionibus,
593 1071 882 1112 quaecumque
904 1056 1024 1110 apud
1042 1060 1208 1095 veteres
1237 1055 1449 1105 leguntur,
1481 1054 1523 1091 et

63 1128 210 1169 multae
233 1127 287 1167 ad
311 1140 393 1167 nos
415 1139 665 1180 pervenere,
683 1127 808 1177 longe
831 1126 1012 1177 optima.
1072 1123 1126 1164 In
1148 1123 1310 1168 ultimo,
1327 1119 1443 1174 quod
1465 1131 1523 1159 ex

64 1194 236 1248 piorum
268 1195 459 1243 fratrum,
495 1207 678 1246 quorum
713 1197 873 1233 statuat
908 1192 1023 1243 apud
1056 1190 1258 1230 Catinam
1294 1188 1429 1227 fuisse
1461 1186 1526 1225 di-

66 1267 236 1311 cuntur,
252 1262 617 1313 contemplatione
637 1264 783 1299 natum
806 1264 886 1306 est,
911 1257 1183 1298 Claudianus
1204 1253 1348 1306 poetis
1376 1263 1524 1292 recen-

65 1328 246 1368 tioribus
265 1328 512 1379 exemplum
535 1326 787 1379 proposuit,
821 1323 1040 1376 quomodo
1062 1321 1289 1374 pulchrum
1311 1319 1414 1358 artis
1435 1322 1522 1357 sta-

66 1394 219 1434 tuariae
236 1407 348 1446 opus
370 1393 547 1446 pulchre
569 1394 710 1446 possit
731 1391 934 1431 describi.
998 1389 1085 1430 Sed
1107 1388 1160 1427 de
1180 1387 1263 1426 hoc
1287 1385 1523 1424 carminum

66 1473 221 1513 genere
240 1462 470 1501 hactenus:
503 1472 784 1514 properemus
807 1459 861 1499 ad
882 1458 1065 1511 reliqua.

123 1526 327 1568 Carmina
347 1529 515 1567 minora
530 1528 641 1567 varii
663 1527 901 1579 argumenti
923 1526 1146 1576 variaeque
1163 1522 1400 1574 dignitatis,
1425 1532 1524 1573 quae

68 1596 282 1635 communi
316 1596 672 1648 epigrammatum
700 1595 871 1634 nomine
907 1592 1036 1644 vulgo
1058 1589 1418 1642 complectuntur,
1451 1585 1527 1626 ad-

67 1662 152 1703 huc
172 1666 350 1703 restant.
412 1662 482 1702 Ex
502 1662 571 1702 his
604 1662 741 1701 salem
761 1661 920 1701 habent
941 1663 981 1700 et
1002 1657 1287 1699 urbanitatem
1313 1664 1458 1694 xxiv.
1481 1653 1525 1692 in

71 1728 288 1770 Alethium
300 1733 576 1783 quaestorem,
593 1733 635 1769 et
652 1739 800 1768 xxvn
811 1759 819 1768 .
838 1728 882 1767 in
896 1727 924 1767 J
930 1726 1115 1766 acobum
1129 1723 1175 1763 M
1183 1723 1391 1775 agistrum
1405 1719 1529 1773 equi—

68 1800 174 1836 tum.
235 1796 360 1837 [llius
381 1809 532 1837 versus
555 1795 826 1836 Claudianus
860 1795 1031 1842 riserat,
1072 1792 1328 1843 rationeque
1360 1788 1526 1828 ironica

71 1863 178 1904 iram
200 1864 297 1918 ejus
320 1864 574 1917 deprecatur
592 1876 602 1914 3
633 1864 748 1903 hunc
767 1876 843 1917 per
863 1874 1014 1902 omnes
1036 1863 1229 1907 sanctos,
1253 1854 1529 1909 superstitio-

72 1942 168 1970 nem
188 1932 335 1973 forsan
369 1931 705 1972 Christianorum
736 1930 895 1978 ridens,
931 1931 1069 1979 rogat,
1101 1939 1153 1966 ne
1185 1925 1383 1965 criticum
1404 1932 1528 1975 agere
1575 1959 1578 1962 Δ

71 1998 174 2038 velit
194 2011 396 2038 versuum
431 2010 623 2037 suorum.
684 1997 794 2036 Item
829 1995 1107 2035 XX1X.satis
1130 1991 1320 2045 lepidum
1358 1992 1438 2036 est,
1472 1999 1529 2027 ox

76 2065 360 2116 ambiguitate
393 2066 518 2106 vocis
550 2064 662 2117 pedis
695 2065 738 2103 in
761 2063 1042 2116 podagricum
1071 2060 1124 2100 de
1149 2059 1345 2099 versibus
1367 2054 1531 2096 claudi-

76 2132 277 2172 cantibus
293 2133 575 2186 judicantem.
595 2131 813 2172 Aculeum
831 2142 1004 2183 quoque
1026 2128 1156 2168 habet
1179 2135 1308 2165 XXX.
1328 2124 1373 2162 in
1388 2121 1532 2162 Theo-

77 2197 226 2239 dorum
248 2203 289 2239 et
311 2199 601 2239 Hadrianum.
666 2197 898 2237 Mordacia
919 2199 1032 2243 sunt,
1056 2193 1133 2233 sed
1161 2192 1331 2232 lasciva
1352 2190 1528 2229 obscoe-

75 2266 220 2315 nitate,
246 2277 369 2306 Xxv.
392 2270 435 2306 et
472 2277 617 2305 xxvr.
647 2266 691 2304 in
727 2263 966 2304 Curetium.
1041 2261 1111 2301 Ex
1144 2260 1211 2299 his
1250 2258 1452 2299 omnibus
1490 2258 1534 2295 et

78 2332 422 2374 Alexandrinum
440 2333 650 2374 Nostrum
673 2333 809 2373 fuisse
826 2336 868 2372 et
889 2331 1088 2371 dicacem
1110 2332 1204 2368 tuto
1221 2325 1418 2377 colligas,
1432 2336 1532 2377 quae

79 2413 182 2441 sane
204 2400 422 2442 Martialis
445 2401 711 2441 carminibus
732 2402 935 2441 nonsunt
953 2397 1168 2438 inferiora.
1230 2393 1332 2433 Huc
1348 2391 1535 2444 pertinet

80 2480 252 2521 quoque
284 2479 410 2509 xcii.
441 2468 572 2508 nimis
589 2469 833 2508 obscurum.
895 2466 1080 2506 Brevem
1111 2461 1369 2503 sententiam
1401 2457 1536 2498 conti-

80 2539 182 2575 nent
200 2539 242 2576 et
263 2540 437 2576 acutam
459 2547 654 2577 xxxix.
688 2546 772 2576 XL.
804 2538 848 2575 et
879 2544 985 2574 xm.

139 2602 208 2643 Ex
227 2604 303 2644 illo
325 2617 492 2656 genere,
508 2604 625 2657 quod
646 2604 706 2643 rei
726 2606 924 2643 naturam
945 2598 1091 2652 lepide
1113 2596 1334 2650 exprimit,
1350 2597 1449 2634 sunt
1471 2604 1536 2634 vl.

88 2680 172 2711 vn.
205 2681 316 2711 v111.
349 2682 420 2712 lx.
454 2682 504 2712 x.
539 2683 612 2712 xi.
645 2682 738 2712 xil.
771 2670 942 2718 Latina,
965 2672 1008 2708 et
1033 2677 1144 2706 x111.
1169 2675 1272 2704 xlv.
1297 2662 1459 2703 Graeca
1480 2661 1534 2701 de

88 2735 308 2790 Crystallo
332 2740 563 2793 inscripta,
599 2753 626 2780 a
650 2739 836 2781 diversis
864 2738 1012 2779 forsan
1042 2732 1295 2775 auctoribus
1328 2729 1536 2784 prosecta.
