1852 3193
244 187 331 231 418
709 199 785 230 CL.
818 198 1099 230 CLAumANl
1132 199 1239 230 xvi.

246 298 345 340 Nec
366 302 406 340 te
426 299 543 341 sama
562 303 698 348 vetat,
721 313 826 340 vero
847 310 978 351 quam
998 297 1163 338 celsius
1185 301 1330 340 actam

303 366 390 408 Vel
413 381 611 408 servasse
631 368 770 415 labor,
792 366 865 406 vel
884 366 1097 406 minuisse
1119 365 1290 418 pudor?

246 432 321 474 An
341 436 419 474 tibi
441 436 660 475 continuis
683 433 824 474 crevit
841 433 1003 474 fiducia
1025 432 1216 473 castris?
1679 435 1708 474 5

301 500 503 554 Totaque
519 502 612 553 jam
633 501 750 541 vatis
772 506 957 554 pectora
977 500 1102 539 miles
1119 499 1251 540 habet
1268 499 1286 539 'l

249 567 452 610 Culmina
473 569 667 610 Romani
689 568 1050 623 majestatemque
1073 566 1281 617 Senatus,

302 635 377 684 Et,
401 637 560 689 quibus
583 636 757 677 exultat
776 634 942 685 Gallia,
964 648 1092 676 cerne
1114 634 1251 674 viros.

243 754 417 795 primores?
442 757 547 796 Neque
554 756 647 795 fama
656 756 797 797 prohibet
813 760 854 794 te,
871 766 960 796 quam
977 754 1101 785 famam
1118 754 1243 795 difficile
1258 756 1317 793 est,
1333 755 1387 784 aut
1402 762 1581 784 conservare
1595 752 1710 785 elatam

237 798 308 835 ,ium
320 799 414 829 ultius
427 800 536 830 merito
550 805 621 838 tuo,
636 803 690 830 aut
704 800 875 839 pudendum
892 802 936 829 est
952 796 1159 829 imminuere?
1182 797 1234 828 An
1249 796 1436 837 confidentia
1461 799 1552 827 aucta
1572 799 1617 827 est
1639 796 1712 836 tibi,

247 850 267 871 ο
285 842 395 880 Musa,
410 841 498 872 bellis
512 843 655 882 assiduis,
669 846 699 872 et
717 842 859 872 audacia
873 841 984 871 militis
997 840 1130 880 possidet
1140 839 1209 877 jam
1224 843 1323 870 totum
1339 840 1477 870 animum
1490 839 1602 879 po'e'toe.
1647 839 1710 870 As-

242 882 312 923 pice
324 885 570 923 magnitudinem
595 888 625 915 et
651 886 844 924 majestatem
861 883 968 914 Curiae
989 884 1149 923 Romame,
1165 885 1195 913 et
1218 882 1312 923 viros,
1335 881 1445 922 quibus
1464 881 1573 912 Gallia
1598 880 1710 913 trium-

862 979 1097 991 eeeeeeeeeeee

245 1042 304 1074 lib.
320 1050 427 1072 xvnr.
442 1051 518 1082 cap.
536 1042 597 1073 ult.
643 1042 805 1082 Ejusdem
823 1046 993 1082 tamquam
1012 1042 1196 1072 Christiani
1212 1041 1366 1072 meminit
1382 1041 1414 1071 in
1432 1041 1516 1071 libro
1533 1042 1713 1072 Retracta-

247 1086 388 1122 tionum,
404 1084 460 1114 ubi
489 1084 576 1114 citat
600 1084 721 1114 librum
747 1084 916 1115 Theodori
943 1086 981 1114 de
1012 1084 1088 1115 Vita
1113 1084 1211 1115 beata.
1259 1083 1402 1123 Gyrald.
1419 1082 1586 1114 Theodori
1604 1081 1712 1114 Praef.

246 1127 352 1157 Praet.
369 1126 496 1157 mentio
513 1132 565 1157 est
591 1127 624 1156 in
652 1127 734 1158 Cod.
755 1127 924 1157 Theodos.
946 1136 978 1165 p.
995 1129 1072 1158 488.
1094 1132 1129 1158 et
1155 1129 1232 1158 489.
1290 1126 1330 1156 In
1348 1126 1475 1156 Moret.
1491 1135 1543 1165 pr.
1559 1125 1713 1165 sequitur

245 1170 299 1200 hic
316 1169 550 1209 Panegyricus
573 1174 649 1210 post
666 1170 933 1209 Epithalamium
952 1169 1095 1199 Honorii
1111 1180 1118 1207 3
1154 1170 1186 1199 in
1203 1170 1331 1200 Moret.
1361 1178 1428 1199 sec.
1454 1172 1530 1207 post
1545 1168 1714 1200 Quartum

246 1212 351 1243 Cous.
380 1212 534 1242 Honorii.
595 1212 757 1243 Rottend.
774 1212 889 1251 habet,
914 1212 1128 1253 Panegyricus
1144 1213 1245 1243 dictus
1262 1212 1420 1243 Theodoro
1438 1210 1576 1242 Consuli.
1630 1210 1713 1240 Vat.

246 1264 297 1295 pr.
315 1254 432 1294 Incipit
447 1256 485 1285 de
504 1255 676 1285 Consulatu
691 1255 806 1285 Manlii
827 1255 990 1286 Theodori.
1022 1256 1054 1285 in
1071 1256 1151 1286 Vat.
1170 1259 1253 1286 tert.
1269 1259 1353 1293 erat,
1370 1253 1464 1285 Liber
1481 1254 1530 1284 Cl.
1546 1252 1715 1283 Claudiani

246 1299 284 1329 de
298 1299 429 1328 secundo
450 1298 556 1328 Mallia*
571 1297 722 1328 Theodori
741 1298 920 1329 Consulatu.
948 1297 1116 1337 Proefatio.
1163 1298 1259 1329 Leid.
1277 1306 1328 1337 pr.
1345 1306 1475 1338 quoque
1491 1295 1644 1334 exhibet,
1660 1295 1716 1325 Lz'-

247 1339 301 1370 ber
315 1341 351 1370 de
363 1342 492 1370 secundo
512 1341 680 1371 Consulatu
698 1340 857 1371 Theodori.
898 1341 931 1371 in
948 1340 1070 1372 Petav.
1088 1351 1140 1381 pr.
1157 1350 1177 1371 a
1193 1350 1237 1371 m.
1255 1350 1308 1380 pr.
1322 1344 1410 1377 erat,
1425 1338 1518 1370 Liber
1533 1339 1570 1369 de
1584 1338 1714 1369 secundo

249 1383 417 1413 Consulatu
429 1383 590 1414 Theodori.
637 1384 790 1422 Prologus
803 1385 844 1413 ad
857 1383 969 1414 librum
984 1387 1156 1423 sequentem
1171 1385 1209 1414 de
1224 1383 1353 1413 secundo
1367 1382 1535 1413 Consulatu
1551 1379 1714 1412 Theodori.

247 1425 325 1456 dein
341 1435 441 1456 manu
459 1426 602 1464 recenti,
629 1426 678 1456 CI.
698 1426 864 1456 Claudiani
880 1427 1035 1465 Prologus
1049 1426 1083 1457 in
1099 1426 1292 1467 panegyrim
1309 1425 1426 1456 Manlii
1446 1424 1597 1456 Theodori
1622 1424 1716 1454 Cons.

246 1467 369 1499 Petav.
387 1478 457 1499 sec.
473 1469 587 1506 habet,
605 1468 722 1509 Incipit
738 1469 955 1509 Panegyricus
969 1469 1071 1500 dictus
1087 1469 1246 1500 Theodoro
1260 1468 1398 1499 Consuli.
1413 1466 1577 1505 Proefatz'O.
1602 1466 1715 1496 Porro

248 1511 282 1541 in
298 1511 441 1542 Schedis
460 1511 637 1550 Gudianus,
659 1511 740 1542 item
760 1512 944 1552 Excerptis
970 1512 1114 1552 schotti,
1139 1511 1266 1551 Vossii,
1294 1515 1330 1542 et
1354 1510 1492 1542 Codicis
1513 1508 1714 1540 Rliemensis

251 1554 344 1584 nulla
361 1559 436 1584 erat
453 1552 630 1585 Praefatio.

291 1599 307 1626 1
320 1596 408 1636 prior
418 1606 478 1636 pro
489 1606 599 1636 precor
609 1596 691 1628 Jun.
704 1606 755 1635 pr.
779 1599 878 1627 tantoe
888 1597 968 1628 Vat.
982 1607 1034 1636 pr.
1059 1597 1194 1636 subjecte
1206 1597 1410 1628 Tholos.—-3
1426 1596 1491 1626 Nec
1504 1604 1573 1625 vero
1586 1597 1615 1625 te
1623 1592 1716 1632 famu

247 1642 333 1668 vetat
351 1638 464 1669 Oxou.
483 1648 551 1669 sec.
588 1642 682 1677 negat
699 1639 822 1669 Petav.
841 1649 908 1669 sec.
942 1642 1027 1670 'cetat
1043 1641 1097 1670 vel
1111 1644 1205 1678 negat
1220 1641 1308 1679 Reg.
1338 1649 1427 1678 quum
1442 1648 1513 1668 vero
1527 1637 1636 1668 celsius
1648 1636 1716 1666 duo

247 1681 343 1711 Vatt.
356 1680 431 1711 Pal.
447 1681 541 1711 Med.
559 1684 671 1720 quart.
705 1691 763 1710 non
781 1691 923 1720 umquam
939 1682 1049 1711 celsius
1068 1683 1193 1712 Mazar.
1221 1681 1342 1718 falsius
1359 1681 1440 1710 Put.
1464 1683 1565 1710 actam
1582 1679 1715 1709 Mazar.

247 1726 369 1753 auctam
389 1722 484 1754 Leid.
502 1733 554 1762 pr.
573 1728 607 1753 et
621 1722 799 1752 duodecim
816 1723 884 1761 alii,
899 1723 982 1753 item
998 1724 1083 1753 Exc.
1096 1723 1194 1754 Laeti.
1218 1726 1325 1753 auctor
1342 1723 1426 1761 Reg.
1444 1731 1488 1751 ιιι.
1501 1731 1551 1761 ρι’.
1573 1722 1670 1751 altam
1682 1725 1717 1751 et

248 1775 293 1796 m.
310 1775 378 1795 sec.
395 1765 529 1796 emend.
574 1767 695 1795 auctam
713 1765 794 1794 Var.
813 1765 879 1795 LL.
897 1765 950 1795 ed.
968 1765 1073 1796 Antv.
1117 1768 1219 1796 actum
1234 1766 1422 1795 velunt-tam
1435 1763 1631 1795 Thuan.'—4
1653 1772 1716 1794 ser-

248 1818 322 1838 rare
341 1808 468 1838 Mazar.
513 1807 687 1837 meminisse
703 1806 798 1836 Med.
817 1816 884 1837 sec.
902 1806 1040 1838 Tholos.
1063 1807 1130 1837 duo
1160 1807 1281 1837 Leidd.
1326 1807 1472 1837 meruisse
1487 1807 1566 1838 Vat.
1584 1815 1653 1837 sec.
1670 1815 1715 1837 m.

247 1860 301 1890 pr.
320 1851 401 1882 Lov.
445 1850 589 1879 minuisse
606 1849 659 1879 vel
675 1849 848 1879 meminisse
873 1847 987 1879 oxon.
1004 1859 1056 1889 pr.
1102 1849 1248 1880 minuisse
1264 1850 1317 1879 vel
1334 1850 1479 1879 meruisse
1496 1849 1644 1888 Reg.—5
1670 1850 1716 1878 At

247 1892 307 1923 tibi
323 1892 418 1923 Med.
436 1902 503 1923 sec.
522 1902 564 1922 m.
580 1902 603 1923 s,
621 1891 734 1922 Oxou.
753 1901 820 1922 sec.
846 1891 910 1921 Aut
926 1891 984 1922 tibi
1001 1892 1082 1924 Jun.
1101 1902 1153 1931 pr.
1182 1892 1252 1922 Non
1267 1891 1326 1922 tibi
1344 1891 1458 1922 Oxou.
1473 1901 1524 1931 pr.
1558 1891 1642 1922 Num
1657 1890 1716 1921 tibi

249 1936 334 1974 Reg.
358 1936 444 1966 Num
459 1935 515 1965 vel
532 1935 616 1965 Num
631 1934 690 1964 tibi
706 1934 787 1964 Pat.
821 1933 983 1965 Heinsius
1001 1935 1088 1964 Num
1103 1934 1200 1974 legit.
1235 1934 1325 1965 rebus
1341 1936 1394 1964 vel
1411 1934 1522 1964 castris
1535 1934 1716 1964 Tuom.-

247 1980 267 2008 7
295 1978 439 2008 Culmina
454 1986 570 2008 omnes
586 1976 696 2007 Codd.
715 1976 876 2007 Heinsius
893 1981 1090 2008 correxerat
1107 1977 1243 2008 Lumina
1270 1987 1312 2008 ex
1336 1976 1420 2007 (lod.
1439 1977 1520 2007 Vet.
1537 1982 1572 2007 et
1588 1975 1715 2016 ascrip-

249 2025 341 2052 serat
365 2021 475 2052 locum
503 2020 572 2052 Cic.
598 2019 749 2060 Philipp.
776 2027 815 2050 11.
840 2021 848 2037 ‘
866 2019 948 2050 Illos
976 2029 1039 2060 ego
1058 2024 1109 2051 tot
1131 2019 1431 2062 praestantissimos
1453 2019 1557 2059 viros,
1582 2018 1716 2050 Lumina

907 2132 1052 2164 NOTAE

248 2205 432 2246 Eutropius
444 2206 499 2236 hie
513 2206 692 2237 damnatus
705 2211 768 2245 est,
779 2206 953 2249 ipsiusque
1007 2211 1099 2238 cant.

249 2266 372 2288 nomen
389 2266 430 2287 ex
447 2255 545 2287 fastis
561 2265 707 2287 erasum.
1051 2261 1069 2288 3
1100 2258 1174 2288 Vero
1186 2257 1309 2297 celsius]
1331 2256 1464 2286 Elatarn
1477 2253 1577 2285 altius
1593 2253 1716 2285 merito

294 2307 464 2347 Prologus]
509 2305 677 2337 Praefatio
694 2317 700 2336 :
731 2304 801 2346 πρὸ,
816 2310 900 2345 ante,
920 2312 954 2338 et
1008 2317 1095 2347 meo,
1113 2308 1166 2338 vel
1184 2307 1306 2338 elatius
1322 2316 1421 2347 quam
1444 2305 1619 2346 quisquam
1635 2314 1716 2336 vere

248 2357 357 2398 λόγος,
371 2367 492 2393 sermo;
514 2356 608 2398 quasi
624 2360 715 2387 esset
742 2356 775 2387 id
800 2357 886 2397 quod
905 2357 954 2388 di-
1008 2358 1123 2390 dicere
1140 2362 1252 2399 queat.
1297 2358 1374 2390 Jam
1391 2361 1505 2388 statua
1526 2354 1716 2387 Claudiano

250 2409 340 2440 citur
356 2414 435 2440 ante
451 2417 639 2438 sermonem
656 2407 801 2448 aliquem
830 2408 955 2448 longio=
1008 2414 1126 2441 erecta
1141 2408 1268 2447 fuerat,
1281 2418 1379 2449 quem
1393 2407 1556 2438 honorem
1572 2406 1628 2436 vix
1644 2414 1718 2437 cre·

249 2469 334 2491 rem.
1008 2459 1164 2498 dibilem,
1179 2463 1214 2490 et
1230 2468 1332 2499 supra
1346 2457 1528 2488 veritatem
1544 2465 1620 2486 esse
1637 2455 1717 2497 poe'-

292 2514 308 2541 1
335 2509 493 2549 sabjecta]
538 2508 703 2549 Exposita
717 2507 850 2548 judicio
866 2508 953 2538 viro·
1009 2514 1044 2540 ta
1060 2508 1182 2539 innuit.

250 2570 324 2592 rum
340 2560 622 2591 doctissimorum.
1051 2562 1071 2589 6
1097 2557 1206 2596 Miles]
1227 2558 1311 2587 Tum
1329 2556 1534 2586 Claudianus
1550 2564 1642 2586 arma
1657 2565 1714 2596 ge-

293 2617 312 2645 2
347 2613 472 2653 Thalia]
498 2614 617 2643 Musa:
647 2611 706 2642 ἀπὸ
731 2611 787 2642 τοῦ
814 2609 954 2648 θάλλειν,
1006 2608 1122 2639 rebat:
1162 2607 1394 2637 militaverunt
1420 2611 1500 2636 ante
1526 2606 1620 2636 illum
1647 2606 1714 2636 Eu-

242 2665 381 2705 florere;
410 2663 500 2705 quod
529 2662 714 2694 Poetarum
754 2661 872 2702 gloria,
901 2660 955 2691 vel
1008 2660 1095 2699 nius,
1112 2657 1270 2696 Ovidius,
1288 2656 1465 2687 Horatius.

251 2715 340 2755 quod
356 2715 473 2746 laudes
490 2714 644 2746 versibus
668 2712 852 2744 Poetarum
867 2720 956 2742 com-
1052 2713 1071 2741 7
1098 2707 1256 2746 Culmz'na]
1281 2708 1477 2746 Senatores,
1494 2705 1552 2747 qui
1568 2710 1646 2737 sunt
1659 2715 1715 2736 co·

252 2766 428 2806 prehensae
464 2765 572 2807 magis
603 2773 643 2796 ac
671 2762 778 2805 magis
808 2761 956 2794 efflores-
1009 2761 1137 2793 lumina
1161 2760 1329 2792 Senatus:
1362 2758 1417 2789 alii
1442 2758 1561 2800 legunt
1585 2756 1714 2797 lumina,
