1842 3193
230 200 286 242 36
773 208 1141 241 PROLEGOMENA

231 304 442 358 cybelem
460 307 642 345 matrem
674 304 861 358 reliquit,
888 309 929 344 ct
961 305 1005 344 in
1038 303 1238 343 Siciliam
1268 300 1418 341 itinere
1441 314 1522 353 per
1540 300 1686 343 ae'rem

229 372 346 413 facto
395 371 573 413 festinat
610 372 674 426 (v.
706 372 982 419 ΙΙΙ-136).
1048 358 1191 410 Morae
1234 368 1376 408 omnis
1414 369 1692 421 impatientia

233 440 479 492 anxiusque
521 440 672 479 matris
713 439 881 478 animus
925 439 1034 477 bene
1078 440 1144 476 est
1183 448 1422 488 expressus
1455 437 1514 483 (v.
1550 435 1695 476 137—

234 504 384 559 145.);
414 520 494 547 nec
516 507 657 546 minus
680 506 781 558 ipsa
805 504 991 544 attonita
1011 502 1354 556 gravissimoque
1377 503 1525 542 dolore
1553 503 1697 542 subito

235 587 464 627 oppressa,
487 575 561 613 ubi
595 573 714 613 aedes
749 575 925 624 apertas
958 574 1001 611 et
1032 570 1252 610 desolatas
1286 569 1451 609 invenit
1470 568 1534 623 (v.
1554 569 1697 609 146—

235 640 369 690 164).
416 641 712 693 Comparatio,
737 652 835 691 quae
856 638 1067 691 sequitur,
1090 637 1237 677 minus
1258 640 1326 677 est
1347 642 1455 690 apta
1474 640 1533 685 (v.
1556 636 1697 676 165—

237 706 375 761 loa).
438 708 599 748 Incidit
618 706 799 747 tandem
832 707 877 746 in
902 705 1133 752 Electram,
1166 704 1318 745 nescio
1355 717 1447 752 cur,
1469 704 1697 753 latentem,
1733 754 1738 758 ἡ

239 788 341 828 quae
368 776 517 815 lectori
550 788 637 815 non
658 787 773 814 nunc
796 773 971 814 demum
992 773 1262 812 innotescere
1282 771 1459 821 debuit3
1492 783 1581 823 qua
1600 771 1700 811 visa

240 840 413 882 Cereris
434 841 562 881 dolor
583 843 627 881 in
655 840 998 881 exclamationes
1018 843 1059 878 et
1077 839 1529 890 interrogatiunculas,
1553 842 1701 877 osten-

239 908 394 949 tationi
414 914 707 961 comparatas,
729 908 916 960 erumpit
936 908 996 956 (v.
1014 903 1294 958 170—192.).
1358 906 1555 958 Longam
1577 904 1703 944 Elec-

240 978 308 1016 tra.
327 977 619 1016 narrationem
640 976 796 1028 incipit
817 987 966 1013 earum
988 987 1143 1023 rerum,
1180 986 1282 1027 quae
1304 973 1464 1025 partim
1503 974 1546 1012 111
1575 984 1704 1013 scena.

235 1042 331 1096 Jam
364 1048 487 1083 erant
530 1046 658 1090 actae,
690 1042 850 1094 partim
881 1039 1060 1091 agendae
1099 1041 1264 1092 potius,
1297 1052 1427 1091 quam
1459 1037 1706 1088 narrandae,

241 1107 444 1157 fuissent,
477 1110 636 1161 partim
669 1121 797 1148 novae
830 1111 947 1155 sunt,
970 1111 1017 1145 ut
1037 1106 1208 1158 Cyanes
1240 1107 1287 1145 in
1316 1105 1480 1145 fontem
1501 1105 1706 1154 mutatio,

243 1173 335 1215 fata
375 1175 588 1223 Sirenum,
623 1186 723 1227 quae
765 1172 876 1213 adeo
915 1172 1109 1212 obscura
1141 1171 1427 1224 proferuntur,
1464 1178 1512 1212 ut
1543 1184 1601 1211 ex
1630 1172 1707 1212 1110

246 1241 424 1295 quidem
464 1241 564 1281 loco
594 1241 673 1281 vix
716 1240 884 1293 possint
915 1239 1096 1291 intelligi
1130 1236 1493 1291 <v.193-253.).
1556 1237 1706 1289 Ceres,

246 1320 348 1361 quae
371 1320 469 1347 cum
490 1306 660 1358 tigride,
683 1307 754 1346 cui
775 1305 908 1346 catuli
929 1308 1030 1344 sunt
1065 1306 1216 1358 erepti,
1240 1309 1530 1359 comparatur,
1562 1304 1711 1360 Olym-

247 1387 355 1428 pum
375 1374 489 1424 adit3
519 1374 750 1427 primoque
769 1372 1039 1414 vehementer
1059 1372 1341 1413 vociferando
1364 1376 1408 1413 et
1429 1373 1711 1426 increpando,

250 1441 402 1482 deinde
442 1441 746 1482 misericordia
780 1441 919 1489 Deos,
956 1441 1156 1493 inprimis
1180 1440 1414 1488 Latonam,
1439 1452 1714 1481 commovere

252 1508 409 1558 studet,
430 1512 492 1558 ut,
520 1509 596 1548 ubi
619 1507 888 1560 Proserpina
924 1508 994 1556 sit,
1032 1506 1236 1546 indicent.
1300 1506 1402 1555 Qua
1431 1519 1477 1546 re
1509 1507 1586 1546 ubi
1605 1507 1715 1548 nihil

250 1575 403 1629 perfici
437 1575 562 1624 vidit,
597 1588 748 1615 omnes
783 1579 923 1615 terras
963 1587 1010 1614 se
1046 1578 1364 1626 pererraturam
1394 1585 1494 1613 esse
1524 1574 1713 1615 minatur

252 1648 313 1692 (v.
324 1642 455 1683 260—
467 1640 602 1695 329..)
633 1641 732 1691 Quo
745 1641 863 1681 facto
876 1641 999 1681 vadit
1019 1640 1074 1680 ad
1085 1640 1279 1690 AEtnam,
1293 1640 1476 1693 ejusque
1490 1641 1586 1692 igne
1602 1640 1715 1681 duas

252 1708 383 1762 pinus
405 1708 584 1748 excisas
605 1707 815 1757 accendit,
830 1708 996 1760 iterque
1015 1706 1271 1747 meditatum
1293 1707 1544 1760 ingreditur.
1597 1706 1715 1747 Haec

255 1775 313 1817 ad
333 1776 433 1825 alia,
450 1776 520 1816 vel
541 1776 753 1827 graviora,
782 1776 918 1817 relata
949 1775 1091 1817 fusius
1120 1779 1311 1815 tractata
1349 1778 1458 1815 sunt.
1519 1774 1716 1828 Reliqua

256 1843 425 1883 desunt.
1527 1856 1531 1860 ·

314 1910 385 1950 Ex
406 1910 487 1951 hac
508 1911 630 1951 brevi
653 1911 858 1951 carminis
875 1912 1012 1953 totius
1029 1910 1320 1964 descriptione
1342 1910 1500 1964 cuique
1516 1911 1598 1950 erit
1618 1923 1718 1963 per-

253 1978 475 2031 spicuum,
497 1979 635 2018 multa
655 1992 770 2028 esse,
789 1992 889 2032 quae
905 1979 961 2020 ad
974 1979 1234 2019 narrationis
1256 1978 1464 2031 perfectae
1483 1980 1614 2030 atque
1637 1977 1716 2017 ab·

258 2045 411 2085 solutae
433 2045 539 2085 sacti
572 2046 802 2099 cujusdam
832 2048 1067 2096 notionem,
1104 2047 1249 2086 animo
1281 2050 1326 2084 et
1352 2049 1497 2084 mente
1535 2057 1722 2097 concep-

259 2113 366 2159 tam,
387 2116 543 2151 exacta
562 2113 815 2165 reprehendi
836 2114 1036 2166 possint,
1058 2126 1144 2154 non
1165 2125 1312 2166 pauca
1333 2112 1448 2152 enim
1469 2111 1581 2152 adeo
1600 2124 1722 2152 man-

259 2188 314 2216 ca
329 2179 444 2224 sunt,
471 2181 521 2214 ut
540 2181 683 2227 putes,
713 2179 917 2229 quaedam
949 2180 995 2217 in
1028 2180 1200 2218 duobus
1222 2178 1376 2230 primis
1405 2177 1529 2217 libris
1546 2178 1723 2219 interci-

262 2241 396 2291 disse,
429 2246 504 2281 aut
534 2241 728 2294 poetam,
761 2247 808 2283 ut
848 2243 940 2283 fieri
981 2244 1106 2293 solet,
1146 2244 1364 2297 quasdam
1387 2247 1551 2284 tantum
1571 2248 1719 2298 partes

261 2309 402 2363 prima
422 2309 567 2348 statim
585 2321 704 2359 cura,
737 2314 868 2362 prout
886 2310 957 2350 vel
976 2310 1022 2349 in
1040 2309 1123 2351 hac
1144 2310 1215 2350 vel
1237 2311 1282 2350 in
1312 2310 1387 2352 illa
1408 2323 1450 2350 re
1473 2323 1589 2363 opus
1611 2311 1723 2352 faci-

260 2376 348 2417 lius
371 2375 632 2425 succederet,
653 2376 904 2429 perfecisse,
927 2382 1092 2418 ceteras
1112 2378 1319 2418 secundis
1341 2379 1458 2418 curis
1477 2378 1722 2431 reliquisse,

264 2444 341 2485 sed
369 2444 438 2484 vel
459 2449 599 2485 morte
620 2445 690 2485 vel
711 2445 811 2485 aliis
831 2446 961 2485 rebus
981 2446 1271 2499 praepeditum
1292 2446 1349 2486 ad
1369 2446 1570 2487 incudem
1599 2454 1725 2487 revo-

264 2522 365 2552 care
383 2524 496 2564 opus
527 2525 614 2552 non
644 2513 854 2565 potuisse.
917 2511 1015 2552 Nec
1038 2512 1274 2566 dispositio
1296 2512 1530 2553 admodum
1551 2513 1725 2565 placet3

266 2579 438 2619 etiamsi
474 2579 520 2619 id
550 2579 657 2620 vitio
679 2580 786 2620 verti
820 2592 907 2620 nou
930 2581 1088 2632 possit,
1124 2580 1242 2633 quod
1269 2584 1514 2634 praecepta,
1544 2592 1645 2633 quae
1666 2592 1727 2620 ex

267 2657 408 2687 rerum
425 2646 573 2686 ordine
589 2650 632 2687 et
653 2646 940 2687 collocatione
957 2646 1012 2686 ab
1027 2646 1224 2686 Homero
1241 2652 1284 2687 et
1305 2647 1493 2700 Virgilio
1514 2645 1725 2696 adhibita,

271 2711 459 2754 deducta
478 2717 591 2765 sunt,
623 2713 891 2755 Claudianus
910 2726 998 2755 non
1018 2714 1077 2756 sit
1096 2717 1287 2755 secutus.
1349 2713 1435 2755 Illa
1454 2713 1571 2755 enim
1591 2712 1728 2755 collo·
