1852 3193
216 204 303 247 316
706 213 780 242 ci..
814 207 1098 241 CLAUDIAM
1136 207 1188 237 x.

222 309 350 361 Quos
369 310 479 351 inter
501 308 701 362 petulans
723 307 815 346 alta
835 304 1004 344 cervice
1019 301 1047 343 J
1051 305 1239 342 uventas

222 377 431 419 Excludit
452 375 633 417 Senium
655 374 770 413 luco.
830 370 994 411 Procul
1015 369 1131 409 atria
1149 368 1280 409 Divae

222 445 478 486 Permutant
498 442 658 489 radios,
681 439 897 493 sylvaque
918 439 1120 478 obstante
1141 437 1376 477 virescunt.

223 511 432 552 Lemnius
453 510 550 549 haec
572 508 703 547 etiam
726 506 909 558 gemmis
931 504 1155 545 exstruxit
1177 508 1223 543 et
1246 515 1366 551 auro,

224 577 489 619 Admiscens
511 580 641 616 artem
661 575 814 628 pretio,
836 574 1119 625 trabibusque
1138 569 1383 623 smaragdis

226 645 475 698 Supposuit
495 656 639 684 caesas
658 641 885 696 hyacinthi
905 654 1015 694 rupe
1038 640 1281 680 columnas.

228 713 409 767 Beryllo
430 712 591 765 paries,
609 715 650 752 et
670 710 843 764 iaspide
859 710 1029 751 lubrica
1049 712 1232 760 surgunt
1636 699 1693 741 90

227 810 302 840 quos
313 801 408 831 Deos
421 799 574 829 Juventus
586 798 746 838 impudens
767 798 844 828 celso
864 797 966 837 capite
982 797 1113 837 eci-pellit
1130 805 1170 826 ex
1182 795 1269 836 sylva
1287 793 1494 824 Senectutem.
1534 788 1694 821 Palatium

229 843 310 874 Deoe
325 843 414 881 longe
437 845 536 872 mutat
551 842 753 881 splendorem,
777 844 805 871 et
828 840 969 880 florescit
986 849 1108 869 nemore
1123 838 1234 869 int-ito.
1264 837 1418 868 Vulcanus
1443 833 1618 865 construxit
1639 831 1695 861 hoc

230 885 326 916 etiam
339 894 382 915 ex
398 884 528 923 gemmis
543 887 573 914 et
587 893 627 913 ex
646 893 734 919 auro,
756 883 943 921 conjungens·
957 882 1158 919 industriam,
1175 885 1204 911 et
1222 880 1349 918 subjecit
1363 878 1503 909 trabibus
1522 872 1699 913 smaragdis

230 928 386 958 columnas
399 927 512 958 recisas
524 936 566 957 ex
582 927 685 965 lapide
702 926 892 966 Hyacinthi.
919 926 1031 956 Murus
1044 934 1086 955 ex
1104 924 1245 964 Beryllo,
1257 926 1288 953 et
1303 922 1411 952 limina
1426 921 1504 951 levia
1521 928 1564 950 ex
1579 916 1699 957 iaspide

1627 364 1685 406 85

847 995 1084 1007 eeeeeeeeeeee

234 1046 270 1074 et
301 1041 412 1073 Colin.
438 1041 539 1072 ventis
556 1041 609 1070 vel
635 1041 747 1079 pennis
763 1039 858 1070 Med.
878 1048 929 1077 pr.
956 1044 991 1069 et
1009 1049 1079 1069 sec.
1095 1038 1189 1069 Leid.
1217 1047 1267 1077 pr.
1292 1037 1357 1067 inc.
1383 1035 1590 1066 Heins.-—84
1617 1033 1700 1068 Quos

233 1086 318 1115 inter
334 1084 401 1113 duo
417 1083 515 1113 Vatt.
532 1083 607 1112 Pal.
624 1082 719 1112 Pric.
736 1081 843 1111 Oisel.
863 1081 1018 1110 Florent.
1036 1081 1130 1111 Med.
1149 1090 1198 1120 pr.
1211 1080 1339 1110 Thuan.
1355 1078 1483 1108 Mazar.
1501 1077 1579 1107 Vat.
1592 1076 1700 1106 Livin.

234 1127 347 1157 lasciva
363 1126 427 1155 alta
443 1125 561 1155 cervice
583 1124 658 1154 Pal.
673 1124 806 1161 juvenca
834 1123 897 1152 ine.
916 1123 1038 1152 Heius.
1054 1123 1185 1160 juventa
1201 1122 1283 1152 Vat.
1300 1130 1366 1150 sec.
1383 1119 1477 1150 Med.
1495 1122 1604 1159 quart.
1620 1118 1701 1148 Lov.

235 1169 302 1198 duo
320 1167 433 1198 Oxou.
451 1167 503 1197 ed.
518 1167 634 1196 Vicet.
660 1167 806 1204 juventas
832 1165 897 1195 (luo
915 1165 1010 1196 vatt.
1029 1164 1134 1196 Oisel.
1152 1166 1304 1195 Florent.
1324 1168 1388 1193 vet.
1406 1162 1493 1202 Gyr.
1511 1160 1603 1191 Med.
1621 1164 1701 1191 tert.

235 1211 358 1241 Petav.
376 1219 444 1241 sec.
460 1208 576 1239 Ambr.
595 1213 675 1239 tert.
695 1218 735 1239 m.
760 1218 810 1248 pr.
828 1209 959 1238 Bonon.
984 1208 1122 1238 Tholos.
1151 1208 1230 1238 Vat.
1254 1206 1360 1237 Livin.
1390 1205 1473 1236 Exc.
1490 1203 1621 1234 Schott.
1639 1203 1704 1232 Lu-

237 1262 332 1284 cens.
359 1262 426 1283 sec.
458 1252 511 1282 ed.
542 1252 656 1282 Parui.
671 1252 820 1289 juventus
845 1250 1104 1291 quatuordecim
1130 1250 1360 1288 alii.J·uventus
1386 1248 1437 1277 vel
1452 1248 1601 1286 juventas
1625 1245 1705 1276 Vat.

237 1298 348 1336 quart.
364 1295 443 1326 Pat.
473 1293 590 1325 Ambr.
616 1296 751 1334 piu—85
776 1294 845 1323 ludo
866 1294 942 1323 Put.
967 1293 1051 1333 Reg.
1069 1293 1192 1324 Petav.
1221 1296 1299 1323 tert.
1322 1292 1389 1322 lutu
1406 1291 1487 1329 Reg.
1513 1299 1556 1320 m.
1573 1298 1624 1329 pr.
1640 1289 1705 1318 luco

232 1339 352 1379 procul.
378 1347 454 1368 cum
477 1335 584 1376 τελείᾳ
610 1337 727 1377 στιγμῇ
771 1337 898 1366 Moret.
927 1339 1081 1367 δρα-86
1103 1338 1283 1376 permutant
1302 1334 1544 1365 Exc.Lucens.
1569 1341 1620 1372 pr.
1635 1340 1706 1371 per-

240 1380 373 1411 mittant
386 1380 466 1410 Vat.
481 1380 588 1420 quint.
605 1379 658 1410 ed.
671 1380 869 1409 vicen—87
883 1379 938 1408 hoc
953 1379 1035 1410 Var.
1047 1379 1114 1409 LL.
1133 1378 1186 1410 ed.
1204 1377 1306 1408 Antv.
1323 1377 1378 1407 hoc
1401 1376 1454 1406 vel
1468 1376 1533 1406 hoec
1547 1374 1641 1405 Med.
1656 1382 1703 1414 pr-

239 1423 392 1454 instruxz't
410 1423 503 1453 Med.
521 1427 600 1452 tert.
630 1422 784 1452 astrinxit
812 1426 882 1451 tres
908 1421 1005 1452 Vatt.
1031 1422 1170 1452 extrusit
1195 1422 1293 1451 Voss.
1321 1419 1496 1450 construxit
1514 1417 1586 1448 Pal.
1613 1416 1708 1446 Prie.

240 1465 336 1496 Med.
354 1475 402 1505 pr.
422 1465 506 1502 Reg.
520 1465 649 1495 Tliuan.
671 1465 797 1495 Mon-et.
815 1466 970 1495 sea—88
983 1464 1181 1503 Coujungens
1202 1464 1328 1494 Moret.
1345 1472 1394 1502 pr.
1409 1459 1618 1500 gravibusque
1637 1462 1708 1489 tres

241 1508 337 1538 Vatt.
361 1508 460 1538 Farn.
480 1508 575 1538 Rott.
600 1506 767 1545 Suum-agdi
785 1506 877 1536 Med.
894 1516 944 1546 pr.
964 1507 1041 1537 Vat.
1066 1508 1175 1547 quint.
1200 1505 1392 1537 PaLOisel.
1421 1502 1618 1542 trabibusque
1629 1502 1710 1532 Vat.

241 1559 292 1589 pr.
308 1550 383 1580 Pal.
399 1550 489 1580 Prie.
507 1549 614 1580 Oisel.
632 1549 724 1579 Med.
743 1558 792 1588 pr.
820 1549 948 1580 Mazar.
976 1549 1092 1580 Ambr.
1109 1559 1176 1580 sec.
1203 1550 1284 1580 Var.
1312 1548 1379 1578 LL.
1405 1546 1459 1576 ed.
1489 1545 1593 1576 Antv.
1614 1543 1710 1574 trabi-

243 1592 353 1631 busque
370 1592 555 1640 Snzaragdz's
573 1601 647 1621 cum
667 1592 778 1631 glossa
793 1592 812 1620 ι’.
827 1601 852 1621 e.
869 1591 1091 1630 smaragdinis
1110 1591 1206 1622 Leid.
1224 1601 1276 1631 pr.
1298 1589 1509 1629 gravibusque
1525 1586 1713 1625 Smaragdis

243 1634 297 1664 vel
323 1635 522 1672 trabibusque
537 1635 698 1672 maragdis
727 1643 786 1672 pro
804 1634 997 1671 maragdinis
1010 1634 1132 1664 Petav.
1157 1643 1206 1673 pr.
1232 1637 1268 1663 et
1284 1642 1350 1662 sec.
1368 1631 1527 1662 Heinsius
1545 1629 1712 1668 ascripse-

244 1680 299 1707 rat
314 1686 409 1717 seqq.
433 1675 588 1706 ‘Similes
612 1675 846 1715 appositiones
875 1676 991 1705 mnltae
1017 1676 1050 1705 in
1088 1675 1244 1706 Historia
1269 1674 1434 1712 Augusta.
1465 1672 1512 1702 sic
1539 1671 1711 1711 Spartian.

244 1719 306 1749 vit.
323 1718 490 1749 Hadrian.
517 1727 596 1757 pag.
621 1721 653 1748 2.
686 1718 741 1748 lin.
766 1720 818 1748 27.
844 1719 1039 1748 adamantem
1067 1727 1222 1756 gemmam
1246 1726 1307 1757 pro
1329 1715 1560 1745 adamantina..
1587 1713 1712 1744 Statuae

249 1762 393 1791 Collossae
409 1770 472 1801 pro
496 1760 655 1790 Colosseis.
673 1770 733 1800 pro
764 1770 830 1799 quo
857 1761 943 1791 male
971 1760 1114 1791 Casaub.
1131 1770 1161 1799 p.
1180 1762 1251 1790 164.
1285 1759 1441 1789 Colosseas
1469 1757 1616 1796 reponit.
1645 1755 1713 1786 vid.

247 1804 389 1852 Salmas.
418 1803 460 1833 ad
478 1803 569 1833 Hist.
598 1802 686 1842 Aug.
704 1812 736 1841 p.
759 1805 810 1832 65.
836 1807 871 1832 et
900 1805 972 1833 196.
995 1803 1082 1833 homo
1100 1801 1287 1842 prostibulas
1303 1802 1393 1831 idem
1418 1800 1558 1830 Salmas.
1583 1808 1615 1838 p.
1641 1800 1714 1829 170.

248 1847 334 1894 miles
355 1847 490 1884 podager
507 1854 567 1884 pro
593 1845 778 1884 podagricus
796 1855 826 1884 p.
850 1847 920 1875 194.
943 1846 1025 1875 ratio
1040 1844 1166 1882 fabrica
1181 1854 1259 1884 pag.
1275 1845 1349 1874 209.
1370 1843 1416 1872 sic
1440 1841 1534 1878 Bnjoe
1549 1851 1637 1880 aquoe
1653 1849 1715 1880 pro

253 1888 382 1926 BaJanis
403 1888 563 1927 Propert.
592 1887 647 1917 lib.
664 1896 687 1917 1.
717 1887 811 1926 Eieg.
837 1895 887 1918 xi.
916 1887 969 1917 Ah
996 1893 1142 1926 pereant
1160 1886 1256 1926 Bajae
1282 1886 1409 1915 crimen
1436 1883 1558 1914 amoris
1586 1881 1715 1924 aqnael'

250 1932 313 1961 ἃς.
336 1930 409 1961 haec
430 1930 591 1960 Heinsius
606 1930 646 1959 ad
678 1929 760 1960 edit.
782 1929 886 1968 Lugd.
906 1931 945 1960 A.
962 1932 1057 1960 1551.
1082 1929 1271 1968 Zmaragdis
1285 1929 1364 1958 Vat.
1388 1929 1524 1966 pr.—S9
1547 1925 1716 1965 Supposuil

250 1974 344 2004 celsas
359 1973 479 2003 Ambr.
507 1976 586 2003 tert.
602 1972 758 2002 columbas
774 1972 849 2002 Pal.
868 1972 962 2002 Med.
981 1982 1031 2012 pr.
1050 1972 1213 2003 Heinsius
1232 1975 1412 2001 notaverat
1439 1969 1619 2008 Supponere
1644 1976 1718 1998 esse

251 2015 392 2046 verbnm
410 2015 662 2054 Mechmxicum,
690 2020 725 2045 et
740 2015 906 2045 citaverat
923 2015 1068 2045 Casaub.
1094 2015 1136 2045 ad
1160 2015 1253 2045 Hist.
1272 2014 1358 2052 Aug.
1378 2023 1410 2051 p.
1429 2014 1502 2042 133.
1519 2020 1585 2040 non
1603 2014 1719 2040 autem

250 2068 467 2102 superponere,
493 2057 699 2099 miraturque
725 2057 759 2087 id
786 2058 950 2088 Salmasio
976 2067 1041 2088 uon
1067 2058 1174 2088 visum
1201 2067 1234 2098 p.
1254 2058 1415 2087 los-90
1448 2054 1567 2086 lubrica
1590 2052 1721 2093 «Iaspide

921 2120 1061 2152 NOTAE

255 2190 324 2221 alto
341 2189 494 2229 perjuria
507 2189 596 2219 ridet
607 2194 790 2228 amantum,
806 2189 961 2229 Etjubet

255 2240 381 2272 AEolios
398 2239 497 2268 irrita
513 2237 603 2269 ferre
633 2239 765 2269 Notos)
812 2239 858 2269 At
883 2249 961 2270 con-

257 2295 312 2322 tra
327 2289 553 2330 Propertius:
579 2291 588 2305 ⁴
604 2289 681 2319 Non
699 2299 832 2328 semper
859 2290 961 2329 placi-

1059 2193 1099 2221 87
1122 2188 1284 2228 Lemnius]
1308 2188 1496 2224 Vulcanus,
1513 2185 1570 2226 qui
1589 2183 1723 2214 habitat

1015 2242 1116 2273 modo
1134 2242 1286 2272 Lemnon
1315 2239 1471 2278 insulam,
1500 2236 1535 2267 in
1551 2235 1637 2266 mari
1666 2235 1721 2266 AE·

1016 2302 1101 2332 gaeo,
1118 2291 1217 2322 modo
1231 2290 1376 2321 AEtnaln.

257 2341 320 2372 dus
337 2340 491 2380 perjuros
506 2339 593 2369 ridet
607 2344 758 2368 amantes
769 2338 934 2378 Jupiter!

302 2394 343 2422 86
367 2389 571 2429 Permittant]
618 2389 751 2419 Palatia
782 2398 885 2418 aurea
921 2388 963 2419 ob

257 2444 389 2475 varium
401 2442 486 2473 lucis
504 2449 736 2480 repercussum
749 2438 860 2469 radios
871 2438 964 2468 iden-

259 2493 368 2525 tidem
385 2497 579 2533 permutare
595 2491 763 2520 videntur.

309 2542 486 2581 Virescunt]
502 2542 612 2572 Etiam
633 2541 741 2570 invita
758 2544 793 2569 et
807 2538 965 2568 obstante

263 2595 435 2635 sylvarum
485 2593 670 2632 opacitate.
724 2590 789 2619 Vei
832 2589 964 2619 Palatia

262 2644 343 2676 hinc
373 2652 466 2680 auro,
496 2641 575 2672 inde
609 2640 794 2679 smaragdis
812 2638 968 2677 nitentia,

264 2694 367 2726 modo
400 2693 513 2724 radios
551 2690 669 2731 flavos,
705 2690 805 2722 modo
840 2689 968 2721 virides

267 2744 443 2786 emittunt,
461 2747 564 2785 atque
578 2745 785 2784 permutant.

1059 2345 1101 2373 88
1126 2341 1335 2381 Trabibusque
1367 2337 1558 2378 smaragdis]
1605 2335 1724 2366 Trabi-

1018 2393 1090 2431 bus,
1107 2402 1181 2432 quae
1199 2395 1278 2421 sunt
1290 2389 1473 2428 smaragdi.
1516 2387 1572 2417 Sic
1593 2383 1723 2416 Statius

1020 2443 1107 2473 dixit
1133 2445 1252 2471 turmas
1275 2440 1393 2470 hostes.-
1432 2437 1573 2468 Persius
1601 2434 1726 2465 Heroas

1019 2501 1134 2522 sensns.
1179 2489 1385 2529 Sinai-agdus
1398 2492 1512 2518 autem
1525 2490 1577 2516 est
1594 2494 1726 2526 gemma

1020 2541 1141 2573 coloris
1159 2540 1285 2570 viridis.

1064 2594 1106 2621 89
1131 2589 1318 2630 Hyacinthi,
1332 2589 1402 2629 δῖα]
1424 2587 1513 2618 Vide
1532 2597 1581 2618 vs.
1600 2589 1675 2618 587.
1690 2590 1728 2617 et

1022 2644 1097 2672 588.
1116 2649 1164 2670 1v.
1183 2640 1284 2670 Cons.
1301 2639 1395 2670 Hon.

1065 2694 1107 2722 90
1130 2690 1274 2731 Beryllo]
1306 2689 1452 2721 Gemma
1480 2686 1663 2720 subviridis
1692 2686 1727 2718 in

1025 2741 1125 2774 India
1139 2740 1313 2782 frequens.
