1857 3177
551 200 602 230 m
635 199 711 230 cn.
743 199 1099 233 CLAUDIANUM.
1496 192 1552 238 ‘19

94 301 163 339 est
201 298 380 352 aliquid,
421 298 541 351 quod
577 300 740 340 mixtas
782 299 960 340 virtutes
998 300 1130 340 habet
1170 305 1215 341 et
1252 301 1480 343 rhetorices
1509 307 1552 346 et

92 365 302 418 poeseos,
327 367 560 418 locumque
583 367 749 406 obtinet
783 368 892 406 inter
915 369 1155 408 orationem
1188 371 1319 420 atque
1347 382 1550 422 carmen;

94 432 222 485 cujus
244 433 351 472 ratio
373 432 557 484 hybrida
577 446 628 473 co
652 438 847 486 tempore
870 439 1033 474 tantun]
1058 440 1232 487 poterat
1256 436 1443 487 placere,
1465 450 1552 488 quo

91 511 244 540 sensus
267 499 433 551 pulchri
458 500 705 552 exquisitus
728 504 771 540 et
792 513 1008 552 perversae
1045 502 1378 553 magnificentiae
1409 502 1554 542 studio

93 571 138 607 et
155 567 447 618 exaggerandi
467 567 667 606 audaciae
689 568 834 608 cessit.
869 569 1106 608 Probabile
1126 581 1305 621 quoque
1323 574 1403 617 est,
1421 568 1555 609 Clau-

91 633 271 674 dianum
289 646 373 672 non
393 635 524 674 animi
544 635 762 674 voluntate
782 635 1004 687 etjudicio
1024 636 1134 676 hanc
1155 636 1337 675 formam
1353 635 1554 688 elegisse,

92 701 171 741 sed
186 701 502 740 consuetudine
524 706 565 741 et
586 713 705 740 more
728 702 861 741 semel
880 707 1058 753 recepto
1090 702 1146 742 ad
1174 702 1291 741 illam
1319 714 1413 741 esse
1435 702 1555 742 dela-

91 771 198 808 tum.
250 766 368 806 Inter
389 780 539 806 omnes
560 767 731 819 poetas,
756 769 831 820 qui
854 768 1062 808 laudandi
1083 772 1231 822 partes
1254 774 1554 822 susceperunt,

92 834 280 886 primum
303 846 408 873 sane
436 834 582 874 locum
604 835 770 877 obtinet
798 835 1030 885 Horutius3
1052 848 1189 890 neque
1210 836 1298 876 fere
1320 836 1553 889 quisquam

90 906 172 951 est,
195 903 268 955 qui
302 903 472 956 majOre
502 916 600 944 cum
623 903 828 955 dignitate
850 904 966 943 iilam
990 904 1258 956 provinciam
1283 904 1552 944 sustinuerit.

91 968 179 1010 Sed
200 971 404 1019 rationes,
427 971 586 1024 quibus
606 983 714 1011 usus
742 974 808 1010 cst
841 971 1016 1021 ingenio
1038 970 1315 1010 limatissimo
1337 974 1381 1010 et
1395 970 1554 1023 judicii

90 1049 331 1090 sensusque
363 1038 605 1079 subtilitate
633 1051 689 1078 ex
725 1038 1040 1078 consuetudine
1070 1037 1257 1078 virorum
1278 1037 1554 1089 elegantissi-

90 1116 259 1145 morum
299 1109 525 1145 contracta
564 1105 852 1156 dignissimi&
889 1104 1007 1144 haud
1038 1105 1131 1144 scio
1163 1117 1218 1143 an
1250 1104 1386 1157 lyrico
1409 1106 1555 1155 generi

91 1172 182 1212 sint
201 1173 408 1225 propriae,
441 1176 569 1224 atque
596 1172 866 1224 temporibus
901 1176 944 1211 et
978 1171 1202 1219 institutis,
1236 1172 1391 1223 quibus
1424 1171 1554 1211 Clau-

91 1238 220 1279 diano
241 1238 549 1289 indulgendum
570 1239 665 1285 fuit,
687 1238 983 1278 alienissimae.
1036 1237 1212 1286 Quotus
1234 1238 1348 1276 enim
1368 1238 1553 1289 quisque

70 1309 191 1345 -tunc
213 1305 290 1344 illa
309 1305 617 1351 blandimenta,
641 1302 696 1343 ad
725 1315 826 1355 quae
860 1303 1147 1355 percipienda
1174 1305 1218 1342 et
1246 1306 1397 1343 teretes
1428 1315 1554 1343 aures

91 1375 134 1413 et
169 1384 325 1411 sensus
357 1371 473 1411 omni
508 1370 776 1410 humanitate
805 1371 985 1423 expoliti
1018 1370 1357 1423 requirebantur,
1383 1374 1555 1422 poterat

89 1438 341 1491 intelligere,
371 1438 723 1491 quotusquisque
761 1438 843 1477 sibi
876 1437 1154 1490 persuadere,
1189 1437 1353 1489 saepius
1385 1437 1428 1476 in
1468 1449 1555 1477 una

90 1508 315 1555 sententia,
333 1507 375 1546 in
396 1507 543 1554 unico,
562 1519 702 1559 prope
723 1505 925 1555 dixerim,
939 1506 1087 1554 verbo,
1107 1505 1318 1559 majorem
1340 1504 1553 1545 laudandi

89 1573 180 1616 vim
199 1574 362 1623 inesse,
385 1587 518 1627 quam
539 1574 584 1613 in
606 1574 801 1614 oratione
830 1573 1098 1626 panegyrica
1127 1571 1195 1613 vel
1223 1572 1551 1612 verbosissima.

66 1669 69 1673 -
91 1641 276 1682 Etiamsi
296 1642 422 1694 igitur
440 1640 727 1691 Claudianus,
750 1642 788 1681 si
806 1654 903 1681 eum
922 1642 976 1681 ad
999 1641 1089 1690 illa,
1110 1653 1209 1693 quae
1232 1652 1300 1679 ars
1318 1638 1553 1689 desiderat,

90 1720 283 1757 revoces,
305 1710 452 1750 minus
480 1711 653 1763 probari
682 1709 849 1762 possit3
881 1713 1027 1749 tamen
1048 1707 1279 1748 excusatio
1302 1706 1365 1746 illi
1387 1709 1451 1746 est
1474 1719 1553 1759 pa-

89 1779 195 1824 rata,
218 1777 257 1817 si
277 1790 439 1817 morem
463 1782 505 1817 et
529 1776 905 1825 consuetudinem,
935 1776 1007 1815 cui
1037 1778 1129 1815 erat
1158 1773 1382 1821 litandum,
1406 1785 1552 1812 aures-

90 1855 175 1896 que
203 1845 384 1884 obtusas
412 1848 455 1884 et
482 1848 733 1897 corruptum
754 1844 900 1884 aetatis
922 1844 1016 1897 ejus
1030 1842 1259 1896 judicium,
1281 1840 1442 1893 quibus
1461 1843 1554 1879 erat

88 1909 368 1960 placendum,
399 1912 520 1964 apud
541 1913 732 1952 animum
754 1915 944 1963 reputes.
1005 1909 1341 1961 Progrediamur
1366 1907 1423 1947 ad
1446 1907 1553 1947 illud
1575 1946 1578 1950 ,

91 1978 332 2017 carminum
353 1991 499 2030 genus,
518 1978 635 2030 quod
658 1977 853 2017 secundo
874 1977 973 2016 1000
994 1976 1238 2028 posuimus.
1550 1977 1552 1979 ’

151 2043 306 2097 Hujus
341 2045 509 2095 generis
541 2045 652 2083 ratio
676 2043 835 2084 eadem
857 2047 924 2082 est
960 2055 1060 2081 cum
1091 2041 1239 2094 priori,
1276 2039 1454 2079 materia
1486 2038 1551 2078 di-

89 2123 234 2152 versa.
268 2110 322 2150 In
343 2111 420 2149 illo
443 2110 669 2158 laudandi,
686 2111 733 2149 in
752 2109 838 2149 hoe
862 2108 1138 2160 vituperandi
1160 2110 1307 2159 partes
1332 2107 1519 2147 sustinet
1538 2119 1548 2160 3

69 2207 71 2211 ι
91 2184 240 2231 atque,
266 2178 304 2216 si
326 2182 560 2228 utrumque
583 2188 834 2228 compares,
859 2175 1059 2213 invenias
1082 2173 1205 2213 illum
1228 2174 1330 2225 plus
1352 2173 1549 2213 valuisse

89 2246 137 2286 in
155 2245 241 2285 hoc
264 2257 398 2297 quam
422 2244 467 2283 in
488 2243 585 2283 illo.
648 2242 829 2283 Scilicet
850 2241 892 2281 iu
915 2240 1122 2280 hostibus
1143 2240 1337 2280 Honorii
1369 2243 1412 2280 et
1430 2240 1552 2281 Stili-

72 2312 243 2353 -chonis
270 2310 505 2359 laedendis,
543 2309 756 2362 quicquid
778 2308 824 2348 in
846 2301 943 2347 cuni
967 2308 1094 2347 tinem
1126 2307 1232 2347 utile
1267 2310 1461 2360 putaret,
1494 2320 1548 2347 eo

68 2403 71 2406 ⁴
93 2385 265 2434 poterat
285 2381 465 2432 impune
487 2379 567 2426 uti,
588 2390 685 2417 cum
710 2377 856 2429 sciret,
880 2388 934 2415 ne
967 2379 1163 2414 monstra
1184 2374 1361 2426 quidem
1384 2374 1551 2415 inferna

93 2460 339 2501 quenquam
361 2459 460 2486 esse
482 2443 732 2494 ofl'ensura3
766 2456 868 2484 nam
890 2443 1034 2483 malos
1066 2442 1215 2495 genios
1238 2454 1352 2489 esse,
1376 2453 1548 2494 eosque

94 2526 144 2554 se
163 2516 294 2555 rebus
316 2514 519 2554 humanis
540 2514 788 2553 immiscere
807 2512 1106 2564 mortalesque
1122 2512 1165 2550 in
1181 2509 1379 2549 fraudem
1402 2520 1548 2560 agere,

92 2581 166 2622 vel
185 2581 448 2623 Christianae
472 2582 575 2622 fidei
597 2580 858 2622 doctoribus
877 2584 981 2620 tuno
999 2583 1094 2619 erat
1112 2589 1391 2630 persuasum.
1452 2574 1549 2614 Eti-

95 2659 167 2687 am
181 2648 374 2702 fingendi
395 2655 443 2690 et
458 2648 823 2690 comminiscendi
845 2660 1035 2700 quaeque
1058 2646 1196 2686 libera
1216 2647 1311 2683 erat
1330 2645 1548 2695 potestas.

93 2713 152 2754 -In
172 2716 309 2768 priori
326 2729 498 2769 genere,
512 2717 570 2758 ad
589 2729 755 2757 meram
776 2716 1115 2756 ostentationem
1137 2715 1412 2764 comparato,
1427 2708 1550 2749 nulla
