1857 3177
577 225 639 254 DE
673 225 740 255 iv.
772 224 912 256 cous.
945 225 1132 257 nouon.
1491 221 1575 263 261

111 317 342 373 Ancipites
362 319 548 360 habeant
569 333 704 370 arces,
733 321 979 375 trepidique
998 322 1240 363 minentur:

112 387 181 427 Tu
204 388 344 428 civem
367 392 623 441 patremque
645 401 787 439 geras.
845 389 915 429 Tu
933 389 1108 430 consule
1129 390 1314 440 eunom,

114 454 220 495 Non
242 455 344 495 tibi:
376 468 453 494 nce
475 459 547 495 tua
571 462 608 495 te
633 460 848 504 moveant,
870 456 948 495 sed
973 457 1151 509 publica
1171 460 1288 498 vota.
1492 458 1577 499 295

114 521 167 562 In
189 535 414 562 commune.
429 522 560 576 jubes
583 524 618 563 si
643 523 762 576 qnid,
785 536 995 564 censesve
1016 525 1262 575 tenendum,

114 587 434 643 Primusjussa
454 592 550 631 subi
569 605 577 632 ε
612 596 714 632 tunc
738 593 1038 632 observantior
1059 594 1174 646 aequi

114 656 152 697 F
156 657 189 698 it
210 658 415 710 popquS,
438 672 516 698 nee
538 659 647 699 serre
668 662 810 711 negat,
833 671 931 698 cum
953 659 1110 700 viderit
1131 660 1282 714 ipsum

113 723 351 765 Auctorem
372 738 520 778 parere
543 726 642 766 sihi.
703 724 993 778 Componitur
1015 727 1135 767 orbis

114 790 253 844 Regis
275 792 332 833 ad
350 794 626 845 exemplum:
659 796 738 834 n'ec
762 794 826 833 sic
847 792 1069 834 inflectere
1088 807 1246 836 sensus
1495 796 1580 837 300

110 943 307 975 minitentur.
357 945 401 975 Τιι
418 954 498 975 vero
513 956 590 985 agas
602 947 697 978 cii-em
713 950 743 978 et
757 952 929 988 paren—tem.
977 949 1022 979 Tit
1035 949 1162 988 provide
1178 948 1329 988 omnibus,
1342 959 1401 980 non
1414 948 1483 980 tibi.
1509 949 1582 980 Non

111 986 281 1018 desideria
297 991 351 1018 tua
366 991 499 1027 tangant
516 993 558 1027 te,
574 992 626 1020 sed
641 991 794 1022 desideria
817 992 934 1031 populi.
982 992 1020 1022 St
1047 993 1166 1031 aliqum
1192 992 1327 1032 imperas
1345 1003 1404 1033 pro
1432 993 1510 1033 Rep.
1527 995 1583 1023 aut

112 1029 239 1070 aliquid
257 1030 383 1069 judicas
408 1032 641 1069 observandum,
668 1038 704 1064 tn
728 1035 817 1073 prior
832 1044 980 1073 exequere
996 1035 1127 1074 imperia
1151 1039 1220 1065 tna.
1271 1036 1301 1065 Τ
1299 1045 1357 1065 unc
1382 1037 1511 1076 populiis
1536 1038 1582 1065 est

109 1073 287 1112 religiosior
311 1078 427 1104 custos
441 1074 590 1114 justitioe,
613 1086 708 1115 neque
730 1081 852 1107 recusat
877 1078 1098 1116 obtemperare,
1113 1087 1181 1107 cum
1201 1077 1459 1109 ‹intinniit-erterit
1481 1079 1583 1118 ipsum

110 1115 319 1155 legislatorem
333 1116 454 1147 obedire
467 1118 534 1148 suis
550 1118 694 1157 legibus.
725 1120 864 1150 Mundus
880 1120 1002 1159 regitur
1012 1121 1052 1150 ad
1069 1119 1277 1151 imitationem
1291 1121 1471 1162 Principis;
1486 1131 1582 1161 neque

733 1214 968 1226 eeeeeeeeeeee

113 1287 201 1314 rent.
231 1283 371 1324 fultique
387 1285 439 1314 vel
452 1285 591 1325 septique
607 1285 734 1316 Moret.
751 1287 909 1325 lin-293
934 1285 1097 1324 Ancipites
1111 1296 1197 1316 arces
1213 1286 1336 1326 probat
1354 1285 1530 1324 Heinsius,
1542 1289 1583 1316 ut

112 1326 168 1357 lib.
185 1335 209 1357 1.
224 1327 256 1356 in
280 1336 329 1366 pr.
348 1327 448 1357 Cous.
476 1328 606 1358 Stilieb.
636 1330 706 1358 1-12.
728 1328 737 1343 ‘'
758 1327 940 1367 Ancipites
964 1336 1075 1357 rernm
1100 1329 1231 1359 ruituro
1259 1329 1405 1358 cuimine
1433 1329 1548 1367 lapsus
1563 1327 1583 1366 ;'

113 1369 171 1409 qui
188 1368 293 1400 etiam
317 1369 503 1409 Pracipites
519 1371 733 1410 conjecerat:
761 1374 797 1400 ut
814 1370 919 1400 Ovid.
944 1370 1030 1401 Met.
1054 1379 1078 1401 1.
1094 1373 1146 1401 97.
1169 1372 1178 1388 ‘
1197 1370 1354 1400 Nondum
1384 1370 1582 1410 praecipites

113 1411 297 1452 cingebant
313 1412 441 1452 oppida
455 1411 578 1443 fossan'
602 1416 685 1443 artes
700 1412 793 1443 Med.
805 1422 871 1444 sec.
887 1413 968 1445 Juu.
983 1423 1032 1453 pr.
1049 1422 1091 1444 m.
1104 1422 1170 1444 sec.
1185 1413 1237 1444 ed.
1250 1413 1363 1444 Vicet.
1377 1419 1412 1444 et
1423 1414 1502 1444 var.
1518 1413 1586 1445 LL.

113 1463 132 1484 e
149 1463 256 1495 marg.
271 1454 386 1486 Parin.
424 1465 510 1486 arces
527 1456 611 1487 Exc.
629 1456 772 1486 anens.
791 1465 858 1486 sec.
896 1465 986 1486 aures
1000 1456 1125 1487 Moret.
1147 1466 1214 1488 sec.
1234 1456 1349 1487 Ambr.
1367 1466 1416 1496 pr.
1435 1466 1475 1487 m.
1491 1466 1583 1496 pr.—

112 1499 175 1529 294
189 1507 282 1536 geras
298 1498 377 1528 Put.
391 1498 483 1535 seras
498 1499 590 1529 Prie.
605 1504 640 1529 et
654 1499 738 1530 Exe.
754 1499 959 1529 Voss—295
980 1499 1050 1529 Non
1062 1498 1121 1529 tibi
1134 1499 1255 1539 viginti
1269 1499 1336 1530 dno
1355 1499 1488 1540 scripti,
1500 1500 1584 1530 Exc-

114 1541 261 1571 Lneens.
275 1550 342 1572 sec.
358 1540 435 1572 Ald.
449 1547 482 1571 et
498 1542 578 1573 Var.
591 1542 658 1573 LL.
675 1551 692 1572 e
704 1551 809 1582 marg.
825 1541 940 1573 Parin.
961 1541 1025 1572 Nec
1039 1542 1098 1572 tibi
1114 1541 1199 1582 Reg.
1212 1552 1289 1573 mox
1307 1552 1364 1573 non
1377 1546 1431 1572 tua
1443 1547 1476 1572 te
1490 1541 1583 1573 Prie.

114 1584 207 1615 Med.
220 1588 332 1624 quart.
347 1584 497 1615 Florent.
511 1584 592 1616 Put.
609 1585 735 1615 Mazar.
758 1595 796 1615 ne
806 1588 860 1615 tua
874 1584 967 1615 Med.
980 1589 1058 1616 tert.
1079 1584 1281 1625 public-asum
1295 1585 1374 1616 Pnt.
1389 1585 1482 1623 sucta
1494 1584 1583 1616 Prie.

111 1630 186 1657 nota
203 1636 264 1666 pro
281 1630 352 1657 vota
366 1627 446 1658 Var.
474 1628 538 1659 LL.
552 1628 606 1658 ed.
622 1628 836 1659 Arum—296
862 1628 901 1658 In
913 1627 1166 1665 communejubes
1184 1629 1268 1659 Exc.
1286 1628 1413 1659 Schott.
1428 1628 1483 1658 nbi
1498 1627 1586 1658 Gro-

114 1669 233 1700 novius
249 1669 472 1709 ascripserat,
498 1671 565 1702 vid.
592 1671 657 1701 Dio
675 1671 733 1702 lib.
752 1679 864 1711 L11.p.
882 1673 955 1701 559.
971 1671 1099 1703 Justin.
1127 1680 1184 1703 111.
1209 1674 1239 1702 2.
1272 1680 1374 1702 censes
1398 1671 1426 1701 si
1453 1670 1586 1711 quidque

114 1712 214 1743 Med.
232 1716 312 1743 tert.
350 1713 378 1743 si
394 1714 469 1753 quid
486 1724 646 1754 censesque
663 1714 743 1745 Vat.
761 1718 840 1745 tert.
858 1714 956 1745 Farn.
974 1714 1069 1745 Rott.
1099 1713 1203 1746 Oisel.
1241 1724 1379 1745 censesve
1408 1714 1492 1753 Reg.
1518 1714 1586 1744 dno

113 1755 211 1786 Med.
228 1755 351 1787 Petav.
369 1765 421 1796 pr.
439 1756 537 1787 ambo
555 1758 682 1788 Mor-et.
699 1756 793 1787 Leid.
811 1766 862 1797 pr.
882 1756 949 1787 duo
966 1757 1080 1788 Oxou.
1105 1758 1254 1788 tuendum
1268 1757 1386 1788 Ambr.
1403 1761 1485 1787 tert.
1500 1757 1588 1787 Exe.

115 1797 258 1830 Gevart.
289 1798 380 1829 unde
404 1799 527 1830 Heins-
552 1800 644 1840 conj.
669 1810 809 1831 censesve
827 1799 1119 1838 jubendnnz.--297
1143 1801 1239 1830 Jussoe
1263 1800 1332 1830 subt
1354 1800 1475 1840 primus
1502 1799 1582 1830 Put.

112 1841 173 1871 sibi
190 1842 267 1874 Vat.
280 1846 360 1873 tert.
392 1842 460 1873 subi
477 1843 529 1872 vel
552 1844 637 1882 sequi
666 1843 750 1881 Reg.
788 1842 834 1873 sic
858 1842 1069 1873 observantior
1095 1842 1174 1872 Par.
1197 1843 1275 1873 Var.
1302 1843 1369 1872 LL.
1401 1842 1455 1872 ed.
1482 1841 1587 1872 Antv.

113 1894 182 1915 cum
207 1885 382 1915 servanttor
406 1885 501 1916 Med.
530 1889 641 1926 (μιιιι-ῐ.
658 1885 749 1915 unde
774 1885 895 1915 Heius.
924 1885 1007 1924 legit
1033 1885 1380 1915 conseri-antior.—298
1404 1887 1497 1923 negat
1516 1883 1582 1914 duo

114 1927 195 1958 Vat.
212 1928 379 1968 vet.G)·r.
396 1928 492 1959 Med.
511 1932 590 1959 tert.
609 1928 694 1968 Reg.
708 1928 836 1958 ’[Ὶιιιῐιιι.
855 1928 986 1958 Bonon.
1005 1927 1084 1958 Pat.
1104 1926 1223 1958 Ambr.
1242 1932 1277 1957 et
1296 1928 1414 1958 Petav.
1433 1936 1484 1966 pr.
1502 1926 1587 1957 Exe.

115 1969 263 2001 Lucens.
293 1979 362 2001 sec.
393 1970 518 2002 Sched.
550 1971 640 2001 Gud.
686 1974 772 2001 vetat
801 1970 1058 2011 quatuordecim
1086 1969 1156 2000 alii.
1186 1973 1276 2000 -retat
1304 1970 1356 2000 vel
1381 1972 1476 2007 negat
1502 1969 1586 1999 Lov.

117 2012 231 2042 Oxon.
248 2015 423 2044 see—⁶299
446 2015 596 2044 Autorem
612 2014 695 2044 Exc.
713 2014 857 2044 anens.
877 2022 929 2052 pr.
965 2013 1110 2043 Actor-em
1126 2012 1207 2042 Vat.
1227 2016 1305 2043 tert.
1331 2012 1403 2042 Pal.
1423 2010 1517 2041 Med.
1533 2019 1584 2050 pr.

116 2054 239 2085 Petav.
257 2064 326 2087 sec.
343 2055 440 2086 Leid.
457 2057 570 2086 Vicet.
587 2055 666 2086 Ald.
684 2056 765 2086 Var.
783 2056 851 2086 LL.
876 2065 894 2086 e
923 2064 1028 2094 marg.
1056 2054 1171 2085 Parm.
1208 2065 1277 2085 cnm
1300 2054 1428 2095 ponitur
1455 2054 1583 2084 Tlruan.

117 2096 238 2129 Petav.
265 2101 445 2130 scm—300
468 2108 522 2130 uec
548 2102 670 2130 tantum
695 2098 775 2129 Vat.
805 2107 872 2129 sec.
909 2101 1031 2128 tantum
1054 2100 1174 2128 nectere
1202 2098 1277 2129 Pal.
1313 2099 1435 2128 tantum
1456 2096 1588 2137 flectere

783 2232 924 2265 NOTAE

118 2340 279 2382 eripiant.
324 2339 379 2372 Sic
407 2349 504 2372 enses
529 2344 668 2382 paratos
697 2341 828 2374 habent
882 2350 970 2381 vem,
982 2344 1021 2372 ut
1036 2343 1182 2382 patrem.
1229 2337 1443 2378 Xenophon:
1461 2336 1589 2377 ’Ἀρχων

118 2393 152 2423 in
168 2392 295 2432 hosteS‚
312 2401 444 2424 venena
459 2392 492 2423 in
504 2394 718 2434 semetipsos.
881 2391 999 2432 ἀγαθὸς
1021 2390 1108 2422 οὐδὲν
1139 2387 1273 2429 διαφέρει
1304 2386 1420 2427 πατρὸς
1443 2387 1586 2426 ἀγαθοῦε

161 2446 223 2475 293
246 2443 423 2485 Ancipites]
445 2443 486 2475 Id
504 2448 569 2484 est,
586 2454 681 2476 arces
697 2443 827 2484 aneipi-
880 2443 991 2474 Bonus
1002 2442 1146 2483 princeps
1160 2450 1218 2470 non
1234 2437 1343 2480 differt
1359 2448 1379 2468 α
1394 2437 1469 2468 bono
1483 2441 1584 2478 patre.

120 2499 182 2535 tes,
198 2499 404 2536 praeruptas,
424 2495 522 2535 altas,
536 2495 570 2526 in
585 2505 668 2537 quas
686 2495 826 2527 descen·
882 2495 1012 2526 Contra
1029 2491 1203 2524 sentiebat
1220 2491 1346 2528 Caesar,
1375 2488 1418 2520 de
1439 2498 1505 2530 quo
1522 2488 1587 2519 Lu-

120 2547 198 2577 dere
212 2546 286 2588 quis
306 2556 373 2577 non
391 2545 492 2578 facile
509 2552 624 2588 queat,
640 2547 702 2578 nisi
718 2548 752 2578 in
768 2557 826 2589 pe·
882 2555 1004 2576 canus:
1040 2545 1049 2561 ‘
1069 2544 1238 2574 Concessa
1256 2539 1365 2581 pudet
1381 2539 1429 2571 ire
1446 2540 1513 2580 via,
1540 2539 1586 2570 ci-

120 2597 262 2628 riculum
293 2597 383 2628 haud
414 2597 553 2629 dubium
584 2607 620 2629 se
654 2597 826 2629 adducere
883 2606 1025 2639 vemque
1042 2595 1166 2627 fateri!

121 2645 216 2677 velit.
261 2647 430 2680 Ovidius:
455 2650 463 2664 ‘
479 2648 534 2679 Ab
549 2649 691 2690 ancipiti
708 2648 826 2690 delap-
928 2649 1058 2679 Consule
1087 2644 1220 2685 cum-tis]
1268 2643 1460 2684 Imperator
1498 2642 1587 2674 enim

123 2706 179 2727 sus
195 2697 348 2729 acumine
365 2699 487 2730 montis
502 2699 521 2730 :’
547 2699 581 2730 id
598 2704 662 2741 est,
678 2699 826 2740 excelso,
883 2700 1034 2740 eligitur,
1057 2708 1122 2729 non
1150 2701 1187 2727 ut
1215 2695 1288 2735 sibi,
1313 2693 1372 2725 sed
1397 2698 1435 2725 ut
1461 2693 1587 2725 ceteris

124 2752 312 2787 praerupto.
884 2750 1075 2793 provideat,
1105 2749 1213 2789 iisque
1250 2756 1369 2790 pacem
1406 2745 1521 2787 pariat
1551 2748 1589 2776 et

166 2799 229 2829 294
256 2798 302 2829 Tu
316 2798 428 2840 civem]
450 2800 506 2832 Tu
532 2804 566 2832 te
594 2810 706 2843 geras,
731 2805 769 2833 ut
785 2800 830 2833 ci·
883 2801 1181 2843 tranquillitatem.
