1852 3193
192 208 279 250 424
650 215 725 246 cl..
757 210 1041 245 cLAumANi
1075 209 1206 241 xvii.

195 311 384 361 Moenia,
407 323 506 364 quae
524 307 720 350 famulus
737 303 961 358 quondam
981 303 1140 346 ditavit
1161 303 1420 360 Hydaspes.

192 380 424 432 Tantaque
446 375 694 417 commissae
714 373 930 414 revocasti
951 373 1112 426 gaudia
1133 373 1251 426 genti
1598 376 1654 418 30

195 447 380 488 Mitibus
403 444 605 492 arbitriis,
629 445 842 495 quantum
863 441 1060 482 bellante
1083 440 1297 494 Philippo

195 514 380 561 Floruit,
404 516 480 552 aut
500 510 610 563 nigri
629 509 787 551 cecidit
808 522 909 550 cum
930 510 1048 562 regia
1069 508 1192 550 Pori.
1242 501 1245 504 ’

194 580 281 621 Sed
302 593 388 620 non
410 579 588 620 ulterius
603 581 645 619 te
664 577 858 631 praebuit
877 576 1062 617 urbibus
1083 577 1213 618 aula:

194 647 357 688 Maluit
377 660 476 687 esse
497 659 636 686 suum.
697 644 843 686 Terris
864 643 1009 685 edicta
1030 644 1225 694 daturus,

194 713 487 768 Supplicibus
508 725 737 766 responsa,
758 712 901 754 venis,
963 709 1155 752 oracula
1176 711 1314 763 Regis
1601 712 1658 753 35

193 781 387 835 Eloquio
406 794 581 822 crevere
601 784 699 821 tuo:
730 793 813 821 nec
835 779 1013 832 dignius
1035 791 1225 833 unquam

194 848 411 903 Majestas
432 848 629 889 meminit
649 861 747 889 sese
769 848 972 889 Romana
990 848 1196 888 locutam.

193 916 313 957 Hinc
334 929 474 956 sacrae
490 915 749 956 mandantur
769 928 896 968 opes,
914 916 1123 966 orbisque
1146 915 1313 956 tributa

193 983 430 1033 Possessi3
463 981 674 1034 quicquid
696 981 843 1022 fluviis
861 982 1074 1022 evolvitur
1095 982 1191 1021 auri
1209 995 1218 1022 :

194 1048 423 1102 Quicquid
442 1048 542 1088 luce
562 1048 721 1101 procul
740 1061 879 1089 venas
896 1048 1050 1088 rimata
1071 1059 1286 1101 sequaces
1602 1050 1660 1091 40

193 1177 362 1219 Hydaspes
372 1177 517 1210 subactus
532 1179 742 1228 locupletavit.
793 1180 835 1210 Et
861 1179 922 1211 leni
937 1180 1036 1220 imper
1039 1179 1067 1210 io
1082 1178 1237 1210 renovasti
1252 1181 1374 1210 tantam
1394 1178 1538 1210 laetitiam
1549 1180 1663 1230 populo

191 1222 311 1253 credito
326 1221 401 1261 tibi,
414 1225 562 1263 quantum
587 1223 637 1262 vi
624 1223 691 1253 cruit
717 1222 867 1263 Philippo
895 1222 1111 1262 belligerante,
1137 1225 1193 1253 aut
1215 1232 1283 1253 cum
1304 1222 1467 1253 Palatium
1482 1222 1561 1253 Pori
1576 1223 1664 1262 nigri

190 1274 329 1296 eversum
344 1268 401 1296 est.
445 1264 507 1296 Sed
519 1265 624 1305 Regia
619 1245 866 1306 &Imperatoris
880 1275 941 1296 non
956 1265 1162 1296 commodavit
1177 1267 1208 1295 te
1228 1264 1346 1296 diutius
1360 1263 1485 1295 urbibus
1499 1266 1663 1298 externis.

191 1307 312 1339 Maluit
330 1312 364 1339 te
379 1317 442 1339 esse
456 1318 556 1340 suum.
599 1308 740 1340 Advenis
752 1309 1012 1349 pronuntiaturus
1037 1308 1140 1339 edicta
1154 1307 1234 1347 orbi,
1255 1311 1286 1338 et
1311 1316 1454 1348 responsa
1467 1307 1663 1347 rogantibus

192 1350 363 1390 Rescripta
379 1351 585 1391 Imperatoris
599 1354 692 1382 aucta
718 1354 792 1383 sunt
820 1352 991 1392 eloquentia
1010 1354 1082 1382 tua.-
1105 1360 1201 1391 neque
1226 1350 1373 1388 majestas
1390 1350 1600 1390 Imperatoria
1613 1361 1663 1383 re-

191 1394 340 1424 cordatur
352 1403 384 1424 se
395 1403 530 1433 unquam
545 1396 696 1425 elocutam
712 1404 774 1426 esse
787 1394 990 1434 splendidius.
1037 1393 1124 1424 Hinc
1134 1403 1216 1433 gaza
1230 1395 1354 1424 sacrata
1368 1393 1574 1424 committitur
1589 1393 1664 1434 tibi,

193 1439 224 1467 et
240 1436 407 1476 vectigalia
433 1436 539 1467 mundi
558 1437 711 1477 possessi:
744 1437 890 1478 quicquid
915 1437 985 1467 auri
1010 1436 1144 1477 affertur
1159 1445 1201 1467 ex
1209 1435 1333 1476 fluviis,
1347 1435 1491 1476 quicquid
1506 1436 1664 1467 industria

808 1520 845 1531 oe
849 1518 1043 1531 eoeeeeee‘e

193 1580 248 1612 pr.
263 1573 387 1604 condita
403 1574 503 1606 Farn.
520 1573 615 1606 Med.
632 1578 714 1606 tert.
738 1574 859 1605 credita
886 1573 953 1605 duo
981 1574 1101 1607 Leidd.
1116 1579 1186 1606 vet.
1211 1575 1296 1616 Gyr.
1312 1578 1348 1605 et
1364 1573 1487 1615 viginti
1514 1573 1663 1615 quinque

194 1614 266 1654 alii,
281 1614 363 1645 item
381 1617 465 1648 Exc.
482 1617 629 1648 Lucens.
655 1626 725 1648 sec.
747 1618 871 1647 condita
896 1617 951 1647 vel
977 1618 1098 1649 credita
1114 1618 1198 1658 Reg.
1201 1621 1288 1649 —29
1309 1617 1443 1648 dictam}
1459 1617 1551 1649 Prie.
1566 1617 1664 1648 Rott.

194 1656 345 1689 Florent.
361 1658 456 1690 Med.
474 1668 541 1690 sec.
556 1659 653 1689 Leid.
668 1668 737 1689 see.
753 1660 834 1690 Put.
848 1659 934 1697 Reg.
950 1659 1028 1689 Pat.
1046 1660 1113 1690 duo
1128 1660 1252 1691 Petav.
1268 1659 1384 1690 ditavit
1399 1660 1485 1699 Reg.
1502 1668 1578 1690 am.
1596 1668 1664 1690 sec.

196 1699 267 1731 Hic
281 1709 399 1730 versus
414 1700 555 1731 deerat'
548 1711 582 1731 in
610 1701 830 1731 Mazar.———30
852 1700 1022 1731 commissae
1045 1701 1122 1732 Pal.
1148 1710 1302 1732 conversae
1323 1701 1379 1732 vel
1401 1702 1571 1741 commissa<
1584 1701 1665 1732 Vat.

194 1742 304 1782 quint.
319 1744 471 1774 revocasti
488 1744 542 1774 vel
557 1744 714 1774 renovasti
729 1744 808 1774 Vat.
826 1753 876 1783 pr.
894 1747 930 1772 et
946 1747 1057 1783 quart.
1072 1744 1177 1782 gentis
1192 1744 1289 1775 Med.
1306 1748 1417 1784 quart.
1439 1744 1567 1774 Moret.
1592 1752 1663 1774 sec.

196 1785 368 1816 Leve—32
389 1787 494 1824 gloria
508 1786 586 1816 Pori
602 1786 724 1816 Petav.
742 1789 819 1815 tert.
836 1786 968 1815 Bonon.
985 1784 1104 1817 Ambr.
1126 1795 1177 1825 pr.
1194 1787 1322 1817 Moret.
1339 1796 1406 1817 sec.
1424 1786 1536 1817 Oxon.
1552 1795 1665 1817 sec.—

195 1829 236 1858 34
259 1828 407 1858 daturum
422 1828 607 1858 Fara—35
632 1827 833 1867 Simplicibus
845 1827 979 1857 Bonon.
995 1827 1073 1857 viris
1095 1827 1170 1858 Pal.
1188 1828 1287 1858 Farn.
1303 1828 1389 1859 renis
1405 1828 1460 1858 vel
1475 1828 1553 1858 viris
1567 1827 1665 1859 Med.

195 1879 248 1910 pr.
261 1870 381 1901 Heins.
396 1870 459 1901 reis
475 1870 728 1911 conj.mz'racula
751 1870 882 1901 Bonon.
898 1870 983 1908 regis
1009 1870 1062 1900 vel
1088 1870 1196 1909 regnis
1219 1871 1335 1902 Oxon.
1359 1880 1428 1903 sec.
1452 1880 1561 1910 regum
1590 1871 1665 1902 Pal.

196 1912 294 1944 Med.
312 1915 452 1953 piu—36
476 1913 632 1953 colloquio
649 1912 716 1944 duo
734 1913 830 1943 Vatt.
847 1911 942 1943 Med.
966 1915 1105 1953 pr.—37
1127 1913 1247 1951 majora
1261 1914 1342 1945 Jun.
1368 1923 1420 1953 pr.
1446 1913 1580 1944 locutum
1597 1912 1665 1944 dno

194 1955 377 1986 Mea—38
400 1957 600 1987 moderantur
616 1956 732 1987 Oxon.
762 1965 828 1986 sec.
857 1956 1048 1986 mandantur
1073 1956 1126 1986 vel
1150 1957 1350 1987 moderantur
1376 1956 1461 1996 Reg.
1485 1955 1596 1987 Oxon.
1613 1965 1665 1996 pr.

195 1997 358 2029 Heinsius
372 1999 580 2039 ascripserat
595 2008 689 2039 seqq.
706 1999 714 2015 ‘
728 1997 953 2029 Praet'ectum'
972 1998 1025 2028 vel
1041 1998 1050 2015 ⁴
1065 1998 1332 2030 Procuratorem
1348 1999 1528 2030 sanctioris
1546 1998 1668 2029 aerarii’

194 2045 306 2072 notat.
324 2041 393 2072 vid.
406 2042 546 2074 Salmas.
563 2042 604 2073 ad
623 2042 716 2073 Hist.
735 2040 823 2082 Aug.
852 2050 886 2081 p.
904 2043 978 2071 175.
996 2043 1069 2073 176.
1091 2041 1100 2058 ‘
1118 2048 1255 2073 sanctas
1281 2041 1375 2082 opes'
1400 2045 1499 2072 vocat
1522 2042 1666 2073 Statius.

195 2083 387 2115 Posteriori
404 2094 478 2115 aevo
501 2085 555 2115 hic
579 2086 588 2102 ‘
600 2094 712 2116 comes
728 2093 901 2116 sacrarum
925 2084 1174 2123 Largitionnm'
1198 2084 1322 2116 dictus.
1339 2084 1407 2115 vid.
1422 2085 1613 2115 Zitzmann.
1630 2084 1665 2114 in

195 2125 449 2166 Ruti1.p.111
471 2130 544 2158 112.
546 2130 632 2157 --39
651 2128 794 2167 possessi.
811 2136 888 2158 cum
903 2126 1012 2167 τελείᾳ
1035 2128 1165 2168 στιγμῇ,
1182 2128 1335 2158 Florent.
1360 2127 1456 2158 Med.
1475 2136 1525 2167 pr.
1541 2126 1665 2158 Petav.

198 2178 252 2209 pr.
280 2169 366 2208 Reg.
406 2169 538 2201 Thuan.
565 2169 687 2201 Heins.
716 2170 817 2201 aliter
843 2158 1037 2210 distinguit,
1064 2175 1102 2200 ut
1117 2171 1244 2200 Lucan.
1271 2169 1487 2210 Panegyrico
1515 2178 1564 2199 vs.
1592 2171 1666 2201 108.

194 2210 373 2252 ‘Ipsaque
390 2220 545 2251 possesso
569 2221 662 2241 mens
687 2217 739 2242 est
764 2193 971 2252 opulentiore
985 2222 1078 2244 auro.
1082 2211 1218 2252 'stuciis
1231 2213 1377 2252 quidquid
1392 2213 1472 2243 Vat.
1497 2214 1664 2243 tert—40

195 2254 293 2285 rimas
308 2263 370 2295 pro
379 2263 473 2285 venas
485 2255 565 2286 Vat-
576 2257 690 2296 quart.
704 2254 842 2295 sequacis
851 2256 936 2296 Reg.
946 2265 1065 2287 set-aces
1078 2256 1130 2287 vel
1140 2265 1280 2295 sequaces
1294 2256 1373 2287 vat.
1392 2258 1504 2297 quart.
1507 2256 1591 2286 -41
1603 2253 1668 2286 Ab·

857 2351 1003 2384 NOTAE

198 2412 341 2447 Μακέτια.
359 2413 567 2446 Macedonia
580 2419 644 2446 est.
1001 2419 1041 2446 35
1061 2415 1210 2456 Oracula]
1232 2415 1417 2455 Rescripta
1433 2411 1668 2454 Imperatoris,

241 2463 357 2504 Pellae]
388 2464 477 2496 Haec
501 2470 554 2496 est
582 2465 663 2496 urbs
690 2463 904 2496 Macedoniae
959 2475 1035 2507 quae
1050 2466 1105 2496 hic
1121 2465 1339 2506 appellantur
1353 2463 1503 2494 oracula.

198 2514 390 2547 Alexandri
416 2516 585 2547 natalibus
610 2515 759 2557 insignis,
780 2519 816 2547 et
831 2516 904 2556 ejus
1001 2518 1043 2546 36
1068 2514 1214 2553 Crevere]
1238 2513 1414 2554 Ampliora
1426 2517 1463 2543 et
1478 2512 1664 2543 illustriora

197 2566 352 2597 victoriis
370 2566 411 2597 ad
427 2566 617 2608 Hydaspen
639 2566 748 2598 Indiae
764 2565 904 2597 fluvium
958 2563 1051 2596 facta
1067 2568 1146 2594 sunt
1162 2562 1358 2604 eloquentia
1378 2567 1448 2593 tna.

199 2617 316 2648 relatis
332 2617 453 2649 ditata.
1002 2617 1044 2645 38
1067 2614 1172 2645 Sacrae
1197 2613 1282 2654 opes]
1305 2612 1443 2643 Mallius
1466 2611 1532 2643 fuit
1547 2611 1666 2645 Quaes-

241 2671 283 2699 32
304 2668 395 2709 Pori]
419 2667 521 2708 Regis
537 2667 657 2708 Indiae,
670 2667 725 2709 qui
743 2667 784 2698 ab
801 2667 904 2698 Alex·
961 2669 1026 2706 tor,
1041 2664 1120 2706 quia
1148 2665 1178 2695 ei
1205 2674 1287 2704 gaza
1304 2663 1471 2694 servanda
1485 2662 1666 2693 committi-

201 2719 306 2749 andro
335 2720 442 2752 victus
467 2724 530 2751 est.
579 2719 686 2760 Regia
709 2728 770 2759 pro
800 2727 905 2760 regno
961 2720 1028 2757 tur,
1045 2720 1080 2746 et
1097 2724 1154 2746 ore
1175 2714 1279 2756 ipsius
1293 2713 1443 2755 loquitur
1458 2713 1663 2754 Imperator.

201 2768 337 2801 dicitur.
