1857 3177
525 511 1064 561 SERENISSIMO

414 759 1247 836 DELPHINO

248 1009 858 1070 GULIELMUS
927 1012 1388 1074 PYRRHO.

88 1396 336 1454 Numinis
360 1414 544 1467 AEgypti
564 1416 605 1454 et
627 1411 929 1462 Alexandriae,
963 1412 1008 1453 in
1029 1427 1120 1467 qua
1140 1415 1243 1456 olim
1263 1415 1453 1468 vigebat,
1476 1416 1550 1458 de·

87 1481 212 1522 licias
257 1482 465 1534 relinquit
512 1480 655 1522 Po'e'ta
694 1480 980 1531 Claudianus,
1025 1482 1369 1523 SERENJSSIME
1418 1484 1550 1524 DEL-

88 1559 258 1597 PHlNss,
288 1562 340 1589 eo
372 1549 616 1602 proposito,
639 1551 687 1588 ut
713 1548 757 1588 in
780 1548 928 1589 Gallia
958 1552 1001 1590 et
1030 1548 1200 1590 felicius
1220 1554 1486 1599 renascatur,
1506 1553 1550 1591 et

85 1615 201 1656 diem
236 1615 381 1656 videat
414 1614 675 1664 nitidiorem,
700 1627 832 1668 quam
864 1617 971 1665 tum,
1005 1629 1106 1656 cum
1140 1616 1327 1666 floreret,
1356 1617 1550 1657 videbat.

86 1680 217 1732 Quod
251 1682 425 1736 quidem
454 1686 544 1723 tam
570 1682 815 1737 jucundum
848 1682 937 1734 ipsi
966 1686 1048 1732 est,
1085 1697 1216 1737 quam
1251 1684 1368 1737 quod
1384 1685 1550 1738 jucun-

83 1748 311 1789 dissimum
330 1763 426 1790 csse
447 1755 581 1803 queat
607 1749 768 1790 homini
790 1751 1012 1802 cogitanti,
1034 1751 1080 1791 in
1103 1751 1342 1804 Imperium
1366 1752 1472 1792 felix
1495 1764 1549 1792 ac

82 1814 360 1866 fortunatum,
395 1818 693 1871 continuisque
728 1816 1043 1870 triumphorum
1089 1817 1252 1871 palmis
1292 1819 1549 1860 florentissi-

83 1896 213 1932 mum,
237 1897 284 1924 se
305 1889 525 1937 receptum
546 1886 614 1925 iri.
1573 1891 1576 1893 ’

141 1951 244 1991 Non
272 1953 384 1992 cnim
405 1956 486 2000 est,
509 1952 627 2005 quod
649 1952 810 2001 aetatis‚
843 1966 931 2006 qua
966 1952 1290 1997 THEODOSNJS
1324 1954 1547 1996 MAGNUS

82 2017 339 2069 imperabat,
361 2018 572 2058 desiderio
594 2023 815 2067 teneatur3
859 2019 897 2059 si
920 2019 982 2059 uti
1009 2020 1205 2067 confidit,
1238 2021 1476 2061 reviviscat
1506 2021 1550 2061 in

84 2083 254 2123 saeculo
284 2083 531 2123 LUDovrci
567 2084 761 2132 MAGNr,
786 2086 862 2137 qui
899 2090 1066 2125 tantum
1087 2099 1241 2126 nomen
1262 2088 1389 2138 longe
1413 2087 1551 2139 pluri-

82 2150 164 2190 bus
185 2162 236 2190 ac
259 2150 497 2203 majoribus
520 2150 670 2202 implet
701 2151 951 2198 virtutibus,
975 2163 1107 2202 quam
1129 2164 1327 2204 unquam
1349 2153 1550 2195 Theodo-

84 2218 176 2257 sius
206 2216 421 2269 implevit.
484 2215 664 2268 Quippe
698 2218 871 2268 augusti
903 2217 1021 2257 illius
1052 2219 1290 2272 invictique
1326 2219 1550 2274 Principis

83 2288 170 2324 tam
192 2283 317 2336 longe
338 2283 509 2336 lateque
530 2282 689 2323 diffusa
723 2282 846 2334 laus;
877 2284 1033 2336 ipsius,
1061 2288 1108 2325 ut
1130 2286 1378 2338 sapientiae,
1401 2288 1550 2329 mode-

83 2353 279 2402 rationis,
313 2352 662 2403 magnificentiae‚
699 2351 978 2401 fortitudinis,
1002 2356 1150 2406 totque
1186 2358 1403 2407 partarum
1438 2357 1548 2398 mari

83 2424 129 2460 et
159 2425 275 2460 terra
304 2419 581 2461 victoriarum
614 2419 733 2460 fama
765 2420 1081 2461 remotissimas
1117 2435 1315 2474 quasque
1351 2424 1548 2474 regiones

84 2489 332 2541 pervaserit.

141 2554 297 2608 Neque
332 2567 435 2595 vero
466 2556 595 2595 etiam
628 2558 709 2604 est,
729 2554 848 2608 quod
882 2554 1026 2596 Poe'ta
1059 2559 1206 2596 noster
1224 2556 1301 2595 illa
1332 2561 1546 2610 tempora,

84 2622 257 2674 quibus,
297 2627 345 2662 ut
382 2622 582 2662 Honorio
615 2623 727 2663 alias
760 2623 1046 2675 perplaceret,
1081 2623 1170 2675 ipsi
1205 2624 1398 2676 contigit,
1431 2637 1546 2666 nunc

85 2688 297 2741 requirat3
341 2689 555 2742 siquidem
586 2703 640 2731 ea
669 2690 734 2731 illi
756 2702 857 2744 Spes
889 2689 1146 2739 ostenditur,
1168 2693 1216 2730 ut
1251 2690 1330 2731 tibi
1351 2703 1439 2732 non
1459 2691 1549 2733 dis-

171 2763 283 2804 Delph.
298 2768 328 2795 et
349 2764 423 2797 Vur.
443 2765 528 2796 Cla-v.
773 2766 892 2796 Claud.
1415 2765 1447 2798 Α
