1857 3177
516 212 566 242 iu
606 211 745 241 rnen.
780 211 838 240 ET
871 210 1018 239 om'n.
1050 210 1186 242 cous,
1522 203 1576 244 81

119 306 149 348 J
153 318 347 347 unonem
372 305 569 346 Inachiis
593 305 751 346 oculos
773 304 999 345 advertere
1023 303 1218 357 templis,

117 373 276 415 Talem
298 374 422 413 nulla
442 374 565 413 refert
590 373 783 426 antiquis
804 372 968 426 pagina
988 371 1129 421 libris,

121 441 221 482 Nec
247 441 387 482 Latia¹
413 442 610 481 cecinere
634 442 766 490 tubae,
789 454 871 482 nec
895 440 1034 483 Graia
1054 442 1277 482 vetustas:

120 507 320 562 Conjuge
343 508 475 560 digna
496 507 669 548 Probo:
703 522 802 549 nam
823 513 992 549 tantum
1014 508 1205 549 coetibus
1228 510 1358 547 extat

124 574 162 616 F
164 576 376 624 oemineis,
396 580 602 628 quantum
626 577 924 629 supereminet
947 575 1018 616 ille
1039 576 1221 616 maritos
1239 588 1248 612 ε
1498 573 1583 616 200

121 641 217 683 Ceu
240 642 324 682 sibi
346 646 578 691 certantes,
613 655 752 683 sexus
771 642 878 695 quid
900 641 1044 694 possit
1065 647 1268 695 uterque,

120 708 255 749 Hune
279 708 422 760 legere
444 713 610 750 torum:
644 714 794 749 taceat
816 707 1013 749 Nereida
1036 712 1217 761 nuptam

124 774 312 815 Pelion:
347 787 373 815 o
395 775 564 828 duplici
586 776 842 816 foecundam
873 775 1072 816 Consule
1095 780 1294 826 matrem,

120 841 403 895 Felicemque
425 847 614 891 uterum,
647 843 723 896 qui
745 842 922 883 nomina
943 843 1131 895 parturit
1153 843 1282 883 annis
1303 842 1313 883 !

122 907 186 949 Ut
208 915 429 963 sceptrum
453 923 629 962 gessere
651 923 798 960 manu,
830 911 1130 964 membrisque
1153 910 1345 963 rigentes
1498 908 1583 951 205

120 975 348 1030 Aptavere
369 982 512 1030 togas,
536 978 704 1030 signum
723 978 800 1020 dat
816 991 1014 1020 summus
1033 978 1184 1020 hiulca

118 1097 291 1128 invocatam
309 1097 399 1127 thure
426 1101 548 1127 sacrato
570 1102 746 1130 convertere
771 1100 872 1130 oculos
889 1100 922 1130 in
938 1099 1064 1130 delubra
1092 1099 1233 1130 Inachia.
1279 1098 1375 1129 Nulla
1390 1101 1588 1129 monumenta

120 1139 154 1169 in
182 1140 308 1179 scriptis
335 1140 488 1170 veteribus
515 1141 654 1171 tulerunt
682 1141 775 1171 talem
804 1146 960 1180 matrem,
990 1152 1084 1181 neque
1114 1142 1217 1172 Illusae
1240 1141 1362 1172 Italica>
1374 1141 1590 1181 laudm-eruut,

120 1191 216 1222 neque
225 1183 396 1221 antiquitas
408 1182 436 1211 G
442 1192 530 1212 rtzca⁴
539 1182 648 1221 Digna
658 1188 708 1213 est
717 1183 820 1214 Probo
827 1184 938 1214 marito
946 1195 955 1213 .·
962 1194 1032 1215 nam
1041 1187 1163 1214 tantum
1171 1187 1295 1224 superat
1303 1184 1408 1214 choros
1416 1183 1586 1222 muliebres,

122 1227 268 1264 quantum
283 1225 335 1254 ille
345 1228 467 1264 superat
482 1226 579 1254 riros:
593 1225 680 1264 quasi
696 1229 826 1266 uterque
838 1235 932 1257 sexus
942 1236 1097 1265 pugnans,
1110 1227 1183 1266 quid
1198 1228 1312 1265 valeat,
1327 1225 1420 1264 elegit
1433 1225 1492 1255 sibi
1508 1225 1588 1256 huuc

120 1267 302 1297 thalamum.
347 1267 455 1296 Pelion
483 1276 577 1297 mons
600 1267 690 1298 sileat
725 1268 855 1298 Thetidi:
877 1272 1018 1307 nuptam.
1060 1268 1089 1297 Ο
1112 1272 1242 1299 matrem
1267 1267 1445 1306 saecundum
1472 1267 1588 1298 dicobus

124 1308 318 1346 Consulibus,
348 1311 544 1348 ventremque
563 1308 779 1349 fortunatum,
807 1310 861 1349 qui
884 1310 1007 1349 peperit
1030 1310 1192 1340 Consules
1220 1319 1336 1340 ιιηηιιηι
1370 1308 1588 1339 nominantes!

122 1351 329 1390 Posteaquam
357 1350 528 1381 Probinus
558 1356 593 1381 et
623 1351 785 1392 Olybrius
802 1353 938 1382 tulerunt
963 1362 1055 1382 manu
1069 1355 1238 1392 sceptrum,
1252 1355 1280 1382 et
1297 1352 1465 1382 induerunt
1481 1360 1592 1391 corpus

120 1393 256 1424 vestibus
279 1393 428 1423 concretis
444 1403 536 1434 auro,
561 1394 688 1434 Jupiter
704 1403 860 1434 supremus
875 1394 975 1425 mittit
990 1395 1126 1435 signum,
1149 1394 1280 1425 nubibus
1303 1392 1542 1434 dehiscentibus,
1559 1396 1590 1424 et

733 1485 969 1498 eeeeeeeeeeee

124 1559 160 1586 et
185 1553 281 1586 Med.
297 1559 409 1595 quart.
443 1555 477 1585 in
501 1554 574 1586 aliis
593 1554 816 1586 Vicet.—198
839 1565 900 1586 non
919 1555 1030 1586 Groeca
1057 1555 1130 1586 Pal.
1157 1558 1253 1593 grata
1282 1555 1364 1587 Vat.
1388 1559 1460 1595 opt.
1488 1554 1590 1586 Farn.

124 1598 324 1638 Moret.pro
354 1597 465 1636 Graia,
487 1602 588 1638 atque
610 1597 659 1628 ita
676 1603 875 1629 correxerat
891 1598 1173 1629 Heinsius.-—199
1195 1599 1293 1629 instat
1312 1607 1371 1639 pro
1394 1600 1497 1628 exstat
1509 1598 1590 1628 Vat.

124 1645 198 1681 opt.
212 1641 312 1671 Farn.
316 1642 423 1670 -200
447 1640 502 1670 illa
515 1641 580 1671 duo
599 1640 693 1671 Med.
696 1643 800 1671 —201
829 1641 893 1671 Ceu
911 1641 972 1671 sibi
996 1644 1073 1672 cert.
1097 1641 1143 1672 Hi
1162 1646 1308 1681 quatuor
1321 1650 1437 1672 versus
1449 1648 1593 1680 sequen·

124 1688 175 1714 tes
200 1682 438 1713 desiderantia
455 1682 487 1712 in
504 1682 582 1714 Vat.
599 1683 743 1721 duobus,
768 1688 857 1714 utet
875 1684 907 1714 in
929 1683 1004 1715 Pal.
1029 1684 1130 1714 Farn.
1147 1684 1240 1715 Prie.
1259 1684 1356 1715 Med.
1373 1683 1475 1714 duob.
1493 1682 1590 1713 Leid.

120 1734 172 1767 pr.
186 1725 306 1756 Petav.
319 1735 369 1765 pr.
382 1734 513 1756 necnon
526 1735 560 1756 in
571 1726 627 1757 ed.
637 1726 752 1757 Parni.
761 1725 919 1758 etVicet.
929 1726 1110 1767 qnaleshic
1122 1731 1214 1765 sunt,
1231 1726 1400 1757 debentur
1419 1726 1447 1756 (¹
1450 1725 1591 1756 laverio.

124 1771 230 1800 -206
253 1771 398 1808 togami
386 1768 482 1800 Med.
501 1774 613 1810 quart.
616 1771 722 1800 —207
733 1769 932 1811 genitamque
948 1770 981 1800 in
999 1769 1100 1800 duob.
1116 1769 1198 1800 Med
1202 1771 1319 1802 .-208
1342 1769 1464 1809 Aspem
1480 1767 1594 1799 vibrati

784 1882 930 1915 NOTAE

170 1968 232 1996 190
276 1966 445 2007 Junonem]
500 1967 587 1999 Haec
623 1968 760 1999 Saturni
799 1972 835 1999 et
932 1970 993 1999 201
1020 1967 1122 1998 Sexus
1134 1967 1207 2008 quid
1216 1965 1314 2007 possit
1325 1964 1468 2004 uterque]
1486 1964 1593 1996 Quasi

128 2015 216 2055 Opis
233 2015 314 2055 filia,
331 2017 426 2049 Jovis
443 2026 538 2048 soror
552 2022 587 2048 et
599 2017 737 2057 conjux,
756 2018 835 2048 Dea
889 2028 989 2049 sexus
1005 2022 1150 2059 uterque
1167 2015 1339 2057 p'ugnarit,
1352 2016 1417 2046 hoc
1433 2019 1471 2046 ut
1487 2014 1593 2045 Probi

126 2075 308 2105 regnorum
326 2065 589 2108 divitiarumque
607 2067 736 2098 habita.
889 2068 1082 2109 Probaeqne
1137 2066 1390 2098 matrimonium
1442 2066 1594 2098 celebra·

170 2116 325 2156 Inachiis]
381 2117 472 2148 Juno
510 2121 589 2157 post
633 2121 782 2157 spretam
816 2126 835 2147 a
890 2122 998 2149 retur.

129 2165 256 2196 Paride
305 2166 460 2205 formam,
506 2167 676 2198 Graeciam
712 2167 835 2206 saepins
933 2172 997 2199 202
1032 2167 1186 2206 Nereida]
1233 2165 1416 2196 Thetidem
1450 2169 1595 2196 matrem

128 2213 383 2256 frequentabat,
427 2220 463 2246 et
511 2216 723 2256 potissimum
760 2216 836 2246 Ina-
891 2217 1046 2255 Achillis,
1090 2226 1165 2257 quae
1199 2215 1231 2247 in
1273 2215 1373 2246 Pelio
1410 2214 1595 2247 Tbessaliae

127 2265 253 2305 chium,
283 2275 343 2296 seu
366 2265 476 2306 Argos
493 2265 660 2307 Hippiam
684 2267 717 2297 in
735 2267 836 2298 Pelo·
890 2272 1019 2307 monte,
1032 2267 1139 2298 Peleo
1157 2266 1283 2307 nupsit.

132 2325 295 2356 ponneso·
320 2316 461 2347 Plinius.
933 2320 995 2349 204
1021 2318 1158 2348 Nomina
1186 2317 1325 2357 parturit
1351 2315 1455 2357 armis]
1498 2315 1598 2347 Dixi-

178 2367 289 2398 Oculos
318 2368 495 2408 advertere]
540 2366 712 2407 Aspectus
743 2368 836 2398 Deo·
890 2377 965 2398 mus
1006 2376 1106 2407 supra
1143 2366 1306 2397 Consules
1344 2374 1467 2396 nomen
1501 2366 1597 2396 aunis

132 2425 219 2457 rum,
233 2418 426 2449 mortalium
442 2422 494 2448 est
510 2417 673 2448 felicitas.
891 2417 974 2448 dare
994 2417 1123 2448 solitos.

175 2470 236 2498 197
277 2468 396 2508 Talem]
463 2468 542 2499 Non
571 2468 715 2508 legimns
745 2466 837 2507 apud
935 2470 997 2498 205
1023 2465 1203 2507 Sceptrum]
1249 2464 1375 2496 Statim
1396 2467 1499 2504 atque
1514 2464 1599 2495 Pro-

132 2518 290 2559 antiqnos
314 2519 418 2550 talem
443 2518 611 2557 extitisse,
628 2518 737 2559 quatis
754 2518 838 2549 Pro·
894 2517 992 2549 binus
1009 2521 1044 2548 et
1060 2517 1225 2557 Olybrius
1242 2515 1445 2555 inceperunt
1462 2517 1598 2554 gestare

134 2567 179 2599 ba
193 2573 258 2600 est.
895 2573 1069 2608 sceptrum
1085 2568 1283 2605 eburneum,
1299 2574 1359 2595 seu
1383 2564 1514 2605 insigne
1530 2573 1599 2595 ma-

179 2621 240 2650 198
265 2618 375 2659 Tubae]
420 2620 485 2650 Vel
502 2620 626 2659 Musae,
642 2629 718 2660 quae
740 2618 840 2650 tubas
888 2617 1027 2658 jestatis
1058 2616 1275 2653 Consularis;
1307 2614 1363 2644 cni
1389 2618 1525 2654 sceptro
1549 2614 1599 2645 in·

136 2667 349 2710 citharasque
377 2669 550 2708 animant3
588 2670 643 2700 vel
671 2669 775 2709 tubae,
804 2668 839 2699 id
898 2667 1012 2698 sidens
1038 2667 1175 2708 Aquila,
1198 2667 1359 2696 Romanae
1387 2663 1524 2695 virtutis
1550 2664 1599 2695 in-

137 2720 203 2754 est,
223 2726 339 2748 versus
365 2724 480 2750 vatum
512 2720 741 2751 Heroicorum
772 2728 838 2750 non
898 2718 1129 2758 dex‚‹1epicta
1145 2721 1232 2748 erat.

137 2766 334 2808 cecinerunt
350 2769 464 2808 talem,
484 2770 591 2810 qualis
607 2775 661 2802 est
677 2770 803 2802 Proba.
941 2772 1005 2800 206
1027 2769 1161 2808 Signum
1197 2767 1267 2808 dat]
1303 2766 1374 2797 Dat
1403 2763 1598 2806 emittitque

222 2819 342 2861 Daph.
360 2823 390 2851 et
410 2820 484 2854 var.
498 2822 583 2856 ctas.
814 2822 927 2856 ccam.
1484 2818 1512 2849 F
