1852 3193
238 201 322 241 420
693 210 768 238 cn.
802 202 1085 237 anumANr
1120 206 1247 236 xvii.

244 310 459 363 Princeps
479 320 568 350 non
588 306 746 361 aquilis
767 308 926 345 terram
946 315 1211 356 cognoscere
1233 308 1357 346 curat
1376 316 1385 343 :

299 377 467 419 Certius
488 377 533 417 in
553 376 679 416 nobis
698 372 889 414 aestimat
908 372 1152 425 imperium.

241 445 344 486 Hoc
366 458 449 497 ego
470 442 658 484 concilio
682 440 917 482 collectum
936 441 1097 481 metior
1118 440 1270 480 orbem
1289 453 1299 480 :

299 512 403 554 Hoc
424 511 553 553 video
575 514 712 559 coetu,
732 508 948 563 quicquid
966 509 1128 563 ubique
1148 508 1301 549 micat.
1643 506 1700 548 20

237 630 352 671 recepit
371 630 469 661 simul
485 629 590 661 ambas
604 631 752 661 volucres.
797 630 972 670 Imperator
992 639 1052 660 non
1068 628 1188 660 laborat
1214 638 1335 660 noscere
1354 627 1468 660 Orbem
1492 636 1557 668 ope
1582 627 1702 668 aquila-

238 684 307 704 rum
317 685 328 705 .·
343 674 440 704 noscit
455 673 620 713 imperium
634 674 747 704 certius
770 682 825 713 per
840 683 904 704 νιος.
949 673 1020 711 Ego
1034 672 1147 714 definio
1173 672 1206 702 in
1230 672 1286 703 hoc
1308 674 1456 703 conventu
1471 671 1617 703 mundum
1631 680 1702 701 con-

235 719 424 756 gregatum:
439 717 555 757 aspicio
570 716 712 757 quicquid
726 716 863 757 splendet
879 715 990 756 ubique
1006 718 1162 746 terrarum
1178 715 1212 746 in
1223 715 1279 746 hoc
1293 723 1441 746 consessu.

851 810 1085 823 eeeeeeeeeeee

240 880 279 909 17
303 878 450 909 mundum
465 877 546 909 Put.
569 879 671 908 terras
685 877 812 908 Moret.
831 887 882 917 pr.
896 878 981 908 Exc.
999 878 1142 908 Lucens.
1156 879 1311 908 see—18
1333 875 1417 907 vobis
1427 875 1505 907 Vat.
1521 884 1573 915 pr.
1585 883 1631 906 m.
1647 883 1701 914 pr.

237 921 325 951 Exc.
342 921 487 951 Lucens.
504 922 661 950 sec.—l9
684 920 809 950 concilio
826 920 934 951 Oisel.
977 921 1104 950 consilio
1121 919 1217 950 Leid.
1235 929 1304 950 sec.
1321 928 1397 950 cum
1414 917 1595 950 duodecim
1613 916 1701 948 aliis.

237 973 351 994 annum
369 962 465 992 Med.
484 965 600 992 tert.—
609 964 651 991 20
676 963 721 991 Et
736 963 823 992 video
838 962 919 994 Jun.
937 971 989 1001 pr.
1031 965 1134 991 certus
1157 971 1217 1001 pro
1240 965 1319 993 coetu
1334 961 1428 993 Med.
1445 964 1557 1002 quart.
1599 963 1703 991 tecum

236 1015 300 1045 pro
317 1007 396 1034 coetu
412 1005 494 1034 Var.
508 1004 577 1034 LL.
589 1003 644 1034 ed.
656 1003 762 1035 Antv.
777 1013 820 1034 m.
839 1012 892 1043 pr.
915 1006 995 1033 coetu
1006 1003 1061 1034 vel
1076 1007 1186 1034 coetum
1201 1004 1286 1044 Reg.
1309 1004 1343 1034 in
1358 1003 1430 1035 orbe
1445 1007 1592 1044 quatuor
1602 1002 1701 1033 Vatt.

237 1047 315 1078 Pal.
333 1047 432 1077 Farn.
449 1046 537 1085 Reg.
555 1046 622 1077 duo
639 1046 735 1077 Med.
754 1046 899 1077 totidem
916 1045 1039 1077 Petav.
1056 1045 1134 1077 Pat.
1152 1045 1264 1076 Oxon.
1278 1055 1331 1085 pr.
1345 1045 1461 1076 Ambr.
1478 1049 1558 1076 tert.
1589 1044 1702 1085 ubique

236 1090 291 1119 vel
306 1089 340 1119 z'n
356 1088 427 1119 orbe
446 1088 525 1118 Vat.
543 1098 596 1128 pr.
638 1092 719 1119 meat
732 1088 808 1120 Pal.
824 1089 921 1119 Rott.
966 1087 1062 1119 micat
1077 1088 1132 1119 vel
1148 1091 1251 1120 manet
1268 1088 1382 1120 Oxon.
1397 1096 1466 1120 sec.
1505 1088 1540 1118 in
1554 1087 1625 1119 orbe
1632 1086 1702 1126 fuit

238 1131 291 1161 vel
303 1131 412 1170 ubique
427 1131 522 1162 micat
539 1131 620 1163 Put.

897 1205 1043 1239 NOTAE

280 1287 319 1315 18
349 1283 389 1314 In
412 1282 499 1314 nobis
519 1281 671 1322 oestimat]
714 1283 804 1315 Satis
831 1283 941 1315 noscit
996 1281 1217 1315 Claudianus.

233 1334 421 1375 Imperium
445 1343 508 1374 per
532 1342 617 1372 nos;
644 1333 726 1364 satis
746 1332 882 1374 judicat
897 1343 940 1365 ex
1040 1336 1080 1365 19
1103 1332 1240 1373 Metior]
1272 1333 1423 1374 Reputo,
1447 1341 1490 1364 ex
1514 1335 1610 1364 tanto
1626 1331 1702 1362 tali-

231 1388 350 1416 nostro
366 1393 541 1423 consessu,
568 1387 731 1424 qnantum
757 1384 802 1415 sit
827 1383 940 1424 Impe-
994 1394 1061 1425 que
1076 1384 1280 1416 Senatorum
1296 1387 1401 1424 coetu,
1412 1387 1556 1425 quantus
1572 1383 1617 1415 sit
1633 1382 1700 1414 Or-

236 1434 333 1466 rium.
372 1434 410 1465 In
425 1433 521 1465 nobis.
542 1435 552 1451 ‘
568 1434 611 1465 Se
630 1444 761 1475 quoque
778 1434 940 1474 principi·
994 1433 1065 1465 bis:
1092 1434 1208 1475 cogito
1232 1433 1286 1464 hic
1311 1442 1384 1465 esse
1410 1432 1572 1475 quicquid
1588 1437 1642 1464 est
1665 1431 1700 1462 in

234 1485 296 1517 bus
313 1486 519 1527 permixtum
543 1484 693 1526 agnovit'
717 1484 939 1517 Senatoribus
996 1485 1091 1517 Orbe
1106 1484 1338 1527 praestantius.

879 1829 1057 1877 XVII.

300 1956 411 2004 CL.
441 1954 838 2004 CLAUDIANI
869 1953 970 2002 DE
998 1952 1207 2003 CONS.
1238 1953 1344 2001 FL.
1371 1953 1626 2004 MALLII

435 2051 831 2102 THEODORI
859 2051 927 2099 V.
958 2050 1024 2099 C·
1055 2049 1489 2099 PANEGYRIS.

759 2205 1173 2238 ARGUMENTUM.

280 2306 456 2337 HoNoREs
472 2302 626 2335 ambiunt
640 2302 804 2334 virtutem
820 2304 854 2334 in
869 2304 1060 2346 Theodoro,
1082 2304 1140 2346 qni
1164 2304 1199 2335 in
1225 2303 1456 2335 adolescentia
1478 2301 1613 2343 sapiens
1630 2302 1697 2335 fuit

235 2366 271 2391 et
288 2359 470 2400 eloquens:
505 2356 595 2388 rexit
611 2356 752 2398 Libyam
769 2360 804 2387 et
820 2357 1041 2389 Macedones.
1088 2358 1180 2389 Hinc
1201 2356 1312 2389 factus
1330 2358 1490 2390 Quaestor
1505 2356 1597 2387 rexit
1610 2356 1695 2387 Pro-

235 2413 362 2444 vincias
389 2410 608 2450 Occidentis,
636 2414 758 2451 postea
783 2410 950 2442 incumbit
975 2411 1106 2451 studiis,
1132 2411 1266 2443 excutit
1281 2410 1393 2441 varios
1411 2408 1635 2449 Philosophus
1650 2407 1695 2441 de

235 2466 396 2507 Physica,
414 2465 549 2505 Morali,
565 2463 825 2495 Mathematica.
871 2464 935 2495 His
962 2475 1037 2496 eum
1061 2469 1241 2496 vacantem
1268 2464 1341 2495 adit
1366 2462 1522 2501 Justitia,
1536 2462 1696 2493 hortatur

236 2519 373 2552 Curiam
391 2523 561 2560 repetere,
586 2518 701 2549 vivere
725 2527 801 2549 cum
829 2518 1012 2549 Stilichone
1041 2518 1205 2549 virtutum
1231 2516 1375 2548 fautore.
1421 2515 1696 2556 Cunctatmille,

234 2572 340 2605 vitam
358 2573 521 2604 rusticam
537 2578 705 2611 causa1uS‚
728 2571 785 2601 sed
812 2576 926 2602 tamen
953 2571 1089 2602 obedit:
1124 2571 1164 2601 fit
1181 2570 1309 2600 Rector
1328 2568 1451 2606 Italiae,
1466 2568 1597 2608 Libyae,
1612 2567 1695 2608 Illy-

234 2627 307 2667 riae,
322 2627 500 2667 Sardiniae‚
513 2636 647 2667 semper
663 2625 967 2666 constans,justus‚
983 2626 1215 2665 incorruptus,
1228 2623 1436 2661 moderatus,
1451 2622 1511 2653 irae
1527 2621 1696 2662 inimicus,

235 2690 409 2722 nunquam
433 2680 621 2721 superbus;
656 2679 811 2711 omnibus
835 2679 1053 2710 admirandus
1080 2679 1122 2710 ob
1154 2678 1360 2719 probitatem
1386 2681 1422 2708 et
1451 2674 1694 2718 eloquentiam.

236 2734 294 2766 Fit
309 2735 432 2766 Consul
449 2734 489 2765 ab
503 2733 658 2766 Honorio
672 2734 747 2764 unis
765 2733 950 2765 virtutibus
966 2731 1116 2764 favente.
1160 2732 1313 2763 Laetatur
1329 2730 1491 2768 Helicon,
1507 2733 1544 2761 et
1559 2726 1694 2770 potissi-

237 2794 329 2819 mum
342 2786 484 2830 Urania,
507 2796 583 2830 quae
598 2787 756 2820 hortatur
772 2786 890 2819 Musas
917 2785 961 2819 ad
984 2785 1107 2828 gaudia
1132 2789 1170 2818 et
1191 2785 1290 2819 ludos
1309 2785 1497 2827 Equorum,
1517 2783 1692 2826 Pugilum‚
