1852 3193
199 190 286 233 366
692 198 766 228 cn.
799 190 1079 227 CLAUmANl
1107 190 1192 220 xv.

205 297 455 352 Hispanum
478 295 764 346 Siculumque
783 288 968 330 fretum?
1001 290 1257 339 vastataque
1274 285 1416 335 tellus,

204 365 378 419 Totque
399 365 532 405 duces
555 362 680 410 caesi,
701 362 917 411 ruptaque
938 357 1127 396 emissus
1147 355 1203 395 ab
1226 353 1344 407 Alpe

203 433 388 482 Poenus,
411 437 455 473 et
477 430 673 472 attonitae
691 427 784 481 jam
805 425 1038 479 proximus
1060 423 1289 464 Hannibal
1311 420 1421 462 Urbi
1437 422 1456 461 'l

203 500 400 550 Scilicet,
423 504 470 540 ut
489 497 666 538 domitis
686 496 896 536 frueretur
916 493 1127 534 barbarus
1149 489 1291 541 Afris,

204 568 333 608 Muro
355 567 541 607 sustinui
564 563 770 612 Martem,
791 564 1031 614 noctesque
1054 566 1260 600 cruentas

204 634 375 675 Collina
394 648 474 687 pro
498 639 610 674 turre
631 632 744 673 tuli?
778 630 983 672 Gildonis
1007 628 1063 670 ad
1087 640 1213 669 usum

202 702 418 754 Carthago
441 704 505 741 ter
526 701 646 742 victa
666 699 781 740 ruiti
813 697 896 738 hoc
917 697 1034 737 mille
1056 695 1266 750 gementis

201 769 344 811 Italiae
366 769 531 818 clades,
552 768 838 821 impensaque
862 764 1028 806 saecula
1046 764 1187 815 bello;

1604 555 1660 597 85

198 884 303 917 libus?
350 885 402 916 An
419 886 487 916 ideo
501 885 572 924 agri
589 884 653 915 mei
669 883 845 924 depopulati
872 885 961 920 sunt,
983 884 1086 921 totque
1111 881 1251 911 ductores
1268 877 1438 916 interfecti,
1453 881 1482 908 et
1504 877 1607 918 erupit
1620 876 1659 907 ab

197 929 329 969 Alpibus
355 928 495 968 effractis
509 927 645 958 Annibal
663 925 944 963 Carthaginiensis,
970 928 999 954 et
1014 925 1084 962 jam
1106 923 1296 963 propinquus
1320 922 1390 952 urbi
1414 920 1633 960 obstupefacta>
1644 917 1660 950 ἶ(

200 972 328 1012 Nempe,
339 975 374 1001 ut
389 971 491 1001 Gildo
513 970 661 1000 barbarus
685 968 841 1008 potiretur
856 966 949 1003 Afris¹
963 966 1128 1005 superatis,
1143 966 1314 995 sustentavz'
1330 965 1437 995 bellum
1453 964 1549 994 muris
1564 962 1662 1002 meiS‚

196 1018 288 1054 atque
299 1023 388 1053 passa
403 1023 469 1043 sum
485 1015 586 1042 noctes
597 1011 847 1049 sanguinolentas
861 1011 931 1038 ante
946 1009 1059 1038 turrim
1079 1007 1229 1037 Collinam
1240 1006 1256 1037 ζ)
1303 1007 1460 1045 Carthago
1472 1009 1519 1036 ter
1532 1005 1660 1036 subacta

195 1057 304 1087 cecidit
317 1066 372 1096 pro
385 1056 582 1085 emolumento
598 1050 766 1084 Gildonis?
788 1051 881 1082 Mille
895 1054 1016 1088 strages
1032 1050 1137 1080 Italiae
1151 1048 1348 1089 conflictatoe,
1361 1052 1391 1079 et
1403 1049 1513 1079 saecula
1524 1048 1660 1079 insumta

810 1134 1046 1146 eeeeeeeeeeee

198 1203 455 1235 Hei=1sius.—82
479 1206 627 1243 raptaque
643 1202 724 1235 Put.
751 1212 793 1234 m.
819 1212 870 1242 pr.
899 1202 952 1233 ed.
968 1201 1082 1232 Vicet.
1099 1200 1226 1231 emissus
1241 1199 1319 1230 Vat.
1347 1208 1398 1238 pr.
1418 1197 1564 1228 inmissus
1578 1197 1659 1230 Vat.

198 1247 305 1278 Livin.
323 1247 393 1277 aula
411 1256 472 1287 pro
488 1248 568 1286 Alpe
585 1247 710 1277 Moret.
726 1255 793 1277 see.
822 1256 866 1275 in.
886 1247 1025 1286 pin—83
1049 1244 1129 1274 hosti
1151 1244 1319 1274 Pan—84
1344 1241 1429 1272 Solis
1452 1250 1514 1279 pro
1531 1240 1659 1271 Scilicet

195 1291 278 1320 Var.
297 1290 363 1321 LL.
380 1289 434 1320 ed.
461 1288 566 1320 Antv.
582 1289 615 1319 in
630 1288 756 1319 domitis
773 1289 825 1319 vel
845 1291 877 1319 nt
901 1287 1028 1318 domitis
1044 1287 1137 1318 Med.
1165 1296 1217 1326 pr.
1234 1285 1330 1315 hostis
1346 1294 1405 1324 pro
1421 1283 1513 1321 Afris
1524 1283 1657 1314 Thuan.

194 1335 278 1363 —85
304 1332 400 1363 BIuro
416 1333 500 1363 Exc.
518 1331 616 1363 Laeti.
633 1332 747 1362 Mauro
761 1332 840 1361 Vat.
870 1336 951 1361 tert.
981 1331 1079 1360 Farn.
1098 1329 1193 1360 Med.
1221 1337 1289 1359 sec.
1317 1337 1361 1358 m.
1391 1336 1440 1367 pr.
1469 1326 1549 1357 Put.
1569 1326 1660 1366 Reg-

195 1374 315 1406 Ambr.
347 1385 415 1405 sec.
448 1375 574 1405 Moret.
605 1383 674 1405 sec.
696 1374 762 1404 duo
793 1374 908 1405 Oxon.
924 1373 1003 1404 Vat.
1036 1373 1145 1404 Livin.
1174 1371 1228 1402 ed.
1246 1371 1360 1401 Vicet.
1390 1375 1426 1400 et
1442 1369 1548 1400 Colin.
1563 1369 1658 1399 Maro

196 1418 248 1448 vel
267 1419 382 1448 Mauro
400 1418 481 1448 Lov.
509 1417 602 1448 Med.
629 1426 678 1457 pr.
704 1420 876 1456 mortesque
892 1416 987 1447 Med.
1006 1420 1085 1447 tert.
1112 1419 1287 1454 noctemque
1302 1416 1459 1444 cruentam
1477 1411 1658 1442 Prie—86

196 1460 348 1490 Collinam
364 1461 443 1491 Vat.
461 1470 510 1500 pr.
525 1460 580 1491 sub
596 1463 682 1490 turre
699 1460 764 1490 duo
782 1460 878 1491 Vatt.
892 1460 1013 1490 Petav.
1030 1469 1080 1499 pr.
1093 1459 1189 1489 Voss.
1212 1458 1296 1488 Exc.
1314 1456 1392 1487 Pat.
1416 1464 1485 1485 rec.
1501 1458 1588 1484 turre
1603 1454 1659 1485 vel

189 1506 281 1543 parte
297 1503 464 1534 Pan—87
490 1506 538 1533 ter
561 1503 643 1533 victa
664 1502 736 1540 sere
763 1503 844 1533 Lov.
875 1503 958 1533 victa
981 1502 1046 1532 ruit
1072 1502 1153 1532 Vat.
1182 1510 1231 1540 pr.
1262 1504 1297 1531 et
1322 1503 1405 1529 tert.
1421 1498 1572 1528 Florent.
1590 1496 1657 1528 inc.

195 1546 316 1576 Heins.
332 1546 462 1577 Mazar.
480 1545 558 1576 Pat.
575 1545 696 1576 Ambr.
711 1555 778 1576 see.
795 1546 879 1576 Exc.
897 1546 976 1576 Pat.
992 1554 1060 1575 rec.
1079 1543 1131 1575 cd.
1149 1544 1261 1574 Parni.
1278 1546 1314 1573 et
1325 1539 1521 1578 Vicet.suit
1537 1539 1658 1580 viginti

195 1593 341 1627 quatuor
358 1589 429 1628 alii,
455 1588 541 1619 Exc.
566 1589 708 1619 Gevart.
724 1588 794 1626 suit
821 1589 873 1617 vel
903 1588 969 1618 ruit
992 1586 1111 1617 Ambr.
1129 1596 1180 1627 pr.
1200 1587 1254 1616 hoc
1283 1585 1367 1616 mille
1385 1584 1480 1615 Leid.
1512 1592 1562 1623 pr.
1589 1582 1657 1614 duo

195 1630 307 1662 Oxon.
324 1632 423 1661 ambo
451 1631 575 1672 Moret.
598 1631 679 1661 Lov.
709 1629 787 1661 Ald.
804 1629 906 1660 Wolf.
935 1630 999 1659 lioec
1016 1630 1082 1659 duo
1096 1630 1190 1659 Vatt.
1209 1629 1332 1658 Petav.
1358 1637 1407 1667 pr.
1423 1626 1559 1657 Thilan.
1576 1625 1654 1655 edd.

193 1673 308 1704 Parm.
324 1673 438 1703 Vicct.
453 1673 549 1704 Junt.
566 1672 758 1712 Gryph.lzoe
775 1672 898 1712 Isiugr.
916 1672 1058 1711 Raphel.
1088 1672 1205 1711 elapsa
1231 1670 1428 1700 lite1·a.-—SS
1451 1668 1658 1707 impressaqtte

192 1715 287 1746 Leid.
305 1725 355 1756 pr.
373 1716 451 1746 Pat.
483 1716 547 1746 inc.
573 1715 691 1746 Heius,
707 1714 785 1745 Ald.
800 1715 994 1754 impensaque
1010 1715 1162 1744 Floreut.
1176 1717 1322 1753 quatuor
1333 1711 1427 1742 Med.
1447 1715 1516 1740 tres
1534 1709 1659 1741 Petav.

194 1758 336 1790 totidem
360 1758 476 1789 Ambr.
503 1768 587 1788 unus
612 1758 732 1788 Heius.
749 1757 829 1788 Put.
862 1758 947 1796 Reg.
964 1757 1096 1787 Tliuan.
1121 1756 1247 1786 Mazar.
1278 1755 1408 1785 Bonon.
1433 1750 1573 1783 ThoIosj
1601 1753 1655 1784 ed.

193 1802 304 1832 Vicet.
319 1801 481 1832 Heinsius
496 1801 703 1840 ascripserat
719 1800 794 1830 loca
811 1799 984 1839 Spartian.
1001 1800 1034 1829 in
1059 1798 1250 1829 Hadriano.
1275 1798 1285 1814 ‘
1302 1796 1422 1827 Socrui
1440 1805 1509 1826 suae
1537 1795 1656 1836 praeci-

191 1853 275 1885 puos
298 1844 441 1875 honores
466 1842 635 1884 impendit
662 1842 750 1873 ludis
778 1841 988 1882 gladiatoriis
1012 1840 1215 1881 caeterisque
1238 1838 1381 1870 officiis?
1403 1847 1480 1878 pag.
1496 1841 1528 1869 5.
1558 1839 1579 1869 l.
1602 1840 1655 1870 20.

855 1921 996 1954 NOTAE

235 2002 276 2030 82
299 1998 394 2039 Alpe]
432 1997 606 2030 Hannibal
638 1997 810 2038 superavit
837 1995 896 2027 Al-

193 2060 268 2091 pes,
282 2051 391 2090 ruptis
408 2054 506 2081 aceto
522 2050 658 2090 ignique
675 2048 842 2080 cautibus.

234 2103 274 2131 83
301 2100 482 2139 Proximus]
513 2100 685 2130 Hannibal
717 2099 819 2130 tertio
851 2098 894 2130 ab

192 2149 284 2180 Urbe
298 2149 411 2189 lapide
423 2154 537 2179 castra
551 2155 696 2179 metatus
709 2154 761 2180 est
778 2159 784 2179 :
804 2150 894 2180 unde

192 2199 432 2236 Proverbium,
464 2200 473 2215 ⁴
490 2199 659 2229 Hannibal
681 2200 722 2230 ad
750 2199 892 2239 portas,’

193 2250 236 2281 ad
263 2250 482 2281 indicandum
514 2249 695 2279 maximum
726 2249 895 2281 Romano-

191 2310 265 2331 rum
297 2305 474 2331 terrorem.
535 2300 601 2330 Sed
632 2300 688 2330 ille
726 2300 894 2340 imbrium,

192 2356 436 2392 ventorumque
463 2350 634 2389 violentia,
660 2351 753 2380 velut
770 2350 892 2380 divini-

191 2407 257 2442 tus,
271 2402 313 2433 ab
330 2402 421 2433 urbis
438 2402 602 2432 moenibus
624 2405 810 2431 summotus
827 2405 890 2431 est.

234 2455 273 2483 85
291 2452 402 2492 Maro]
418 2451 569 2483 Sustinui
585 2452 667 2482 meis
684 2450 786 2481 muris
798 2451 890 2481 Mar-

191 2507 274 2543 tem,
310 2502 373 2534 hoc
402 2507 456 2533 est
486 2502 730 2541 Hannibalem,
761 2501 890 2532 circum

189 2563 264 2585 mea
300 2553 424 2584 moenia
462 2564 539 2584 cum
569 2552 701 2584 duobus
737 2552 890 2593 equitum

188 2604 337 2635 millibus
352 2605 618 2645 obequitantem.

234 2654 405 2695 Noctesque
421 2658 564 2685 cruentus
581 2653 702 2684 Collina
714 2663 772 2694 pro
788 2651 890 2692 turre]

191 2703 365 2735 Hannibal
392 2715 412 2735 a
441 2711 538 2745 porta
557 2704 690 2736 Collina
716 2713 819 2744 usque
846 2702 888 2734 ad

190 2753 356 2794 templum
385 2754 546 2786 Herculis
576 2753 787 2795 obequitans,
821 2753 887 2785 Ro-

949 2005 1036 2027 mam
1075 1994 1296 2036 explorabat:
1336 1991 1472 2024 Fulvius
1510 1992 1653 2023 Flaccus

951 2056 1017 2077 non
1033 2046 1124 2085 tulit,
1148 2045 1208 2076 sed
1226 2048 1355 2075 armata
1372 2052 1473 2074 manu
1499 2042 1593 2073 illum
1618 2042 1653 2072 in

949 2101 1064 2128 castra
1079 2106 1138 2127 sua
1153 2094 1318 2126 recedere
1335 2093 1459 2133 co‘essgit.
1493 2092 1562 2123 Die
1578 2102 1656 2132 pos-

950 2152 1036 2187 tera,
1053 2151 1088 2178 et
1113 2146 1223 2178 adhuc
1245 2149 1424 2186 sequente,
1441 2143 1540 2174 ambo
1556 2152 1654 2174 exer·

948 2198 1036 2229 citus
1060 2198 1222 2228 alacriter
1248 2202 1401 2237 pugnare
1424 2192 1653 2233 apparabant,

949 2248 1007 2278 sed
1031 2252 1150 2278 exorta
1175 2246 1289 2277 subita
1313 2248 1532 2284 tempestate,
1547 2243 1653 2274 semel

948 2304 1050 2340 atque
1076 2299 1198 2330 iterum
1221 2296 1383 2337 perculsi,
1405 2305 1424 2326 a
1455 2304 1570 2336 pugna
1591 2294 1652 2326 de-

946 2350 1120 2381 stiterunt.
1165 2349 1325 2380 Ceterum
1338 2356 1439 2388 qnam
1454 2345 1568 2376 Livius
1581 2344 1652 2375 Col-

944 2399 1040 2429 linam
1056 2398 1329 2438 vocat,Valerius
1349 2396 1519 2427 Maximus
1534 2394 1652 2434 appel-

944 2449 993 2479 lat
1004 2452 1127 2489 portam
1144 2451 1311 2489 Capenam,
1329 2456 1396 2488 qua
1422 2445 1556 2476 scilicet
1579 2443 1652 2475 itur

945 2499 1108 2539 Capuam.
1152 2499 1209 2529 Sic
1233 2499 1319 2529 enim
1344 2497 1423 2526 ine:
1450 2497 1458 2512 ‘
1473 2495 1648 2536 Capenam

944 2554 1082 2589 portam
1100 2549 1200 2579 armis
1219 2547 1386 2579 Annibale
1403 2544 1583 2586 pulsante!

988 2602 1029 2630 88
1052 2598 1189 2638 Soecuza]
1227 2597 1353 2628 Tribus
1382 2595 1478 2626 bellis
1495 2594 1647 2636 Punicis,

944 2649 999 2680 vel
1022 2647 1370 2689 Carthaginiensibus,
1396 2646 1506 2678 Roma
1528 2645 1648 2678 diutis-

944 2700 1027 2732 sime
1041 2699 1188 2742 fatigata
1204 2703 1268 2731 est.
