1852 3193
912 487 1018 535 IX.

627 628 763 688 CL.
815 627 1326 688 CLAUDIANI

467 760 980 804 EPITHALAMII
1020 760 1097 802 IN
1144 757 1470 802 NUPTIAS

277 894 372 969 H
403 892 944 969 ONORII
1032 888 1663 966 AUGUSTI

722 1115 1238 1192 MARIAE

600 1263 1344 1328 PRAEFATIQ

731 1563 1212 1597 ARGUMENTUM.

281 1645 337 1677 UT
353 1642 480 1684 nuptiis
496 1640 650 1673 Thetidis
673 1645 709 1672 et
727 1640 824 1672 Pelei
840 1640 898 1671 Dii
915 1641 1051 1680 adsunt,
1068 1638 1194 1680 Apollo
1212 1638 1390 1679 Musaeque
1404 1639 1543 1676 canunt,
1559 1635 1606 1667 sic
1623 1638 1657 1666 et
1675 1634 1708 1666 in

240 1699 368 1741 nuptiis
386 1696 532 1729 Honorii
550 1699 586 1727 et
601 1694 736 1726 Mariae.

239 1880 522 1938 SURGERET
545 1892 590 1932 in
609 1891 847 1932 thalamum
869 1889 1003 1931 ducto
1024 1903 1124 1930 cum
1146 1888 1304 1930 Pelion
1325 1897 1448 1939 arcu,

298 1961 399 2003 Nec
422 1963 599 2014 caperet
618 1963 764 2000 tantos
786 1958 966 2013 hospita
987 1961 1101 1999 terra
1124 1958 1245 1998 Deos
1263 1970 1274 2009 3

283 2067 363 2098 Cum
408 2066 520 2097 Pelion
561 2074 657 2097 mons
693 2064 866 2102 fornic-atis
914 2064 1016 2095 antris
1063 2063 1261 2094 attolleretur
1305 2061 1341 2092 in
1386 2059 1531 2092 formam
1567 2060 1710 2100 thalami,

241 2120 337 2152 neque
363 2110 454 2140 tellus
478 2108 601 2148 hospita
632 2107 804 2138 contineret
832 2110 921 2138 tanta
951 2106 1113 2143 Numz'na;
1151 2116 1219 2136 cum
1252 2114 1336 2136 socer
1362 2105 1502 2136 marinus
1545 2106 1577 2136 et
1601 2104 1713 2144 ingen-s

870 2180 1091 2192 eeeeeeeeeee

286 2227 329 2258 In
346 2225 516 2256 Vaticano
534 2228 656 2265 quarto
674 2228 709 2254 et
733 2222 922 2255 Petaviano
951 2222 1061 2262 primo
1088 2221 1286 2253 inscribitur
1312 2222 1361 2252 Cl.
1382 2220 1549 2251 Claudiani
1563 2219 1659 2251 Liber
1672 2220 1710 2251 de

244 2269 376 2310 Nuptiis
394 2267 529 2299 Honorii
553 2270 582 2297 et
607 2266 737 2297 Mariae.
765 2266 798 2296 in
826 2267 948 2296 Petav.
979 2271 1061 2295 tert.
1090 2266 1216 2296 Moret.
1244 2274 1313 2296 sec.
1341 2268 1378 2295 et
1391 2264 1474 2294 Var.
1490 2263 1712 2303 LL.emarg0

243 2312 361 2344 Parm.
380 2309 627 2351 Epithalamium
652 2310 690 2338 de
719 2308 846 2348 Nuptiis
871 2308 1007 2337 Honoriz‘
1034 2311 1063 2338 et
1089 2308 1216 2338 BIarioe.
1233 2308 1267 2338 in
1285 2307 1370 2338 Exc.
1388 2307 1534 2337 Lucens.
1552 2315 1621 2337 sec.
1639 2309 1714 2337 erat

244 2355 363 2396 Incipit
393 2352 642 2393 Epithalamium
669 2353 706 2381 de
730 2350 862 2390 Nuptiis
888 2350 1024 2380 Honor-ii
1049 2351 1134 2389 Aug.
1160 2350 1260 2388 Proef.
1275 2351 1356 2380 Vat.
1375 2359 1426 2390 pr.
1444 2349 1597 2386 exhibet,
1616 2348 1713 2378 Pro'e'-

243 2398 388 2429 miamin
407 2397 545 2436 Nuptias
562 2393 699 2425 Honorii
721 2396 752 2424 et
781 2392 909 2423 Μανία».
942 2397 975 2423 et
998 2392 1077 2422 dein
1095 2398 1171 2432 post
1189 2392 1426 2433 praefationem
1445 2391 1561 2432 Incipit
1578 2390 1712 2430 Epitha-

245 2440 372 2472 lamium
402 2443 500 2470 metro
528 2437 675 2468 Heroico.
701 2435 734 2466 in
758 2436 879 2466 Petav.
906 2444 958 2474 pr.
984 2434 1147 2466 Praefatio
1173 2445 1274 2465 manu
1292 2435 1424 2465 recenti
1449 2434 1600 2473 ascripta
1624 2436 1711 2464 erat.

245 2486 308 2515 —1
333 2482 487 2522 Surgerat
502 2480 597 2512 Med.
613 2483 694 2511 tert.
720 2488 788 2510 cum
803 2479 894 2509 ducto
911 2477 1024 2508 Oxou.
1041 2480 1160 2517 pr.—2
1183 2479 1257 2509 Non
1272 2480 1392 2518 caperet
1408 2475 1503 2508 Med.
1522 2479 1601 2507 tert.
1625 2477 1712 2507 terra

909 2552 1049 2584 NOTAE

290 2618 516 2663 Epithalamii]
576 2618 732 2660 Hymnus
785 2617 819 2648 in
865 2626 951 2656 nup·
1008 2616 1114 2647 Ducis
1132 2614 1322 2655 fortissimi,
1346 2614 1389 2646 de
1416 2623 1482 2656 quo
1506 2613 1615 2645 multa
1636 2612 1711 2654 jam

248 2673 305 2705 tiis
340 2672 418 2704 cani
457 2671 588 2702 solitus.
635 2669 773 2701 Dicitur
810 2667 852 2699 ab
889 2666 952 2707 ἐπὶ,
1006 2666 1164 2697 diximus.

248 2732 352 2764 super,
375 2727 411 2753 et
426 2720 576 2761 θάλαμος,
590 2720 762 2752 cubiculum
777 2719 950 2758 conjugale.
1050 2721 1066 2748 1
1113 2716 1282 2757 Surgeret]
1326 2715 1516 2747 Attolleret
1552 2712 1713 2755 fornices,

292 2771 426 2813 Μαι-ἰῶ]
470 2772 558 2804 Haec
575 2775 651 2804 erat
665 2770 737 2804 filia
759 2769 952 2803 Stilichonis
1006 2772 1046 2801 ut
1066 2767 1172 2800 Peleo
1199 2771 1235 2799 et
1256 2766 1396 2800 Thetidi
1419 2765 1603 2798 thalamum
1626 2774 1714 2808 prae-
