1857 3177
541 209 592 240 IN
626 208 699 239 cz.
733 206 1088 240 CLAUDIANUM.
1481 195 1540 241 35

85 317 198 346 nunc
215 304 387 359 quidem
404 303 590 358 primum
611 302 770 345 amoris
786 314 1018 343 accessum
1032 300 1536 358 sentiens‚lacrymisque

87 372 364 425 Proserpinae
386 375 647 420 commotus,
667 383 764 411 eam
786 370 950 411 solatur
971 373 1014 409 et
1036 369 1161 423 elysii
1181 369 1473 422 descriptione
1493 375 1538 413 et

84 452 166 493 spe
188 440 421 493 potestatis
442 438 600 478 suturae
623 437 685 491 (v.
707 438 979 485 273-306.).
1011 436 1208 477 Tandem
1231 437 1398 489 nuptiae
1420 437 1538 489 apud

84 506 244 547 inferos
264 506 396 552 omni,
419 518 505 558 qua
528 518 608 558 par
628 509 706 554 est,
728 505 884 545 laetitia
923 510 967 545 et
1002 505 1234 544 festivitate
1259 503 1537 543 celebrantur

82 573 147 626 (V.
169 572 454 621 307—366.);
486 585 565 612 nec
584 573 777 625 pronuba
802 572 939 622 deest,
962 573 1086 626 cujus
1109 572 1227 612 vices
1247 569 1355 611 Nox
1385 582 1536 611 susce-

83 643 161 694 pit,
182 653 259 681 nec
281 639 624 694 epithalamium.

140 708 316 749 Librum
358 708 532 748 tertium
575 706 772 747 Deorum
813 705 1003 746 concilio
1045 704 1315 746 Claudianus
1360 705 1536 756 orditur,

81 775 200 830 quod
230 774 478 828 frequenter
512 775 700 815 occurrit
732 772 851 827 apud
873 772 1047 826 poetas.
1108 772 1284 826 Jupiter
1318 785 1540 815 convoca-

79 846 199 884 verat
221 842 361 890 Deos,
383 845 430 882 ut
450 854 529 882 eos
549 846 714 882 vetaret
746 841 876 881 minis
898 841 1174 894 gravissimis
1206 840 1412 895 adjectis,
1434 852 1537 894 rap-

78 915 216 951 torem
239 909 517 962 Proserpinae
539 910 664 950 matri
685 908 819 949 filiam
841 909 1048 961 quaerenti
1072 906 1281 957 indicare,
1305 912 1352 948 ut
1378 911 1537 948 coacta

79 990 228 1018 omnes
269 981 401 1018 terras
439 980 708 1031 peragraret,
746 976 927 1030 votique
967 989 1153 1029 compos
1198 976 1370 1016 tandem
1420 976 1538 1016 facta

77 1044 333 1098 indicioque
350 1045 456 1085 laeta
470 1045 721 1085 hominibus
741 1043 884 1097 fruges
906 1044 1161 1097 impertiret.
1185 1043 1243 1084 Se
1257 1056 1415 1095 nempe
1432 1043 1538 1083 olim

80 1125 258 1153 auream
275 1116 455 1153 aetatem
478 1111 729 1159 sustulisse,
753 1123 809 1151 ne
848 1111 1042 1151 homines
1063 1110 1154 1151 otio
1173 1113 1218 1150 et
1240 1117 1411 1162 torpore
1433 1122 1536 1149 con-

78 1178 324 1228 ficerentur,
360 1179 643 1232 corporisque
676 1183 721 1217 et
747 1178 880 1218 animi
916 1178 1031 1217 vires
1065 1178 1106 1217 in
1138 1176 1388 1230 quaerendis
1430 1177 1534 1218 vitae

76 1246 414 1286 necessitatibus
453 1247 770 1284 exercerentur.
832 1243 877 1284 N
881 1256 965 1283 unc
1003 1246 1146 1283 autem
1199 1247 1366 1285 naturae
1405 1243 1535 1284 almae

76 1312 299 1366 precibuS‚
322 1314 372 1352 ut
393 1310 478 1351 sibi
498 1311 664 1357 liceret,
687 1309 874 1361 egestati
897 1309 1097 1348 humanae
1120 1309 1286 1361 opibus
1308 1310 1400 1348 suis
1432 1311 1537 1350 sub-

76 1379 240 1427 venire,
260 1389 361 1418 sese
389 1376 541 1418 cedere
560 1376 625 1431 (v.
647 1376 836 1427 1—65.).
897 1375 1246 1417 Comminatione
1274 1376 1406 1428 igitur
1429 1376 1535 1417 Plu-

75 1447 191 1487 tonis
200 1444 380 1499 Jupiter
393 1444 563 1497 cogitur
575 1456 700 1484 suam
714 1444 857 1497 ipsius
870 1442 1004 1484 filiam
1017 1442 1216 1496 prodere,
1226 1441 1426 1495 hancque
1446 1456 1536 1484 rem

75 1513 236 1555 malam
270 1513 314 1553 in
348 1512 510 1553 bonam
530 1511 661 1552 vertit
691 1510 958 1561 hominibus,
989 1510 1283 1565 Cereremque
1314 1511 1534 1551 erroribus

73 1581 254 1633 insuper
286 1579 458 1631 fatigat,
491 1584 542 1620 ut
580 1579 670 1620 illis
705 1579 861 1621 melius
894 1578 1071 1620 tandem
1099 1578 1169 1619 sit.
1231 1577 1334 1619 Jam
1356 1590 1533 1631 quoque

74 1659 261 1701 quaeraS,
281 1659 494 1701 quorsum
515 1646 688 1687 tandem
712 1650 780 1687 tot
815 1647 1014 1699 tantique
1036 1645 1234 1686 errores?
1298 1644 1458 1685 Nonne
1492 1648 1535 1686 et

74 1715 170 1755 sine
202 1715 287 1764 his,
320 1714 504 1769 praemio
538 1714 696 1768 judicii
743 1713 891 1754 statim
924 1713 1173 1767 proposito,
1215 1711 1350 1753 Ceres
1389 1712 1534 1764 fruges

74 1787 197 1823 terrae
219 1781 321 1822 dare
337 1782 541 1836 poterat?
603 1781 823 1835 Equidem
844 1780 1006 1830 habeo,
1036 1781 1154 1834 quod
1177 1794 1235 1821 ex
1258 1781 1440 1832 antiqua
1460 1779 1534 1820 illa

71 1848 223 1889 fabula
254 1848 574 1902 respondeam
606 1849 762 1889 vellem
795 1852 939 1890 tamen
975 1862 1046 1888 me
1079 1862 1106 1889 a
1139 1847 1272 1902 poeta
1306 1848 1375 1888 vel
1398 1848 1530 1888 verbo

70 1928 167 1957 esse
188 1916 413 1958 monitum.
475 1915 586 1957 Sunt
603 1920 819 1970 praeterea
838 1916 978 1970 plura,
995 1916 1154 1970 quibus
1175 1916 1334 1964 elucet,
1353 1913 1534 1967 poetam
1580 1956 1582 1959 ,

74 1982 128 2022 de
161 1983 335 2023 consilii
355 1983 527 2023 ratione
557 1996 643 2023 non
672 1983 801 2024 nimis
831 1984 971 2024 fuisse
1005 1984 1246 2032 solicitum,
1269 1988 1311 2022 et
1343 1981 1532 2033 ingenio,

73 2054 288 2103 quatenus
319 2049 365 2088 in
396 2049 524 2089 rebus
544 2049 815 2090 inveniendis
835 2063 882 2089 se
902 2054 1090 2097 exserat,
1115 2061 1299 2088 acumen
1321 2047 1531 2088 defuisse.

73 2116 252 2157 Interim
270 2115 403 2156 Ceres
420 2115 591 2156 somnia
606 2115 725 2156 videt
739 2115 968 2169 complura
980 2128 1036 2155 ex
1052 2113 1282 2168 ὀνειροπόλων
1298 2114 1534 2166 disciplina

71 2182 195 2237 quasi
226 2182 428 2231 subnata,
460 2193 648 2234 quorum
677 2182 766 2222 alia
786 2182 886 2221 aliis
908 2181 1093 2221 clariora
1115 2185 1158 2221 et
1186 2180 1533 2233 significantiora

68 2253 201 2291 erant.
260 2247 464 2289 Ceterum
491 2260 649 2289 numen
685 2247 868 2302 aliquod
902 2248 1126 2288 somnians
1148 2248 1203 2288 ab
1227 2248 1377 2301 aliquo
1398 2248 1529 2302 poeta

67 2316 204 2358 fuisse
236 2316 476 2364 inductum,
508 2328 626 2355 nunc
648 2314 842 2369 quidem,
866 2328 967 2356 cum
996 2314 1082 2356 hoc
1110 2316 1272 2364 scribo,
1294 2315 1437 2367 legere
1459 2328 1528 2356 me

67 2395 156 2424 non
175 2384 368 2426 memini.
429 2381 630 2424 Tandem
651 2382 792 2435 ipsius
813 2381 919 2438 filiae
946 2382 1092 2434 imago
1115 2383 1314 2422 oboritur
1335 2382 1527 2432 cubanti,

69 2452 307 2505 matrisque
329 2451 557 2499 incuriam,
577 2462 666 2491 non
684 2449 859 2503 quidem
880 2451 1111 2499 immerito,
1133 2450 1209 2490 sed
1230 2450 1362 2502 paulo
1384 2454 1531 2490 tamen

69 2518 379 2567 vehementius,
390 2531 523 2571 quam
546 2517 650 2559 filiae
672 2530 754 2571 par
774 2523 907 2567 esset,
925 2518 1146 2567 incusans,
1164 2518 1307 2557 macie
1330 2517 1530 2557 confecta

71 2584 325 2638 catenisque
357 2589 537 2626 onerata
571 2586 629 2633 (v.
659 2582 905 2638 66-110.).
966 2584 1143 2634 Quibus
1175 2585 1302 2624 rebus
1337 2585 1530 2624 excitata

73 2650 220 2702 Ceres,
241 2656 303 2701 ut,
326 2652 692 2707 quemadmodum
723 2652 826 2706 ipsa
857 2653 1098 2706 profitetur,
1134 2653 1395 2692 securiorem
1422 2650 1527 2691 filiae

72 2717 216 2759 locum
250 2720 538 2774 prospiceret,
585 2721 728 2764 animo
768 2719 1059 2762 calamitatem
1096 2719 1190 2773 jam
1225 2718 1527 2771 praesagiente,
