<?xml version="1.0" encoding="UTF-8"?>
<!DOCTYPE html PUBLIC "-//W3C//DTD XHTML 1.0 Transitional//EN"
    "http://www.w3.org/TR/xhtml1/DTD/xhtml1-transitional.dtd">
<html xmlns="http://www.w3.org/1999/xhtml" xml:lang="en" lang="en">
 <head>
  <title>
</title>
<meta http-equiv="Content-Type" content="text/html;charset=utf-8" />
  <meta name='ocr-system' content='tesseract 3.04.00' />
  <meta name='ocr-capabilities' content='ocr_page ocr_carea ocr_par ocr_line ocrx_word'/>
</head>
<body>
  <div class='ocr_page' id='page_1' title='image "./operaomniaexedit01clauuoft/operaomniaexedit01clauuoft_0516.png"; bbox 0 0 1852 3193; ppageno 0'>
   <div class='ocr_carea' id='block_1_1' title="bbox 213 206 1231 247">
    <p class='ocr_par' dir='ltr' id='par_1_1' title="bbox 213 206 1231 247">
     <span class='ocr_line' id='line_1_1' title="bbox 213 206 1231 247; baseline -0.009 0"><span class='ocrx_word' id='word_1_1' title='bbox 213 206 298 247; x_wconf 80' lang='lat'>496</span> <span class='ocrx_word' id='word_1_2' title='bbox 655 214 731 243; x_wconf 82' lang='lat' dir='ltr'>GL.</span> <span class='ocrx_word' id='word_1_3' title='bbox 763 209 1045 241; x_wconf 67' lang='lat' dir='ltr'>CLAUDIAM</span> <span class='ocrx_word' id='word_1_4' title='bbox 1082 208 1231 238; x_wconf 78' lang='lat' dir='ltr'>xviii.</span> 
     </span>
    </p>
   </div>
   <div class='ocr_carea' id='block_1_2' title="bbox 212 301 1506 901">
    <p class='ocr_par' dir='ltr' id='par_1_2' title="bbox 212 301 1506 495">
     <span class='ocr_line' id='line_1_2' title="bbox 212 301 1463 360; baseline -0.008 -9"><span class='ocrx_word' id='word_1_5' title='bbox 212 311 325 351; x_wconf 88' lang='lat' dir='ltr'>Tum</span> <span class='ocrx_word' id='word_1_6' title='bbox 347 311 411 351; x_wconf 86' lang='lat' dir='ltr'>sic</span> <span class='ocrx_word' id='word_1_7' title='bbox 434 322 535 350; x_wconf 85' lang='lat' dir='ltr'>orsa</span> <span class='ocrx_word' id='word_1_8' title='bbox 554 307 678 360; x_wconf 90' lang='lat' dir='ltr'>loqui</span> <span class='ocrx_word' id='word_1_9' title='bbox 696 319 705 345; x_wconf 93' lang='lat'><strong>:</strong></span> <span class='ocrx_word' id='word_1_10' title='bbox 739 304 961 353; x_wconf 78' lang='lat' dir='ltr'>Quantum</span> <span class='ocrx_word' id='word_1_11' title='bbox 984 304 1027 341; x_wconf 87' lang='lat' dir='ltr'>te</span> <span class='ocrx_word' id='word_1_12' title='bbox 1049 301 1255 356; x_wconf 78' lang='lat' dir='ltr'>Principe</span> <span class='ocrx_word' id='word_1_13' title='bbox 1275 302 1463 356; x_wconf 88' lang='lat' dir='ltr'>possim,</span> 
     </span>
     <span class='ocr_line' id='line_1_3' title="bbox 216 369 1506 429; baseline -0.009 -9"><span class='ocrx_word' id='word_1_14' title='bbox 216 380 318 419; x_wconf 90' lang='lat' dir='ltr'>Non</span> <span class='ocrx_word' id='word_1_15' title='bbox 338 379 576 429; x_wconf 63' lang='lat' dir='ltr'>long-inqua</span> <span class='ocrx_word' id='word_1_16' title='bbox 597 374 782 414; x_wconf 80' lang='lat' dir='ltr'>docent:</span> <span class='ocrx_word' id='word_1_17' title='bbox 815 370 980 410; x_wconf 90' lang='lat' dir='ltr'>domito</span> <span class='ocrx_word' id='word_1_18' title='bbox 1002 369 1119 424; x_wconf 89' lang='lat' dir='ltr'>quod</span> <span class='ocrx_word' id='word_1_19' title='bbox 1142 370 1321 410; x_wconf 81' lang='lat' dir='ltr'>Saxone</span> <span class='ocrx_word' id='word_1_20' title='bbox 1341 369 1506 422; x_wconf 83' lang='lat' dir='ltr'>Tethys</span> 
     </span>
     <span class='ocr_line' id='line_1_4' title="bbox 214 437 1234 495; baseline -0.01 -8"><span class='ocrx_word' id='word_1_21' title='bbox 214 446 382 495; x_wconf 79' lang='lat' dir='ltr'>Mitior,</span> <span class='ocrx_word' id='word_1_22' title='bbox 404 449 478 485; x_wconf 80' lang='lat' dir='ltr'>aut</span> <span class='ocrx_word' id='word_1_23' title='bbox 499 445 638 484; x_wconf 84' lang='lat' dir='ltr'>fracto</span> <span class='ocrx_word' id='word_1_24' title='bbox 661 451 818 480; x_wconf 87' lang='lat' dir='ltr'>secura</span> <span class='ocrx_word' id='word_1_25' title='bbox 839 438 1063 479; x_wconf 81' lang='lat' dir='ltr'>Britannia</span> <span class='ocrx_word' id='word_1_26' title='bbox 1085 437 1234 478; x_wconf 85' lang='lat' dir='ltr'>Picto.</span> 
     </span>
    </p>

    <p class='ocr_par' dir='ltr' id='par_1_3' title="bbox 213 505 1252 566">
     <span class='ocr_line' id='line_1_5' title="bbox 213 505 1252 566; baseline -0.008 -12"><span class='ocrx_word' id='word_1_27' title='bbox 213 513 331 554; x_wconf 82' lang='lat' dir='ltr'>Ante</span> <span class='ocrx_word' id='word_1_28' title='bbox 352 513 485 566; x_wconf 80' lang='lat' dir='ltr'>pedes</span> <span class='ocrx_word' id='word_1_29' title='bbox 505 508 660 550; x_wconf 89' lang='lat' dir='ltr'>humili</span> <span class='ocrx_word' id='word_1_30' title='bbox 683 507 857 549; x_wconf 80' lang='lat' dir='ltr'>Franco</span> <span class='ocrx_word' id='word_1_31' title='bbox 879 507 1080 558; x_wconf 82' lang='lat' dir='ltr'>tristique</span> <span class='ocrx_word' id='word_1_32' title='bbox 1104 505 1252 565; x_wconf 73' lang='lat' dir='ltr'>Suevo</span> 
     </span>
    </p>

    <p class='ocr_par' dir='ltr' id='par_1_4' title="bbox 215 573 1443 834">
     <span class='ocr_line' id='line_1_6' title="bbox 215 573 1443 625; baseline -0.007 -4"><span class='ocrx_word' id='word_1_33' title='bbox 215 580 421 621; x_wconf 80' lang='lat' dir='ltr'>Perfruor</span> <span class='ocrx_word' id='word_1_34' title='bbox 439 593 447 619; x_wconf 95' lang='lat'>:</span> <span class='ocrx_word' id='word_1_35' title='bbox 479 583 520 619; x_wconf 85' lang='lat' dir='ltr'>et</span> <span class='ocrx_word' id='word_1_36' title='bbox 541 583 735 617; x_wconf 84' lang='lat' dir='ltr'>nostrum</span> <span class='ocrx_word' id='word_1_37' title='bbox 755 575 901 625; x_wconf 81' lang='lat' dir='ltr'>video,</span> <span class='ocrx_word' id='word_1_38' title='bbox 922 574 1199 623; x_wconf 83' lang='lat' dir='ltr'>Germanice,</span> <span class='ocrx_word' id='word_1_39' title='bbox 1223 573 1443 614; x_wconf 88' lang='lat' dir='ltr'>Rhenum.</span> 
     </span>
     <span class='ocr_line' id='line_1_7' title="bbox 216 642 1353 700; baseline -0.005 -12"><span class='ocrx_word' id='word_1_40' title='bbox 216 648 303 688; x_wconf 90' lang='lat' dir='ltr'>Sed</span> <span class='ocrx_word' id='word_1_41' title='bbox 324 647 428 700; x_wconf 84' lang='lat' dir='ltr'>quid</span> <span class='ocrx_word' id='word_1_42' title='bbox 451 645 611 698; x_wconf 69' lang='lat' dir='ltr'>agam?</span> <span class='ocrx_word' id='word_1_43' title='bbox 645 644 818 684; x_wconf 84' lang='lat' dir='ltr'>discors</span> <span class='ocrx_word' id='word_1_44' title='bbox 840 642 996 683; x_wconf 87' lang='lat' dir='ltr'>Oriens</span> <span class='ocrx_word' id='word_1_45' title='bbox 1016 642 1220 683; x_wconf 87' lang='lat' dir='ltr'>felicibus</span> <span class='ocrx_word' id='word_1_46' title='bbox 1242 643 1353 682; x_wconf 84' lang='lat' dir='ltr'>actis</span> 
     </span>
     <span class='ocr_line' id='line_1_8' title="bbox 215 710 1334 766; baseline -0.005 -10"><span class='ocrx_word' id='word_1_47' title='bbox 215 715 405 764; x_wconf 82' lang='lat' dir='ltr'>Invidet,</span> <span class='ocrx_word' id='word_1_48' title='bbox 430 718 558 766; x_wconf 84' lang='lat' dir='ltr'>atque</span> <span class='ocrx_word' id='word_1_49' title='bbox 580 712 668 753; x_wconf 84' lang='lat' dir='ltr'>alio</span> <span class='ocrx_word' id='word_1_50' title='bbox 694 711 857 752; x_wconf 88' lang='lat' dir='ltr'>Phoebi</span> <span class='ocrx_word' id='word_1_51' title='bbox 879 710 931 751; x_wconf 82' lang='lat' dir='ltr'>de</span> <span class='ocrx_word' id='word_1_52' title='bbox 952 710 1127 751; x_wconf 88' lang='lat' dir='ltr'>cardine</span> <span class='ocrx_word' id='word_1_53' title='bbox 1149 713 1334 762; x_wconf 86' lang='lat' dir='ltr'>surgunt</span> 
     </span>
     <span class='ocr_line' id='line_1_9' title="bbox 216 780 1263 834; baseline -0.007 -10"><span class='ocrx_word' id='word_1_54' title='bbox 216 784 420 831; x_wconf 78' lang='lat' dir='ltr'>Crimina,</span> <span class='ocrx_word' id='word_1_55' title='bbox 443 796 494 822; x_wconf 85' lang='lat' dir='ltr'>ne</span> <span class='ocrx_word' id='word_1_56' title='bbox 516 784 607 821; x_wconf 85' lang='lat' dir='ltr'>toto</span> <span class='ocrx_word' id='word_1_57' title='bbox 628 780 848 834; x_wconf 87' lang='lat' dir='ltr'>conspiret</span> <span class='ocrx_word' id='word_1_58' title='bbox 869 791 1051 833; x_wconf 89' lang='lat' dir='ltr'>corpore</span> <span class='ocrx_word' id='word_1_59' title='bbox 1071 791 1263 830; x_wconf 81' lang='lat' dir='ltr'>regnum.</span> 
     </span>
    </p>

    <p class='ocr_par' dir='ltr' id='par_1_5' title="bbox 217 845 1261 901">
     <span class='ocr_line' id='line_1_10' title="bbox 217 845 1261 901; baseline -0.007 -9"><span class='ocrx_word' id='word_1_60' title='bbox 217 851 422 892; x_wconf 82' lang='lat' dir='ltr'>Gildonis</span> <span class='ocrx_word' id='word_1_61' title='bbox 441 855 570 890; x_wconf 84' lang='lat' dir='ltr'>taceo</span> <span class='ocrx_word' id='word_1_62' title='bbox 592 860 750 901; x_wconf 83' lang='lat' dir='ltr'>magna</span> <span class='ocrx_word' id='word_1_63' title='bbox 770 860 868 887; x_wconf 87' lang='lat' dir='ltr'>cum</span> <span class='ocrx_word' id='word_1_64' title='bbox 889 845 1021 886; x_wconf 90' lang='lat' dir='ltr'>laude</span> <span class='ocrx_word' id='word_1_65' title='bbox 1042 849 1261 899; x_wconf 80' lang='lat' dir='ltr'>repertam</span> 
     </span>
    </p>
   </div>
   <div class='ocr_carea' id='block_1_3' title="bbox 1590 570 1674 611">
    <p class='ocr_par' dir='ltr' id='par_1_6' title="bbox 1590 570 1674 611">
     <span class='ocr_line' id='line_1_11' title="bbox 1590 570 1674 611; baseline 0 0"><span class='ocrx_word' id='word_1_66' title='bbox 1590 570 1674 611; x_wconf 78' lang='lat'>395</span> 
     </span>
    </p>
   </div>
   <div class='ocr_carea' id='block_1_4' title="bbox 212 985 1682 1241">
    <p class='ocr_par' dir='ltr' id='par_1_7' title="bbox 212 985 1682 1241">
     <span class='ocr_line' id='line_1_12' title="bbox 217 985 1678 1027; baseline -0.007 -4"><span class='ocrx_word' id='word_1_67' title='bbox 217 994 300 1023; x_wconf 77' lang='lat' dir='ltr'>Tunc</span> <span class='ocrx_word' id='word_1_68' title='bbox 316 992 422 1022; x_wconf 81' lang='lat' dir='ltr'>Roma</span> <span class='ocrx_word' id='word_1_69' title='bbox 447 990 493 1020; x_wconf 75' lang='lat' dir='ltr'>itu</span> <span class='ocrx_word' id='word_1_70' title='bbox 516 988 631 1027; x_wconf 77' lang='lat' dir='ltr'>incepit</span> <span class='ocrx_word' id='word_1_71' title='bbox 656 987 762 1027; x_wconf 78' lang='lat' dir='ltr'>loqui.-</span> <span class='ocrx_word' id='word_1_72' title='bbox 798 986 958 1020; x_wconf 79' lang='lat' dir='ltr'>Quantum</span> <span class='ocrx_word' id='word_1_73' title='bbox 984 987 1111 1023; x_wconf 72' lang='lat' dir='ltr'>caleam,</span> <span class='ocrx_word' id='word_1_74' title='bbox 1137 988 1167 1015; x_wconf 90' lang='lat' dir='ltr'>te</span> <span class='ocrx_word' id='word_1_75' title='bbox 1194 985 1390 1024; x_wconf 77' lang='lat' dir='ltr'>imperatore,</span> <span class='ocrx_word' id='word_1_76' title='bbox 1412 995 1431 1016; x_wconf 93' lang='grc' dir='ltr'>ο</span> <span class='ocrx_word' id='word_1_77' title='bbox 1449 985 1592 1024; x_wconf 82' lang='lat' dir='ltr'>Honori,</span> <span class='ocrx_word' id='word_1_78' title='bbox 1619 994 1678 1015; x_wconf 87' lang='lat' dir='ltr'>non</span> 
     </span>
     <span class='ocr_line' id='line_1_13' title="bbox 214 1028 1678 1070; baseline -0.005 -5"><span class='ocrx_word' id='word_1_79' title='bbox 214 1035 308 1065; x_wconf 85' lang='lat' dir='ltr'>sacta</span> <span class='ocrx_word' id='word_1_80' title='bbox 323 1037 439 1064; x_wconf 77' lang='lat' dir='ltr'>remota</span> <span class='ocrx_word' id='word_1_81' title='bbox 464 1035 638 1065; x_wconf 73' lang='lat' dir='ltr'>testantur;</span> <span class='ocrx_word' id='word_1_82' title='bbox 661 1030 755 1070; x_wconf 80' lang='lat' dir='ltr'>quod,</span> <span class='ocrx_word' id='word_1_83' title='bbox 783 1028 907 1059; x_wconf 74' lang='lat' dir='ltr'>Saxone</span> <span class='ocrx_word' id='word_1_84' title='bbox 931 1028 1113 1068; x_wconf 77' lang='lat' dir='ltr'>profligato,</span> <span class='ocrx_word' id='word_1_85' title='bbox 1137 1037 1222 1058; x_wconf 79' lang='lat' dir='ltr'>mare</span> <span class='ocrx_word' id='word_1_86' title='bbox 1246 1032 1297 1057; x_wconf 82' lang='lat' dir='ltr'>est</span> <span class='ocrx_word' id='word_1_87' title='bbox 1323 1029 1432 1066; x_wconf 79' lang='lat' dir='ltr'>tutius,</span> <span class='ocrx_word' id='word_1_88' title='bbox 1449 1031 1503 1057; x_wconf 85' lang='lat' dir='ltr'>aut</span> <span class='ocrx_word' id='word_1_89' title='bbox 1520 1029 1597 1066; x_wconf 81' lang='lat' dir='ltr'>quod</span> <span class='ocrx_word' id='word_1_90' title='bbox 1612 1028 1678 1058; x_wconf 80' lang='grc' dir='ltr'>Αη-</span> 
     </span>
     <span class='ocr_line' id='line_1_14' title="bbox 212 1069 1679 1116; baseline -0.005 -9"><span class='ocrx_word' id='word_1_91' title='bbox 212 1078 281 1116; x_wconf 81' lang='lat' dir='ltr'>glia</span> <span class='ocrx_word' id='word_1_92' title='bbox 297 1079 365 1107; x_wconf 79' lang='lat' dir='ltr'>tuta</span> <span class='ocrx_word' id='word_1_93' title='bbox 382 1081 432 1106; x_wconf 82' lang='lat' dir='ltr'>est</span> <span class='ocrx_word' id='word_1_94' title='bbox 449 1075 552 1105; x_wconf 72' lang='lat' dir='ltr'>Pictis</span> <span class='ocrx_word' id='word_1_95' title='bbox 566 1072 737 1104; x_wconf 77' lang='lat' dir='ltr'>debellatis.</span> <span class='ocrx_word' id='word_1_96' title='bbox 784 1072 886 1102; x_wconf 77' lang='lat' dir='ltr'>Frum-</span> <span class='ocrx_word' id='word_1_97' title='bbox 904 1072 934 1102; x_wconf 89' lang='lat' dir='ltr'><em>F</em></span> <span class='ocrx_word' id='word_1_98' title='bbox 935 1071 1037 1101; x_wconf 78' lang='lat' dir='ltr'>rancis</span> <span class='ocrx_word' id='word_1_99' title='bbox 1055 1070 1235 1107; x_wconf 75' lang='lat' dir='ltr'>summissis,</span> <span class='ocrx_word' id='word_1_100' title='bbox 1249 1073 1278 1100; x_wconf 87' lang='lat' dir='ltr'>et</span> <span class='ocrx_word' id='word_1_101' title='bbox 1297 1070 1407 1100; x_wconf 66' lang='lat' dir='ltr'>Suet-is</span> <span class='ocrx_word' id='word_1_102' title='bbox 1427 1070 1546 1110; x_wconf 73' lang='lat' dir='ltr'>asperis</span> <span class='ocrx_word' id='word_1_103' title='bbox 1561 1069 1679 1109; x_wconf 83' lang='lat' dir='ltr'>jacen-</span> 
     </span>
     <span class='ocr_line' id='line_1_15' title="bbox 216 1112 1682 1159; baseline -0.005 -9"><span class='ocrx_word' id='word_1_104' title='bbox 216 1120 305 1150; x_wconf 71' lang='lat' dir='ltr'>tibus</span> <span class='ocrx_word' id='word_1_105' title='bbox 323 1120 361 1148; x_wconf 83' lang='lat' dir='ltr'>ad</span> <span class='ocrx_word' id='word_1_106' title='bbox 375 1120 467 1159; x_wconf 78' lang='lat' dir='ltr'>pedes</span> <span class='ocrx_word' id='word_1_107' title='bbox 489 1127 580 1153; x_wconf 68' lang='lat' dir='ltr'>meos,</span> <span class='ocrx_word' id='word_1_108' title='bbox 596 1119 626 1147; x_wconf 89' lang='lat' dir='ltr'>et</span> <span class='ocrx_word' id='word_1_109' title='bbox 651 1116 773 1146; x_wconf 75' lang='lat' dir='ltr'>intueor</span> <span class='ocrx_word' id='word_1_110' title='bbox 796 1114 940 1145; x_wconf 82' lang='lat' dir='ltr'>Rhenum</span> <span class='ocrx_word' id='word_1_111' title='bbox 963 1114 995 1144; x_wconf 92' lang='lat' dir='ltr'>in</span> <span class='ocrx_word' id='word_1_112' title='bbox 1020 1117 1127 1144; x_wconf 75' lang='lat' dir='ltr'>nostra</span> <span class='ocrx_word' id='word_1_113' title='bbox 1152 1117 1335 1153; x_wconf 81' lang='lat' dir='ltr'>potestate,</span> <span class='ocrx_word' id='word_1_114' title='bbox 1360 1123 1379 1143; x_wconf 91' lang='lat' dir='ltr'>o</span> <span class='ocrx_word' id='word_1_115' title='bbox 1397 1112 1528 1143; x_wconf 82' lang='lat' dir='ltr'>Honori</span> <span class='ocrx_word' id='word_1_116' title='bbox 1546 1112 1682 1142; x_wconf 85' lang='lat' dir='ltr'>Germa·</span> 
     </span>
     <span class='ocr_line' id='line_1_16' title="bbox 215 1154 1680 1201; baseline -0.006 -7"><span class='ocrx_word' id='word_1_117' title='bbox 215 1163 293 1194; x_wconf 79' lang='lat' dir='ltr'>nice.</span> <span class='ocrx_word' id='word_1_118' title='bbox 339 1163 385 1192; x_wconf 78' lang='lat' dir='ltr'>At</span> <span class='ocrx_word' id='word_1_119' title='bbox 402 1157 622 1201; x_wconf 73' lang='lat' dir='ltr'>quislfacz&#39;am?</span> <span class='ocrx_word' id='word_1_120' title='bbox 667 1157 855 1198; x_wconf 77' lang='lat' dir='ltr'>Imperium</span> <span class='ocrx_word' id='word_1_121' title='bbox 871 1157 1011 1187; x_wconf 65' lang='lat' dir='ltr'>Orientis</span> <span class='ocrx_word' id='word_1_122' title='bbox 1025 1157 1189 1187; x_wconf 70' lang='lat' dir='ltr'>(emulatur</span> <span class='ocrx_word' id='word_1_123' title='bbox 1207 1155 1299 1193; x_wconf 81' lang='lat' dir='ltr'>facta</span> <span class='ocrx_word' id='word_1_124' title='bbox 1314 1160 1429 1186; x_wconf 85' lang='lat' dir='ltr'>nostra</span> <span class='ocrx_word' id='word_1_125' title='bbox 1445 1154 1625 1193; x_wconf 77' lang='lat' dir='ltr'>fortunata,</span> <span class='ocrx_word' id='word_1_126' title='bbox 1648 1157 1680 1185; x_wconf 88' lang='lat' dir='ltr'>et</span> 
     </span>
     <span class='ocr_line' id='line_1_17' title="bbox 215 1198 1679 1241; baseline -0.005 -5"><span class='ocrx_word' id='word_1_127' title='bbox 215 1207 329 1236; x_wconf 77' lang='lat' dir='ltr'>scelera</span> <span class='ocrx_word' id='word_1_128' title='bbox 342 1205 485 1235; x_wconf 80' lang='lat' dir='ltr'>oriuntur</span> <span class='ocrx_word' id='word_1_129' title='bbox 500 1214 538 1234; x_wconf 75' lang='lat' dir='ltr'>ex</span> <span class='ocrx_word' id='word_1_130' title='bbox 561 1202 622 1233; x_wconf 76' lang='lat' dir='ltr'>alia</span> <span class='ocrx_word' id='word_1_131' title='bbox 647 1201 697 1232; x_wconf 79' lang='lat' dir='ltr'>ria</span> <span class='ocrx_word' id='word_1_132' title='bbox 721 1201 814 1239; x_wconf 77' lang='lat' dir='ltr'>Solis,</span> <span class='ocrx_word' id='word_1_133' title='bbox 837 1210 874 1231; x_wconf 82' lang='lat' dir='ltr'>ne</span> <span class='ocrx_word' id='word_1_134' title='bbox 899 1200 1071 1241; x_wconf 78' lang='lat' dir='ltr'>Imperium</span> <span class='ocrx_word' id='word_1_135' title='bbox 1096 1201 1268 1230; x_wconf 80' lang='lat' dir='ltr'>consentiat</span> <span class='ocrx_word' id='word_1_136' title='bbox 1294 1199 1329 1229; x_wconf 90' lang='lat' dir='ltr'>in</span> <span class='ocrx_word' id='word_1_137' title='bbox 1349 1199 1492 1239; x_wconf 78' lang='lat' dir='ltr'>partious</span> <span class='ocrx_word' id='word_1_138' title='bbox 1517 1198 1679 1229; x_wconf 75' lang='lat' dir='ltr'>universis.</span> 
     </span>
    </p>
   </div>
   <div class='ocr_carea' id='block_1_5' title="bbox 823 1308 1058 1320">
    <p class='ocr_par' dir='ltr' id='par_1_8' title="bbox 823 1308 1058 1320">
     <span class='ocr_line' id='line_1_18' title="bbox 823 1308 1058 1320; baseline 0 -1"><span class='ocrx_word' id='word_1_139' title='bbox 823 1308 1058 1320; x_wconf 65' lang='lat' dir='ltr'>eeeeeeeeeeee</span> 
     </span>
    </p>
   </div>
   <div class='ocr_carea' id='block_1_6' title="bbox 208 1381 1683 1652">
    <p class='ocr_par' dir='ltr' id='par_1_9' title="bbox 208 1381 1683 1652">
     <span class='ocr_line' id='line_1_19' title="bbox 216 1381 1680 1424; baseline -0.005 -6"><span class='ocrx_word' id='word_1_140' title='bbox 216 1386 338 1419; x_wconf 79' lang='lat' dir='ltr'>Sched.</span> <span class='ocrx_word' id='word_1_141' title='bbox 357 1386 553 1418; x_wconf 56' lang='lat' dir='ltr'>Gna—391</span> <span class='ocrx_word' id='word_1_142' title='bbox 582 1385 661 1416; x_wconf 83' lang='lat' dir='ltr'>Tum</span> <span class='ocrx_word' id='word_1_143' title='bbox 687 1383 782 1415; x_wconf 82' lang='lat' dir='ltr'>Leid.</span> <span class='ocrx_word' id='word_1_144' title='bbox 807 1393 858 1423; x_wconf 85' lang='lat' dir='ltr'>pr.</span> <span class='ocrx_word' id='word_1_145' title='bbox 883 1383 964 1414; x_wconf 82' lang='lat' dir='ltr'>Vat.</span> <span class='ocrx_word' id='word_1_146' title='bbox 988 1383 1095 1415; x_wconf 86' lang='lat' dir='ltr'>Livin.</span> <span class='ocrx_word' id='word_1_147' title='bbox 1111 1383 1204 1414; x_wconf 83' lang='lat' dir='ltr'>Med.</span> <span class='ocrx_word' id='word_1_148' title='bbox 1221 1387 1333 1424; x_wconf 86' lang='lat' dir='ltr'>quart.</span> <span class='ocrx_word' id='word_1_149' title='bbox 1350 1382 1419 1413; x_wconf 90' lang='lat' dir='ltr'>inc.</span> <span class='ocrx_word' id='word_1_150' title='bbox 1449 1381 1569 1412; x_wconf 83' lang='lat' dir='ltr'>Heius.</span> <span class='ocrx_word' id='word_1_151' title='bbox 1594 1381 1680 1411; x_wconf 83' lang='lat' dir='ltr'>Exc.</span> 
     </span>
     <span class='ocr_line' id='line_1_20' title="bbox 218 1424 1681 1465; baseline -0.005 -4"><span class='ocrx_word' id='word_1_152' title='bbox 218 1431 364 1461; x_wconf 88' lang='lat' dir='ltr'>Lucens.</span> <span class='ocrx_word' id='word_1_153' title='bbox 379 1439 446 1459; x_wconf 72' lang='lat' dir='ltr'>sec.</span> <span class='ocrx_word' id='word_1_154' title='bbox 472 1429 556 1459; x_wconf 82' lang='lat' dir='ltr'>Tunc</span> <span class='ocrx_word' id='word_1_155' title='bbox 570 1427 635 1458; x_wconf 92' lang='lat' dir='ltr'>duo</span> <span class='ocrx_word' id='word_1_156' title='bbox 652 1428 748 1458; x_wconf 68' lang='lat' dir='ltr'>Vatt.</span> <span class='ocrx_word' id='word_1_157' title='bbox 764 1427 858 1457; x_wconf 88' lang='lat' dir='ltr'>Prie.</span> <span class='ocrx_word' id='word_1_158' title='bbox 876 1426 977 1456; x_wconf 87' lang='lat' dir='ltr'>Farn.</span> <span class='ocrx_word' id='word_1_159' title='bbox 998 1426 1094 1458; x_wconf 80' lang='lat' dir='ltr'>Rott.</span> <span class='ocrx_word' id='word_1_160' title='bbox 1112 1426 1217 1457; x_wconf 74' lang='lat' dir='ltr'>Oisel.</span> <span class='ocrx_word' id='word_1_161' title='bbox 1239 1427 1323 1457; x_wconf 81' lang='lat' dir='ltr'>Exc.</span> <span class='ocrx_word' id='word_1_162' title='bbox 1342 1425 1443 1456; x_wconf 88' lang='lat' dir='ltr'>Laeti.</span> <span class='ocrx_word' id='word_1_163' title='bbox 1463 1434 1585 1465; x_wconf 81' lang='lat' dir='ltr'>possum</span> <span class='ocrx_word' id='word_1_164' title='bbox 1600 1424 1681 1454; x_wconf 81' lang='lat' dir='ltr'>Vat.</span> 
     </span>
     <span class='ocr_line' id='line_1_21' title="bbox 218 1467 1681 1513; baseline -0.005 -10"><span class='ocrx_word' id='word_1_165' title='bbox 218 1473 326 1513; x_wconf 85' lang='lat' dir='ltr'>quint.</span> <span class='ocrx_word' id='word_1_166' title='bbox 356 1473 456 1502; x_wconf 87' lang='lat' dir='ltr'>Farn.</span> <span class='ocrx_word' id='word_1_167' title='bbox 483 1472 578 1502; x_wconf 82' lang='lat' dir='ltr'>Rott.</span> <span class='ocrx_word' id='word_1_168' title='bbox 604 1470 698 1501; x_wconf 83' lang='lat' dir='ltr'>Med.</span> <span class='ocrx_word' id='word_1_169' title='bbox 728 1475 807 1500; x_wconf 77' lang='lat' dir='ltr'>tert.</span> <span class='ocrx_word' id='word_1_170' title='bbox 832 1470 918 1509; x_wconf 77' lang='lat' dir='ltr'>Reg.</span> <span class='ocrx_word' id='word_1_171' title='bbox 946 1469 1069 1501; x_wconf 90' lang='lat' dir='ltr'>Petav.</span> <span class='ocrx_word' id='word_1_172' title='bbox 1094 1479 1145 1510; x_wconf 89' lang='lat' dir='ltr'>pr.</span> <span class='ocrx_word' id='word_1_173' title='bbox 1173 1469 1269 1500; x_wconf 84' lang='lat' dir='ltr'>Leid.</span> <span class='ocrx_word' id='word_1_174' title='bbox 1295 1479 1348 1509; x_wconf 88' lang='lat' dir='ltr'>pr.</span> <span class='ocrx_word' id='word_1_175' title='bbox 1365 1469 1447 1500; x_wconf 87' lang='lat' dir='ltr'>item</span> <span class='ocrx_word' id='word_1_176' title='bbox 1466 1467 1578 1498; x_wconf 67' lang='lat' dir='ltr'>Oxou.</span> <span class='ocrx_word' id='word_1_177' title='bbox 1595 1467 1681 1497; x_wconf 78' lang='lat' dir='ltr'>Exc.</span> 
     </span>
     <span class='ocr_line' id='line_1_22' title="bbox 217 1511 1683 1553; baseline -0.005 -7"><span class='ocrx_word' id='word_1_178' title='bbox 217 1516 318 1553; x_wconf 75' lang='lat' dir='ltr'>Laeti,</span> <span class='ocrx_word' id='word_1_179' title='bbox 335 1514 413 1546; x_wconf 80' lang='lat' dir='ltr'>Ald.</span> <span class='ocrx_word' id='word_1_180' title='bbox 429 1514 525 1546; x_wconf 83' lang='lat' dir='ltr'>Junt.</span> <span class='ocrx_word' id='word_1_181' title='bbox 551 1514 666 1544; x_wconf 79' lang='lat' dir='ltr'>Parin.</span> <span class='ocrx_word' id='word_1_182' title='bbox 692 1513 804 1544; x_wconf 88' lang='lat' dir='ltr'>Vicet.</span> <span class='ocrx_word' id='word_1_183' title='bbox 840 1521 958 1552; x_wconf 84' lang='lat' dir='ltr'>possem</span> <span class='ocrx_word' id='word_1_184' title='bbox 983 1513 1060 1543; x_wconf 85' lang='lat' dir='ltr'>Vat.</span> <span class='ocrx_word' id='word_1_185' title='bbox 1086 1522 1136 1553; x_wconf 86' lang='lat' dir='ltr'>pr.</span> <span class='ocrx_word' id='word_1_186' title='bbox 1165 1513 1272 1544; x_wconf 81' lang='lat' dir='ltr'>Oisel.</span> <span class='ocrx_word' id='word_1_187' title='bbox 1300 1513 1450 1542; x_wconf 84' lang='lat' dir='ltr'>Florent.</span> <span class='ocrx_word' id='word_1_188' title='bbox 1477 1511 1558 1542; x_wconf 81' lang='lat' dir='ltr'>Jun.</span> <span class='ocrx_word' id='word_1_189' title='bbox 1587 1519 1683 1549; x_wconf 83' lang='lat' dir='ltr'>pr.—</span> 
     </span>
     <span class='ocr_line' id='line_1_23' title="bbox 217 1552 1683 1596; baseline -0.005 -8"><span class='ocrx_word' id='word_1_190' title='bbox 217 1561 279 1589; x_wconf 81' lang='lat'>392</span> <span class='ocrx_word' id='word_1_191' title='bbox 307 1558 371 1587; x_wconf 86' lang='lat' dir='ltr'>Nos</span> <span class='ocrx_word' id='word_1_192' title='bbox 386 1557 553 1596; x_wconf 74' lang='lat' dir='ltr'>longinqua</span> <span class='ocrx_word' id='word_1_193' title='bbox 571 1561 639 1587; x_wconf 82' lang='lat' dir='ltr'>vet.</span> <span class='ocrx_word' id='word_1_194' title='bbox 658 1556 742 1596; x_wconf 81' lang='lat' dir='ltr'>Gyr.</span> <span class='ocrx_word' id='word_1_195' title='bbox 767 1556 853 1586; x_wconf 81' lang='lat' dir='ltr'>Num</span> <span class='ocrx_word' id='word_1_196' title='bbox 869 1555 1075 1595; x_wconf 80' lang='lat' dir='ltr'>conjiciebat</span> <span class='ocrx_word' id='word_1_197' title='bbox 1093 1556 1210 1587; x_wconf 80' lang='lat' dir='ltr'>Heius.</span> <span class='ocrx_word' id='word_1_198' title='bbox 1233 1555 1354 1586; x_wconf 79' lang='lat' dir='ltr'>domino</span> <span class='ocrx_word' id='word_1_199' title='bbox 1370 1552 1551 1585; x_wconf 79' lang='lat' dir='ltr'>Exc.Laeti</span> <span class='ocrx_word' id='word_1_200' title='bbox 1568 1562 1611 1582; x_wconf 89' lang='lat' dir='ltr'>m.</span> <span class='ocrx_word' id='word_1_201' title='bbox 1628 1560 1683 1592; x_wconf 85' lang='lat' dir='ltr'>pr.</span> 
     </span>
     <span class='ocr_line' id='line_1_24' title="bbox 208 1594 1683 1652; baseline -0.005 -21"><span class='ocrx_word' id='word_1_202' title='bbox 208 1601 280 1640; x_wconf 77' lang='lat' dir='ltr'>jam</span> <span class='ocrx_word' id='word_1_203' title='bbox 296 1601 420 1631; x_wconf 71' lang='lat' dir='ltr'>Saxone</span> <span class='ocrx_word' id='word_1_204' title='bbox 438 1600 531 1630; x_wconf 83' lang='lat' dir='ltr'>Med.</span> <span class='ocrx_word' id='word_1_205' title='bbox 546 1603 658 1640; x_wconf 86' lang='lat' dir='ltr'>quart.</span> <span class='ocrx_word' id='word_1_206' title='bbox 692 1609 751 1639; x_wconf 79' lang='lat' dir='ltr'>quo</span> <span class='ocrx_word' id='word_1_207' title='bbox 768 1599 841 1629; x_wconf 81' lang='lat' dir='ltr'>Pal.</span> <span class='ocrx_word' id='word_1_208' title='bbox 856 1608 876 1652; x_wconf 59' lang='lat' dir='ltr'>g</span> <span class='ocrx_word' id='word_1_209' title='bbox 891 1598 972 1629; x_wconf 87' lang='lat' dir='ltr'>Jun.</span> <span class='ocrx_word' id='word_1_210' title='bbox 991 1608 1042 1638; x_wconf 86' lang='lat' dir='ltr'>pr.</span> <span class='ocrx_word' id='word_1_211' title='bbox 1076 1599 1155 1638; x_wconf 83' lang='lat' dir='ltr'>qnod</span> <span class='ocrx_word' id='word_1_212' title='bbox 1172 1599 1223 1629; x_wconf 80' lang='lat' dir='ltr'>vel</span> <span class='ocrx_word' id='word_1_213' title='bbox 1241 1608 1299 1638; x_wconf 82' lang='lat' dir='ltr'>qno</span> <span class='ocrx_word' id='word_1_214' title='bbox 1318 1596 1411 1628; x_wconf 81' lang='lat' dir='ltr'>Med.</span> <span class='ocrx_word' id='word_1_215' title='bbox 1429 1606 1496 1628; x_wconf 87' lang='lat' dir='ltr'>sec.</span> <span class='ocrx_word' id='word_1_216' title='bbox 1534 1596 1612 1636; x_wconf 77' lang='lat' dir='ltr'>quod</span> <span class='ocrx_word' id='word_1_217' title='bbox 1630 1594 1683 1625; x_wconf 89' lang='lat' dir='ltr'>vel</span> 
     </span>
    </p>
   </div>
   <div class='ocr_carea' id='block_1_7' title="bbox 209 1655 1687 1993">
    <p class='ocr_par' dir='ltr' id='par_1_10' title="bbox 209 1655 1687 1993">
     <span class='ocr_line' id='line_1_25' title="bbox 209 1655 1683 1698; baseline -0.003 -9"><span class='ocrx_word' id='word_1_218' title='bbox 209 1658 281 1696; x_wconf 77' lang='lat' dir='ltr'>jam</span> <span class='ocrx_word' id='word_1_219' title='bbox 298 1658 392 1688; x_wconf 87' lang='lat' dir='ltr'>Leid.</span> <span class='ocrx_word' id='word_1_220' title='bbox 421 1668 487 1689; x_wconf 84' lang='lat' dir='ltr'>sec.</span> <span class='ocrx_word' id='word_1_221' title='bbox 511 1658 649 1688; x_wconf 82' lang='lat' dir='ltr'>Santone</span> <span class='ocrx_word' id='word_1_222' title='bbox 666 1657 785 1688; x_wconf 88' lang='lat' dir='ltr'>Ambr.</span> <span class='ocrx_word' id='word_1_223' title='bbox 804 1662 886 1688; x_wconf 88' lang='lat' dir='ltr'>tert.</span> <span class='ocrx_word' id='word_1_224' title='bbox 924 1659 1052 1688; x_wconf 73' lang='lat' dir='ltr'>Rhenus</span> <span class='ocrx_word' id='word_1_225' title='bbox 1070 1668 1130 1698; x_wconf 89' lang='lat' dir='ltr'>pro</span> <span class='ocrx_word' id='word_1_226' title='bbox 1151 1658 1266 1698; x_wconf 79' lang='lat' dir='ltr'>Tethys</span> <span class='ocrx_word' id='word_1_227' title='bbox 1281 1658 1382 1687; x_wconf 90' lang='lat' dir='ltr'>Farn.</span> <span class='ocrx_word' id='word_1_228' title='bbox 1418 1659 1450 1687; x_wconf 83' lang='lat' dir='ltr'>et</span> <span class='ocrx_word' id='word_1_229' title='bbox 1466 1655 1584 1686; x_wconf 89' lang='lat' dir='ltr'>Ambr.</span> <span class='ocrx_word' id='word_1_230' title='bbox 1603 1659 1683 1685; x_wconf 85' lang='lat' dir='ltr'>tert.</span> 
     </span>
     <span class='ocr_line' id='line_1_26' title="bbox 216 1697 1683 1739; baseline -0.002 -8"><span class='ocrx_word' id='word_1_231' title='bbox 216 1703 322 1731; x_wconf 80' lang='lat'>——393</span> <span class='ocrx_word' id='word_1_232' title='bbox 346 1703 446 1730; x_wconf 76' lang='lat' dir='ltr'>strato</span> <span class='ocrx_word' id='word_1_233' title='bbox 464 1699 581 1729; x_wconf 69' lang='lat' dir='ltr'>Ambr.</span> <span class='ocrx_word' id='word_1_234' title='bbox 601 1710 650 1737; x_wconf 86' lang='lat' dir='ltr'>pr.</span> <span class='ocrx_word' id='word_1_235' title='bbox 666 1700 790 1730; x_wconf 76' lang='lat' dir='ltr'>Sched.</span> <span class='ocrx_word' id='word_1_236' title='bbox 809 1700 901 1730; x_wconf 85' lang='lat' dir='ltr'>Gud.</span> <span class='ocrx_word' id='word_1_237' title='bbox 935 1700 1027 1730; x_wconf 81' lang='lat' dir='ltr'>Picto</span> <span class='ocrx_word' id='word_1_238' title='bbox 1045 1701 1128 1732; x_wconf 79' lang='lat' dir='ltr'>Exc.</span> <span class='ocrx_word' id='word_1_239' title='bbox 1146 1700 1290 1730; x_wconf 79' lang='lat' dir='ltr'>Lucens.</span> <span class='ocrx_word' id='word_1_240' title='bbox 1307 1709 1358 1739; x_wconf 90' lang='lat' dir='ltr'>pr.</span> <span class='ocrx_word' id='word_1_241' title='bbox 1391 1699 1486 1729; x_wconf 85' lang='lat' dir='ltr'>Brito</span> <span class='ocrx_word' id='word_1_242' title='bbox 1501 1697 1553 1728; x_wconf 84' lang='lat' dir='ltr'>ed.</span> <span class='ocrx_word' id='word_1_243' title='bbox 1569 1698 1683 1728; x_wconf 80' lang='lat' dir='ltr'>Vicet.</span> 
     </span>
     <span class='ocr_line' id='line_1_27' title="bbox 217 1739 1684 1781; baseline -0.003 -7"><span class='ocrx_word' id='word_1_244' title='bbox 217 1746 324 1774; x_wconf 79' lang='lat'>-394</span> <span class='ocrx_word' id='word_1_245' title='bbox 339 1743 448 1781; x_wconf 80' lang='lat' dir='ltr'>fracto</span> <span class='ocrx_word' id='word_1_246' title='bbox 465 1752 525 1780; x_wconf 84' lang='lat' dir='ltr'>pro</span> <span class='ocrx_word' id='word_1_247' title='bbox 546 1741 666 1771; x_wconf 77' lang='lat' dir='ltr'>Franco</span> <span class='ocrx_word' id='word_1_248' title='bbox 689 1741 770 1771; x_wconf 89' lang='lat' dir='ltr'>Jun.</span> <span class='ocrx_word' id='word_1_249' title='bbox 800 1751 850 1779; x_wconf 85' lang='lat' dir='ltr'>pr.</span> <span class='ocrx_word' id='word_1_250' title='bbox 876 1741 969 1770; x_wconf 88' lang='lat' dir='ltr'>Leid.</span> <span class='ocrx_word' id='word_1_251' title='bbox 996 1751 1062 1771; x_wconf 81' lang='lat' dir='ltr'>sec.</span> <span class='ocrx_word' id='word_1_252' title='bbox 1081 1741 1193 1771; x_wconf 77' lang='lat' dir='ltr'>Oxon.</span> <span class='ocrx_word' id='word_1_253' title='bbox 1211 1750 1277 1770; x_wconf 75' lang='lat' dir='ltr'>sec.</span> <span class='ocrx_word' id='word_1_254' title='bbox 1295 1742 1360 1770; x_wconf 89' lang='lat' dir='ltr'>duo</span> <span class='ocrx_word' id='word_1_255' title='bbox 1378 1741 1499 1770; x_wconf 82' lang='lat' dir='ltr'>Petav.</span> <span class='ocrx_word' id='word_1_256' title='bbox 1517 1739 1596 1769; x_wconf 78' lang='lat' dir='ltr'>Pat.</span> <span class='ocrx_word' id='word_1_257' title='bbox 1615 1743 1684 1769; x_wconf 89' lang='lat' dir='ltr'>tres</span> 
     </span>
     <span class='ocr_line' id='line_1_28' title="bbox 216 1781 1683 1822; baseline -0.003 -6"><span class='ocrx_word' id='word_1_258' title='bbox 216 1785 336 1816; x_wconf 83' lang='lat' dir='ltr'>Ambr.</span> <span class='ocrx_word' id='word_1_259' title='bbox 355 1785 420 1813; x_wconf 87' lang='lat' dir='ltr'>inc.</span> <span class='ocrx_word' id='word_1_260' title='bbox 440 1783 559 1813; x_wconf 73' lang='lat' dir='ltr'>Heius.</span> <span class='ocrx_word' id='word_1_261' title='bbox 584 1783 666 1812; x_wconf 71' lang='lat' dir='ltr'>Var.</span> <span class='ocrx_word' id='word_1_262' title='bbox 686 1783 752 1812; x_wconf 86' lang='lat' dir='ltr'>LL.</span> <span class='ocrx_word' id='word_1_263' title='bbox 771 1791 788 1812; x_wconf 87' lang='lat' dir='ltr'>e</span> <span class='ocrx_word' id='word_1_264' title='bbox 805 1792 911 1822; x_wconf 81' lang='lat' dir='ltr'>marg.</span> <span class='ocrx_word' id='word_1_265' title='bbox 931 1782 1046 1812; x_wconf 87' lang='lat' dir='ltr'>Parm.</span> <span class='ocrx_word' id='word_1_266' title='bbox 1071 1786 1106 1812; x_wconf 83' lang='lat' dir='ltr'>et</span> <span class='ocrx_word' id='word_1_267' title='bbox 1131 1782 1184 1813; x_wconf 89' lang='lat' dir='ltr'>ed.</span> <span class='ocrx_word' id='word_1_268' title='bbox 1212 1782 1315 1812; x_wconf 85' lang='lat' dir='ltr'>Antv.</span> <span class='ocrx_word' id='word_1_269' title='bbox 1354 1782 1475 1811; x_wconf 78' lang='lat' dir='ltr'>Franco</span> <span class='ocrx_word' id='word_1_270' title='bbox 1499 1782 1554 1811; x_wconf 81' lang='lat' dir='ltr'>vel</span> <span class='ocrx_word' id='word_1_271' title='bbox 1573 1781 1683 1819; x_wconf 81' lang='lat' dir='ltr'>fracto</span> 
     </span>
     <span class='ocr_line' id='line_1_29' title="bbox 219 1823 1684 1866; baseline -0.001 -11"><span class='ocrx_word' id='word_1_272' title='bbox 219 1827 300 1857; x_wconf 85' lang='lat' dir='ltr'>Vat.</span> <span class='ocrx_word' id='word_1_273' title='bbox 320 1836 370 1866; x_wconf 88' lang='lat' dir='ltr'>pr.</span> <span class='ocrx_word' id='word_1_274' title='bbox 387 1827 469 1856; x_wconf 88' lang='lat' dir='ltr'>Lov.</span> <span class='ocrx_word' id='word_1_275' title='bbox 505 1824 632 1855; x_wconf 78' lang='lat' dir='ltr'>tristive</span> <span class='ocrx_word' id='word_1_276' title='bbox 647 1824 728 1855; x_wconf 85' lang='lat' dir='ltr'>Jun.</span> <span class='ocrx_word' id='word_1_277' title='bbox 747 1827 904 1863; x_wconf 62' lang='lat' dir='ltr'>piu—395</span> <span class='ocrx_word' id='word_1_278' title='bbox 929 1827 1063 1855; x_wconf 72' lang='lat' dir='ltr'>reserum</span> <span class='ocrx_word' id='word_1_279' title='bbox 1088 1825 1167 1855; x_wconf 76' lang='lat' dir='ltr'>Vat.</span> <span class='ocrx_word' id='word_1_280' title='bbox 1197 1824 1305 1855; x_wconf 85' lang='lat' dir='ltr'>Livin.</span> <span class='ocrx_word' id='word_1_281' title='bbox 1344 1834 1445 1854; x_wconf 71' lang='lat' dir='ltr'>rernm</span> <span class='ocrx_word' id='word_1_282' title='bbox 1462 1833 1523 1863; x_wconf 87' lang='lat' dir='ltr'>pro</span> <span class='ocrx_word' id='word_1_283' title='bbox 1542 1823 1684 1854; x_wconf 82' lang='lat' dir='ltr'>Rhenum</span> 
     </span>
     <span class='ocr_line' id='line_1_30' title="bbox 217 1866 1685 1906; baseline -0.002 -7"><span class='ocrx_word' id='word_1_284' title='bbox 217 1870 350 1900; x_wconf 61' lang='lat' dir='ltr'>&#39;l&#39;holos</span> <span class='ocrx_word' id='word_1_285' title='bbox 382 1869 500 1898; x_wconf 65' lang='lat' dir='ltr'>Rotam</span> <span class='ocrx_word' id='word_1_286' title='bbox 528 1867 606 1897; x_wconf 88' lang='lat' dir='ltr'>inde</span> <span class='ocrx_word' id='word_1_287' title='bbox 633 1866 841 1906; x_wconf 76' lang='lat' dir='ltr'>conjiciebat</span> <span class='ocrx_word' id='word_1_288' title='bbox 871 1867 1100 1898; x_wconf 82' lang='lat' dir='ltr'>Heins.—396</span> <span class='ocrx_word' id='word_1_289' title='bbox 1125 1867 1205 1897; x_wconf 73' lang='lat' dir='ltr'>actis</span> <span class='ocrx_word' id='word_1_290' title='bbox 1233 1867 1285 1896; x_wconf 89' lang='lat' dir='ltr'>vel</span> <span class='ocrx_word' id='word_1_291' title='bbox 1311 1867 1408 1897; x_wconf 80' lang='lat' dir='ltr'>armis</span> <span class='ocrx_word' id='word_1_292' title='bbox 1434 1868 1547 1898; x_wconf 80' lang='lat' dir='ltr'>Oxou.</span> <span class='ocrx_word' id='word_1_293' title='bbox 1571 1876 1685 1896; x_wconf 84' lang='lat' dir='ltr'>sec.—</span> 
     </span>
     <span class='ocr_line' id='line_1_31' title="bbox 218 1909 1686 1950; baseline -0.001 -9"><span class='ocrx_word' id='word_1_294' title='bbox 218 1915 279 1943; x_wconf 83' lang='lat'>397</span> <span class='ocrx_word' id='word_1_295' title='bbox 303 1912 438 1942; x_wconf 75' lang='lat' dir='ltr'>carmine</span> <span class='ocrx_word' id='word_1_296' title='bbox 463 1911 543 1942; x_wconf 81' lang='lat' dir='ltr'>Jun.</span> <span class='ocrx_word' id='word_1_297' title='bbox 574 1920 626 1949; x_wconf 89' lang='lat' dir='ltr'>pr.</span> <span class='ocrx_word' id='word_1_298' title='bbox 662 1912 786 1940; x_wconf 80' lang='lat' dir='ltr'>sumunt</span> <span class='ocrx_word' id='word_1_299' title='bbox 813 1909 896 1940; x_wconf 90' lang='lat' dir='ltr'>Lov.</span> <span class='ocrx_word' id='word_1_300' title='bbox 924 1919 966 1941; x_wconf 84' lang='lat' dir='ltr'>m.</span> <span class='ocrx_word' id='word_1_301' title='bbox 992 1912 1152 1950; x_wconf 58' lang='lat' dir='ltr'>pix—398</span> <span class='ocrx_word' id='word_1_302' title='bbox 1178 1910 1327 1940; x_wconf 77' lang='lat' dir='ltr'>Carmina</span> <span class='ocrx_word' id='word_1_303' title='bbox 1351 1910 1446 1941; x_wconf 86' lang='lat' dir='ltr'>Prie.</span> <span class='ocrx_word' id='word_1_304' title='bbox 1474 1909 1581 1940; x_wconf 81' lang='lat' dir='ltr'>Oisel.</span> <span class='ocrx_word' id='word_1_305' title='bbox 1611 1909 1686 1940; x_wconf 85' lang='lat' dir='ltr'>Ma-</span> 
     </span>
     <span class='ocr_line' id='line_1_32' title="bbox 217 1952 1687 1993; baseline -0.001 -7"><span class='ocrx_word' id='word_1_306' title='bbox 217 1965 286 1986; x_wconf 85' lang='lat' dir='ltr'>zar.</span> <span class='ocrx_word' id='word_1_307' title='bbox 331 1965 385 1985; x_wconf 84' lang='lat' dir='ltr'>nec</span> <span class='ocrx_word' id='word_1_308' title='bbox 413 1957 477 1984; x_wconf 79' lang='lat' dir='ltr'>toto</span> <span class='ocrx_word' id='word_1_309' title='bbox 506 1952 602 1984; x_wconf 80' lang='lat' dir='ltr'>Med.</span> <span class='ocrx_word' id='word_1_310' title='bbox 635 1957 715 1983; x_wconf 88' lang='lat' dir='ltr'>tert.</span> <span class='ocrx_word' id='word_1_311' title='bbox 759 1952 868 1984; x_wconf 81' lang='lat' dir='ltr'>ordine</span> <span class='ocrx_word' id='word_1_312' title='bbox 893 1953 973 1984; x_wconf 87' lang='lat' dir='ltr'>Jun.</span> <span class='ocrx_word' id='word_1_313' title='bbox 1018 1962 1126 1992; x_wconf 80' lang='lat' dir='ltr'>regum</span> <span class='ocrx_word' id='word_1_314' title='bbox 1156 1952 1237 1984; x_wconf 88' lang='lat' dir='ltr'>Jun.</span> <span class='ocrx_word' id='word_1_315' title='bbox 1268 1955 1430 1993; x_wconf 60' lang='lat' dir='ltr'>pin—399</span> <span class='ocrx_word' id='word_1_316' title='bbox 1462 1955 1581 1983; x_wconf 75' lang='lat' dir='ltr'>taceam</span> <span class='ocrx_word' id='word_1_317' title='bbox 1607 1952 1687 1984; x_wconf 88' lang='lat' dir='ltr'>Pat.</span> 
     </span>
    </p>
   </div>
   <div class='ocr_carea' id='block_1_8' title="bbox 882 2069 1026 2101">
    <p class='ocr_par' dir='ltr' id='par_1_11' title="bbox 882 2069 1026 2101">
     <span class='ocr_line' id='line_1_33' title="bbox 882 2069 1026 2101; baseline -0.007 0"><span class='ocrx_word' id='word_1_318' title='bbox 882 2069 1026 2101; x_wconf 82' lang='lat' dir='ltr'>NOTAE</span> 
     </span>
    </p>
   </div>
   <div class='ocr_carea' id='block_1_9' title="bbox 219 2156 927 2748">
    <p class='ocr_par' dir='ltr' id='par_1_12' title="bbox 265 2156 924 2196">
     <span class='ocr_line' id='line_1_34' title="bbox 265 2156 924 2196; baseline -0.002 -8"><span class='ocrx_word' id='word_1_319' title='bbox 265 2156 393 2196; x_wconf 84' lang='lat' dir='ltr'>Ingens]</span> <span class='ocrx_word' id='word_1_320' title='bbox 425 2156 539 2196; x_wconf 82' lang='lat' dir='ltr'>Major</span> <span class='ocrx_word' id='word_1_321' title='bbox 555 2160 631 2186; x_wconf 88' lang='lat' dir='ltr'>erat</span> <span class='ocrx_word' id='word_1_322' title='bbox 647 2156 763 2186; x_wconf 85' lang='lat' dir='ltr'>Romae</span> <span class='ocrx_word' id='word_1_323' title='bbox 782 2156 924 2196; x_wconf 85' lang='lat' dir='ltr'>species.</span> 
     </span>
    </p>

    <p class='ocr_par' dir='ltr' id='par_1_13' title="bbox 219 2206 926 2397">
     <span class='ocr_line' id='line_1_35' title="bbox 264 2206 925 2246; baseline 0.002 -9"><span class='ocrx_word' id='word_1_324' title='bbox 264 2210 326 2237; x_wconf 79' lang='grc'>392</span> <span class='ocrx_word' id='word_1_325' title='bbox 368 2207 440 2236; x_wconf 71' lang='lat' dir='ltr'>Non</span> <span class='ocrx_word' id='word_1_326' title='bbox 476 2207 644 2246; x_wconf 75' lang='lat' dir='ltr'>longinqua</span> <span class='ocrx_word' id='word_1_327' title='bbox 676 2206 800 2245; x_wconf 80' lang='lat' dir='ltr'>docent]</span> <span class='ocrx_word' id='word_1_328' title='bbox 846 2207 925 2238; x_wconf 92' lang='lat' dir='ltr'>Non</span> 
     </span>
     <span class='ocr_line' id='line_1_36' title="bbox 220 2256 926 2298; baseline -0.003 -9"><span class='ocrx_word' id='word_1_329' title='bbox 220 2267 305 2298; x_wconf 88' lang='lat' dir='ltr'>opus</span> <span class='ocrx_word' id='word_1_330' title='bbox 322 2261 373 2287; x_wconf 88' lang='lat' dir='ltr'>est</span> <span class='ocrx_word' id='word_1_331' title='bbox 389 2256 491 2287; x_wconf 81' lang='lat' dir='ltr'>factis</span> <span class='ocrx_word' id='word_1_332' title='bbox 509 2257 702 2297; x_wconf 84' lang='lat' dir='ltr'>longinquis</span> <span class='ocrx_word' id='word_1_333' title='bbox 716 2266 756 2287; x_wconf 85' lang='lat' dir='ltr'>ac</span> <span class='ocrx_word' id='word_1_334' title='bbox 773 2258 926 2297; x_wconf 82' lang='lat' dir='ltr'>remotis,</span> 
     </span>
     <span class='ocr_line' id='line_1_37' title="bbox 222 2307 925 2347; baseline -0.001 -9"><span class='ocrx_word' id='word_1_335' title='bbox 222 2313 260 2339; x_wconf 88' lang='lat' dir='ltr'>ut</span> <span class='ocrx_word' id='word_1_336' title='bbox 289 2307 501 2344; x_wconf 77' lang='lat' dir='ltr'>ostendatur,</span> <span class='ocrx_word' id='word_1_337' title='bbox 534 2311 695 2347; x_wconf 84' lang='lat' dir='ltr'>quantum</span> <span class='ocrx_word' id='word_1_338' title='bbox 725 2307 861 2346; x_wconf 84' lang='lat' dir='ltr'>possim,</span> <span class='ocrx_word' id='word_1_339' title='bbox 891 2313 925 2338; x_wconf 88' lang='lat' dir='ltr'>te</span> 
     </span>
     <span class='ocr_line' id='line_1_38' title="bbox 219 2358 444 2397; baseline 0 -9"><span class='ocrx_word' id='word_1_340' title='bbox 219 2358 444 2397; x_wconf 84' lang='lat' dir='ltr'>Imperatore.</span> 
     </span>
    </p>

    <p class='ocr_par' dir='ltr' id='par_1_14' title="bbox 219 2407 925 2597">
     <span class='ocr_line' id='line_1_39' title="bbox 263 2407 925 2449; baseline -0.003 -10"><span class='ocrx_word' id='word_1_341' title='bbox 263 2409 403 2449; x_wconf 65' lang='lat' dir='ltr'>Saxone]</span> <span class='ocrx_word' id='word_1_342' title='bbox 448 2408 610 2446; x_wconf 71' lang='lat' dir='ltr'>Saxones,</span> <span class='ocrx_word' id='word_1_343' title='bbox 647 2407 751 2447; x_wconf 86' lang='lat' dir='ltr'>Picti,</span> <span class='ocrx_word' id='word_1_344' title='bbox 788 2407 925 2446; x_wconf 88' lang='lat' dir='ltr'>Franci,</span> 
     </span>
     <span class='ocr_line' id='line_1_40' title="bbox 221 2457 924 2497; baseline -0.003 -8"><span class='ocrx_word' id='word_1_345' title='bbox 221 2459 335 2495; x_wconf 85' lang='lat' dir='ltr'>Suevi,</span> <span class='ocrx_word' id='word_1_346' title='bbox 353 2458 529 2495; x_wconf 85' lang='lat' dir='ltr'>Germani,</span> <span class='ocrx_word' id='word_1_347' title='bbox 545 2458 669 2497; x_wconf 75' lang='lat' dir='ltr'>aliique</span> <span class='ocrx_word' id='word_1_348' title='bbox 687 2457 803 2497; x_wconf 87' lang='lat' dir='ltr'>populi</span> <span class='ocrx_word' id='word_1_349' title='bbox 825 2467 843 2488; x_wconf 87' lang='lat' dir='ltr'>a</span> <span class='ocrx_word' id='word_1_350' title='bbox 858 2458 924 2489; x_wconf 89' lang='lat' dir='ltr'>Sti-</span> 
     </span>
     <span class='ocr_line' id='line_1_41' title="bbox 219 2508 925 2548; baseline 0 -9"><span class='ocrx_word' id='word_1_351' title='bbox 219 2509 353 2540; x_wconf 88' lang='lat' dir='ltr'>lichone</span> <span class='ocrx_word' id='word_1_352' title='bbox 372 2513 430 2539; x_wconf 84' lang='lat' dir='ltr'>aut</span> <span class='ocrx_word' id='word_1_353' title='bbox 449 2509 529 2538; x_wconf 78' lang='lat' dir='ltr'>victi</span> <span class='ocrx_word' id='word_1_354' title='bbox 554 2513 613 2538; x_wconf 80' lang='lat' dir='ltr'>aut</span> <span class='ocrx_word' id='word_1_355' title='bbox 639 2508 820 2548; x_wconf 80' lang='lat' dir='ltr'>compositi</span> <span class='ocrx_word' id='word_1_356' title='bbox 846 2513 925 2540; x_wconf 83' lang='lat' dir='ltr'>suut</span> 
     </span>
     <span class='ocr_line' id='line_1_42' title="bbox 221 2558 632 2597; baseline -0.005 -7"><span class='ocrx_word' id='word_1_357' title='bbox 221 2559 282 2590; x_wconf 89' lang='lat' dir='ltr'>sub</span> <span class='ocrx_word' id='word_1_358' title='bbox 300 2558 459 2597; x_wconf 82' lang='lat' dir='ltr'>auspiciis</span> <span class='ocrx_word' id='word_1_359' title='bbox 478 2559 632 2588; x_wconf 85' lang='lat' dir='ltr'>Honorii.</span> 
     </span>
    </p>

    <p class='ocr_par' dir='ltr' id='par_1_15' title="bbox 222 2607 927 2748">
     <span class='ocr_line' id='line_1_43' title="bbox 263 2607 926 2647; baseline 0 -9"><span class='ocrx_word' id='word_1_360' title='bbox 263 2611 325 2638; x_wconf 82' lang='lat'>395</span> <span class='ocrx_word' id='word_1_361' title='bbox 368 2607 568 2647; x_wconf 80' lang='lat' dir='ltr'>Germanice]</span> <span class='ocrx_word' id='word_1_362' title='bbox 616 2608 723 2638; x_wconf 80' lang='lat' dir='ltr'>Roma</span> <span class='ocrx_word' id='word_1_363' title='bbox 755 2608 926 2639; x_wconf 80' lang='lat' dir='ltr'>blanditur</span> 
     </span>
     <span class='ocr_line' id='line_1_44' title="bbox 223 2657 927 2695; baseline 0 -7"><span class='ocrx_word' id='word_1_364' title='bbox 223 2657 390 2695; x_wconf 87' lang='lat' dir='ltr'>Honorio,</span> <span class='ocrx_word' id='word_1_365' title='bbox 418 2658 493 2687; x_wconf 72' lang='grc' dir='ltr'>«Ιιιηι</span> <span class='ocrx_word' id='word_1_366' title='bbox 525 2664 624 2688; x_wconf 87' lang='lat' dir='ltr'>vocat</span> <span class='ocrx_word' id='word_1_367' title='bbox 647 2668 720 2688; x_wconf 76' lang='lat' dir='ltr'>enin</span> <span class='ocrx_word' id='word_1_368' title='bbox 750 2658 927 2688; x_wconf 85' lang='lat' dir='ltr'>Germani-</span> 
     </span>
     <span class='ocr_line' id='line_1_45' title="bbox 222 2708 926 2748; baseline 0.003 -11"><span class='ocrx_word' id='word_1_369' title='bbox 222 2718 311 2747; x_wconf 75' lang='lat' dir='ltr'>cuni,</span> <span class='ocrx_word' id='word_1_370' title='bbox 327 2708 480 2739; x_wconf 76' lang='lat' dir='ltr'>alludens</span> <span class='ocrx_word' id='word_1_371' title='bbox 497 2708 537 2738; x_wconf 89' lang='lat' dir='ltr'>ad</span> <span class='ocrx_word' id='word_1_372' title='bbox 556 2708 795 2739; x_wconf 85' lang='lat' dir='ltr'>Germanicum</span> <span class='ocrx_word' id='word_1_373' title='bbox 820 2709 926 2748; x_wconf 87' lang='lat' dir='ltr'>illum,</span> 
     </span>
    </p>
   </div>
   <div class='ocr_carea' id='block_1_10' title="bbox 223 2759 926 2803">
    <p class='ocr_par' dir='ltr' id='par_1_16' title="bbox 223 2759 926 2803">
     <span class='ocr_line' id='line_1_46' title="bbox 223 2759 926 2803; baseline 0.004 -14"><span class='ocrx_word' id='word_1_374' title='bbox 223 2759 317 2791; x_wconf 84' lang='lat' dir='ltr'>urbis</span> <span class='ocrx_word' id='word_1_375' title='bbox 333 2761 490 2802; x_wconf 88' lang='lat' dir='ltr'>orbisque</span> <span class='ocrx_word' id='word_1_376' title='bbox 507 2760 661 2801; x_wconf 87' lang='lat' dir='ltr'>delicias,</span> <span class='ocrx_word' id='word_1_377' title='bbox 687 2761 721 2791; x_wconf 90' lang='lat' dir='ltr'>in</span> <span class='ocrx_word' id='word_1_378' title='bbox 746 2770 811 2803; x_wconf 88' lang='lat' dir='ltr'>quo</span> <span class='ocrx_word' id='word_1_379' title='bbox 827 2760 926 2792; x_wconf 89' lang='lat' dir='ltr'>Prin-</span> 
     </span>
    </p>
   </div>
   <div class='ocr_carea' id='block_1_11' title="bbox 979 2156 1687 2800">
    <p class='ocr_par' dir='ltr' id='par_1_17' title="bbox 980 2156 1685 2239">
     <span class='ocr_line' id='line_1_47' title="bbox 980 2156 1685 2198; baseline 0 -11"><span class='ocrx_word' id='word_1_380' title='bbox 980 2157 1059 2197; x_wconf 87' lang='lat' dir='ltr'>cipe</span> <span class='ocrx_word' id='word_1_381' title='bbox 1074 2157 1219 2188; x_wconf 80' lang='lat' dir='ltr'>virtutes</span> <span class='ocrx_word' id='word_1_382' title='bbox 1242 2167 1357 2188; x_wconf 87' lang='lat' dir='ltr'>omnes</span> <span class='ocrx_word' id='word_1_383' title='bbox 1381 2157 1526 2188; x_wconf 85' lang='lat' dir='ltr'>heroicae</span> <span class='ocrx_word' id='word_1_384' title='bbox 1554 2156 1685 2198; x_wconf 88' lang='lat' dir='ltr'>absque</span> 
     </span>
     <span class='ocr_line' id='line_1_48' title="bbox 980 2208 1498 2239; baseline 0.004 -2"><span class='ocrx_word' id='word_1_385' title='bbox 980 2208 1049 2238; x_wconf 88' lang='lat' dir='ltr'>nlla</span> <span class='ocrx_word' id='word_1_386' title='bbox 1064 2208 1137 2238; x_wconf 88' lang='lat' dir='ltr'>vitii</span> <span class='ocrx_word' id='word_1_387' title='bbox 1155 2209 1288 2238; x_wconf 85' lang='lat' dir='ltr'>macula</span> <span class='ocrx_word' id='word_1_388' title='bbox 1305 2208 1498 2239; x_wconf 83' lang='lat' dir='ltr'>elucebant.</span> 
     </span>
    </p>

    <p class='ocr_par' dir='ltr' id='par_1_18' title="bbox 981 2258 1686 2340">
     <span class='ocr_line' id='line_1_49' title="bbox 1023 2258 1686 2299; baseline -0.002 -10"><span class='ocrx_word' id='word_1_389' title='bbox 1023 2261 1087 2289; x_wconf 81' lang='lat'>398</span> <span class='ocrx_word' id='word_1_390' title='bbox 1112 2258 1271 2298; x_wconf 79' lang='lat' dir='ltr'>Crimina]</span> <span class='ocrx_word' id='word_1_391' title='bbox 1310 2259 1509 2298; x_wconf 79' lang='lat' dir='ltr'>Eutropius,</span> <span class='ocrx_word' id='word_1_392' title='bbox 1526 2258 1582 2299; x_wconf 87' lang='lat' dir='ltr'>qui</span> <span class='ocrx_word' id='word_1_393' title='bbox 1597 2267 1686 2288; x_wconf 84' lang='lat' dir='ltr'>novo</span> 
     </span>
     <span class='ocr_line' id='line_1_50' title="bbox 981 2309 1598 2340; baseline -0.002 -1"><span class='ocrx_word' id='word_1_394' title='bbox 981 2309 1123 2340; x_wconf 86' lang='lat' dir='ltr'>crimine</span> <span class='ocrx_word' id='word_1_395' title='bbox 1141 2309 1183 2339; x_wconf 88' lang='lat' dir='ltr'>ad</span> <span class='ocrx_word' id='word_1_396' title='bbox 1201 2310 1411 2340; x_wconf 85' lang='lat' dir='ltr'>consulatum</span> <span class='ocrx_word' id='word_1_397' title='bbox 1432 2309 1598 2340; x_wconf 85' lang='lat' dir='ltr'>evehitur.</span> 
     </span>
    </p>

    <p class='ocr_par' dir='ltr' id='par_1_19' title="bbox 980 2359 1687 2689">
     <span class='ocr_line' id='line_1_51' title="bbox 1027 2359 1687 2400; baseline -0.002 -11"><span class='ocrx_word' id='word_1_398' title='bbox 1027 2359 1205 2399; x_wconf 78' lang='lat' dir='ltr'>Conspiret]</span> <span class='ocrx_word' id='word_1_399' title='bbox 1251 2360 1305 2390; x_wconf 89' lang='lat' dir='ltr'>Ne</span> <span class='ocrx_word' id='word_1_400' title='bbox 1321 2360 1507 2400; x_wconf 86' lang='lat' dir='ltr'>Imperium</span> <span class='ocrx_word' id='word_1_401' title='bbox 1529 2368 1594 2389; x_wconf 91' lang='lat' dir='ltr'>non</span> <span class='ocrx_word' id='word_1_402' title='bbox 1613 2367 1687 2399; x_wconf 85' lang='lat' dir='ltr'>per-</span> 
     </span>
     <span class='ocr_line' id='line_1_52' title="bbox 980 2408 1687 2441; baseline 0 -2"><span class='ocrx_word' id='word_1_403' title='bbox 980 2408 1073 2440; x_wconf 88' lang='lat' dir='ltr'>fecta</span> <span class='ocrx_word' id='word_1_404' title='bbox 1101 2410 1284 2440; x_wconf 84' lang='lat' dir='ltr'>concordia</span> <span class='ocrx_word' id='word_1_405' title='bbox 1313 2409 1444 2441; x_wconf 79' lang='lat' dir='ltr'>fruatur</span> <span class='ocrx_word' id='word_1_406' title='bbox 1460 2410 1492 2440; x_wconf 93' lang='lat' dir='ltr'>in</span> <span class='ocrx_word' id='word_1_407' title='bbox 1518 2413 1590 2440; x_wconf 89' lang='lat' dir='ltr'>toto</span> <span class='ocrx_word' id='word_1_408' title='bbox 1614 2417 1687 2439; x_wconf 80' lang='lat' dir='ltr'>cor-</span> 
     </span>
     <span class='ocr_line' id='line_1_53' title="bbox 981 2460 1685 2500; baseline -0.003 -10"><span class='ocrx_word' id='word_1_409' title='bbox 981 2469 1077 2499; x_wconf 81' lang='lat' dir='ltr'>pore,</span> <span class='ocrx_word' id='word_1_410' title='bbox 1100 2460 1131 2489; x_wconf 92' lang='lat' dir='ltr'>in</span> <span class='ocrx_word' id='word_1_411' title='bbox 1160 2460 1313 2500; x_wconf 85' lang='lat' dir='ltr'>partibus</span> <span class='ocrx_word' id='word_1_412' title='bbox 1338 2460 1518 2497; x_wconf 70' lang='lat' dir='ltr'>omnibns-3</span> <span class='ocrx_word' id='word_1_413' title='bbox 1547 2469 1590 2489; x_wconf 89' lang='lat' dir='ltr'>ne</span> <span class='ocrx_word' id='word_1_414' title='bbox 1618 2468 1685 2488; x_wconf 90' lang='lat' dir='ltr'>non</span> 
     </span>
     <span class='ocr_line' id='line_1_54' title="bbox 980 2510 1686 2549; baseline -0.001 -9"><span class='ocrx_word' id='word_1_415' title='bbox 980 2520 1047 2540; x_wconf 87' lang='lat' dir='ltr'>uno</span> <span class='ocrx_word' id='word_1_416' title='bbox 1064 2516 1099 2541; x_wconf 86' lang='lat' dir='ltr'>et</span> <span class='ocrx_word' id='word_1_417' title='bbox 1117 2511 1234 2540; x_wconf 84' lang='lat' dir='ltr'>eodem</span> <span class='ocrx_word' id='word_1_418' title='bbox 1257 2510 1375 2549; x_wconf 86' lang='lat' dir='ltr'>spiritu</span> <span class='ocrx_word' id='word_1_419' title='bbox 1394 2510 1573 2548; x_wconf 81' lang='lat' dir='ltr'>animoque</span> <span class='ocrx_word' id='word_1_420' title='bbox 1591 2518 1686 2549; x_wconf 79' lang='lat' dir='ltr'>rega-</span> 
     </span>
     <span class='ocr_line' id='line_1_55' title="bbox 982 2558 1687 2599; baseline 0.001 -10"><span class='ocrx_word' id='word_1_421' title='bbox 982 2565 1059 2596; x_wconf 75' lang='lat' dir='ltr'>tur3</span> <span class='ocrx_word' id='word_1_422' title='bbox 1085 2569 1127 2589; x_wconf 91' lang='lat' dir='ltr'>ne</span> <span class='ocrx_word' id='word_1_423' title='bbox 1154 2569 1218 2588; x_wconf 87' lang='lat' dir='ltr'>non</span> <span class='ocrx_word' id='word_1_424' title='bbox 1245 2560 1288 2589; x_wconf 82' lang='lat' dir='ltr'>sit</span> <span class='ocrx_word' id='word_1_425' title='bbox 1304 2558 1527 2597; x_wconf 82' lang='lat' dir='ltr'>fortunatum,</span> <span class='ocrx_word' id='word_1_426' title='bbox 1543 2563 1687 2599; x_wconf 82' lang='lat' dir='ltr'>surgunt</span> 
     </span>
     <span class='ocr_line' id='line_1_56' title="bbox 981 2608 1686 2650; baseline 0.003 -12"><span class='ocrx_word' id='word_1_427' title='bbox 981 2609 1121 2639; x_wconf 84' lang='lat' dir='ltr'>crimina</span> <span class='ocrx_word' id='word_1_428' title='bbox 1148 2609 1181 2639; x_wconf 88' lang='lat' dir='ltr'>in</span> <span class='ocrx_word' id='word_1_429' title='bbox 1214 2609 1375 2648; x_wconf 85' lang='lat' dir='ltr'>Oriente,</span> <span class='ocrx_word' id='word_1_430' title='bbox 1402 2609 1568 2650; x_wconf 89' lang='lat' dir='ltr'>Eutropio</span> <span class='ocrx_word' id='word_1_431' title='bbox 1595 2608 1686 2640; x_wconf 85' lang='lat' dir='ltr'>facto</span> 
     </span>
     <span class='ocr_line' id='line_1_57' title="bbox 983 2658 1144 2689; baseline -0.006 0"><span class='ocrx_word' id='word_1_432' title='bbox 983 2658 1144 2689; x_wconf 78' lang='lat' dir='ltr'>Consule.</span> 
     </span>
    </p>

    <p class='ocr_par' dir='ltr' id='par_1_20' title="bbox 979 2708 1687 2800">
     <span class='ocr_line' id='line_1_58' title="bbox 1025 2708 1687 2749; baseline -0.002 -9"><span class='ocrx_word' id='word_1_433' title='bbox 1025 2712 1088 2741; x_wconf 83' lang='lat'>399</span> <span class='ocrx_word' id='word_1_434' title='bbox 1113 2709 1297 2749; x_wconf 81' lang='lat' dir='ltr'>Repertam]</span> <span class='ocrx_word' id='word_1_435' title='bbox 1340 2708 1410 2740; x_wconf 88' lang='lat' dir='ltr'>Alii</span> <span class='ocrx_word' id='word_1_436' title='bbox 1439 2710 1558 2749; x_wconf 84' lang='lat' dir='ltr'>legunt</span> <span class='ocrx_word' id='word_1_437' title='bbox 1584 2719 1687 2749; x_wconf 77' lang='lat' dir='ltr'>recep-</span> 
     </span>
     <span class='ocr_line' id='line_1_59' title="bbox 979 2758 1686 2800; baseline -0.001 -10"><span class='ocrx_word' id='word_1_438' title='bbox 979 2762 1056 2792; x_wconf 83' lang='lat' dir='ltr'>tam.</span> <span class='ocrx_word' id='word_1_439' title='bbox 1080 2760 1198 2791; x_wconf 87' lang='lat' dir='ltr'>Taceo</span> <span class='ocrx_word' id='word_1_440' title='bbox 1219 2758 1399 2800; x_wconf 83' lang='lat' dir='ltr'>perfidiam</span> <span class='ocrx_word' id='word_1_441' title='bbox 1416 2759 1573 2791; x_wconf 85' lang='lat' dir='ltr'>Gildonis</span> <span class='ocrx_word' id='word_1_442' title='bbox 1596 2759 1686 2790; x_wconf 86' lang='lat' dir='ltr'>male</span> 
     </span>
    </p>
   </div>
  </div>
 </body>
</html>
